2061 3288
574 234 664 277 DE
702 230 1192 276 SPECTACULIS.
1565 229 1592 274 3

313 319 653 382 Dissimuletque
679 321 824 364 Deum
848 318 1056 364 cornibus
1080 333 1156 361 ara
1179 317 1395 379 frequens.

244 394 355 437 Aere
379 408 461 436 nec
485 407 626 435 vacuo
650 390 884 452 pendentia
908 387 1134 434 Mausolea
1582 405 1595 428 5

314 462 542 508 Laudibus
565 461 811 506 immodicis
837 463 972 506 Cares
995 460 1040 504 in
1065 468 1182 503 astra
1204 458 1359 504 ferant.

314 587 436 641 Μηδὲ
461 592 546 636 θεὸν
573 593 713 653 κεραὸς
741 593 876 651 βωμὸς
903 589 1173 633 ἐπαινεσάτω·

244 657 366 712 Μηδὲ
392 665 441 708 τὸ
471 665 715 706 Μαυσωλοῖο
744 664 937 723 μετῃόρον
967 661 1051 720 ’ἠέρι
1071 665 1182 719 σῆμα

314 725 531 793 Ῠψούντων
555 733 651 790 αἴνῳ
676 735 807 794 Κᾶρες
833 731 1063 792 ἀμετρεπέϊ.

176 875 219 910 el.
238 877 272 910 6.
288 875 362 909 Hac
388 875 523 909 ratione
543 883 658 908 motus
675 873 852 915 Raderus,

174 928 360 963 lectionem
378 928 473 962 illam
497 929 587 961 Iones
605 928 747 974 praefert
769 927 852 961 huic

173 990 302 1016 nostrae
320 982 478 1015 Honores.
501 981 636 1015 Petitus
658 981 852 1015 rescriben-

174 1034 260 1068 dum
281 1035 440 1081 conjicit,
459 1035 597 1069 heroaes.
624 1028 711 1075 Ejus
734 1046 852 1067 emen-

173 1087 354 1122 dationem
393 1100 543 1122 asserere
582 1086 724 1121 videtur
761 1087 851 1120 Plin.

173 1141 236 1175 lib.
251 1141 432 1183 XXXVI,
446 1153 476 1175 c.
496 1153 509 1175 1
520 1143 540 1174 6
553 1167 562 1183 ,
578 1150 611 1174 et
624 1153 731 1186 quare
746 1140 852 1172 molles

174 1193 337 1228 dicantur
355 1195 501 1234 lter-ones,
526 1192 686 1235 docebit,
703 1193 766 1226 ubi
785 1193 854 1238 agit

174 1246 218 1280 de
238 1247 360 1280 Dianae
378 1246 509 1292 templo
527 1246 656 1292 Ephesi
674 1258 683 1280 ε
704 1263 718 1276 α
742 1246 852 1291 Operi

173 1300 317 1345 praefuit
354 1299 594 1345 Chersiphron
629 1299 852 1333 architectus.

174 1352 318 1386 Summa
347 1352 535 1395 miracula,
562 1351 722 1399 epistylia
749 1360 852 1386 tantae

174 1406 278 1439 molis
293 1406 403 1439 attolli
420 1405 586 1451 potuisse.
604 1404 646 1439 Id
661 1399 853 1451 consequu-

175 1467 233 1493 tus
248 1467 298 1493 est
309 1459 367 1493 ille
380 1459 571 1493 heronibus
585 1459 714 1492 harena
726 1458 852 1504 plenis,

175 1512 274 1546 molli
293 1512 441 1558 pulvino
461 1525 566 1558 super
584 1512 699 1558 capita
718 1511 851 1545 colum-

175 1577 300 1599 narum
319 1573 544 1611 exaggerato,
566 1573 631 1599 etc.
654 1582 667 1596 n
690 1565 853 1599 Meminit

176 1631 317 1665 quoque
337 1619 511 1652 heronum
535 1631 576 1652 ex
599 1619 677 1652 ulva
703 1619 852 1664 palustri

177 1672 350 1706 factorum
369 1672 550 1705 Vitruvius
565 1672 626 1706 lib.
637 1672 671 1703 V
682 1680 849 1705 extremo.

177 1724 258 1758 Non
293 1723 586 1758 dissimulandum
618 1725 722 1758 etiam
755 1724 852 1770 quod

176 1777 450 1812 Pet.Scriverius
462 1791 589 1811 novam
602 1778 855 1823 interpunctio-

177 1843 257 1864 nem
277 1838 311 1864 et
330 1831 515 1865 lectionem
534 1830 737 1877 excogitarit
755 1843 763 1864 :
784 1831 852 1864 Nec

183 1884 299 1917 Triviae
330 1884 436 1929 templi
464 1884 558 1917 moles
584 1884 752 1917 laudentur·
766 1897 777 1917 .·
795 1884 851 1916 Ιιο-

177 1949 266 1969 nores
286 1937 543 1983 Dissimuletque‚
557 1946 614 1971 ete.
631 1938 765 1970 Verum
780 1949 851 1969 non

177 2002 196 2023 e
224 1998 348 2034 gustu,
372 2003 519 2023 numero
539 1999 574 2024 et
600 1990 731 2024 calamo
756 1990 852 2023 Mar—

178 2042 290 2084 tialis;
315 2042 403 2076 dura
423 2044 528 2077 nimis
552 2052 587 2077 et
612 2043 664 2076 illi
685 2043 850 2076 insolens.

178 2095 294 2128 Μοίίεε
331 2096 460 2129 honores
496 2096 650 2142 intellige
680 2096 776 2141 signa
814 2095 850 2128 in

179 2148 310 2194 templo
339 2149 483 2190 Dianae,
514 2150 712 2191 columnas,
736 2149 852 2195 ipsum

178 2200 330 2247 denique
353 2202 523 2248 templum
546 2215 683 2235 summo
707 2202 853 2236 artificio

178 2254 419 2296 elaboratum;
448 2255 554 2287 molles
577 2264 695 2288 autem
726 2254 853 2288 delica-

180 2307 328 2341 tissimos
341 2315 375 2341 et
388 2308 486 2353 quasi
498 2308 595 2341 vivos
608 2308 853 2353 interpretare.

179 2360 236 2394 Sic
249 2361 348 2406 Virg.
367 2363 446 2394 AEn.
466 2361 540 2401 VI,
560 2376 573 2387 «
595 2359 779 2394 Excudent
796 2361 854 2393 alii

179 2412 344 2458 spirantia
362 2414 506 2447 mollius
521 2425 603 2454 aera,
622 2412 736 2447 Credo
757 2413 855 2458 equi-

180 2465 260 2499 dem
279 2491 289 2507 ,
318 2467 414 2500 vivos
446 2465 576 2500 ducent
607 2465 650 2501 de
683 2479 856 2499 marmore

180 2519 308 2552 vultus.
329 2537 341 2548 n

235 2575 269 2611 4.
290 2573 550 2618 Dlssimuletque,
576 2581 634 2606 etc.
654 2572 733 2605 Non
751 2585 858 2617 usque

180 2622 267 2657 adeo
285 2637 321 2658 se
341 2626 478 2668 efferat,
498 2639 570 2659 non
590 2634 752 2671 tanquam
770 2624 860 2658 (livi-

181 2689 266 2710 num
279 2691 369 2723 opus
381 2692 414 2712 sc
427 2680 544 2723 jactet,
555 2692 664 2725 quum
678 2679 720 2712 ab
732 2678 866 2724 amphi-

912 872 1048 906 theatro
1075 869 1214 904 mortali
1241 882 1347 903 manu
1377 870 1468 904 facto
1499 871 1595 906 illam

910 926 1013 971 longe
1035 932 1233 970 superatam
1255 922 1445 957 videamus.
1459 927 1595 958 --Ara

903 980 1063 1025 frequens.
1078 978 1158 1011 Non
1172 976 1271 1010 Jovis
1282 976 1486 1010 Hammonis
1501 978 1596 1023 apud

912 1032 1148 1073 Nasamonas,
1171 1042 1250 1075 quae
1272 1042 1339 1063 nec
1364 1030 1510 1076 opibus,
1532 1044 1597 1065 nec

910 1093 1090 1119 structura
1113 1091 1187 1117 erat
1210 1083 1371 1128 insignis;
1401 1082 1461 1117 sed
1489 1085 1597 1129 βωμὸς

911 1139 1096 1185 κερατινὸς,
1118 1136 1291 1182 Apollinis
1314 1136 1426 1178 Delii,
1451 1136 1492 1169 ab
1519 1136 1596 1182 ipso

912 1190 1097 1237 quadrimo
1116 1203 1156 1224 ex
1173 1190 1338 1222 cornibus
1354 1188 1596 1235 Cynthiadum

909 1256 1114 1290 caprearum
1139 1256 1157 1276 a
1183 1255 1303 1276 sorore
1332 1242 1595 1277 interfectarum

910 1305 1138 1343 compactus:
1160 1294 1204 1329 de
1232 1308 1303 1341 quo
1330 1294 1460 1329 diserte
1486 1294 1592 1330 Ovid.

909 1350 946 1384 in
983 1364 1037 1396 ep.
1072 1348 1252 1395 Cydippes
1292 1347 1335 1381 ad
1374 1347 1564 1382 Acontium
1582 1361 1592 1383 :

915 1420 928 1433 α
951 1404 1064 1437 Miror
1085 1411 1118 1436 et
1140 1402 1335 1435 innumeris
1355 1409 1525 1435 structam
1548 1401 1593 1435 de

910 1457 1078 1490 cornibus
1099 1467 1206 1489 aram.
1233 1472 1246 1484 ι,

966 1510 998 1544 5.
1019 1508 1087 1543 Ed.
1108 1509 1206 1542 Junt.
1231 1520 1324 1541 anno
1358 1507 1453 1542 1512
1485 1519 1592 1552 penes

909 1564 952 1597 D.
967 1563 1084 1609 Valpy
1103 1562 1140 1595 in
1162 1573 1272 1606 marg.
1294 1561 1401 1594 habet
1416 1561 1588 1602 Moesilea,

911 1617 1009 1662 cujus
1034 1616 1138 1648 etiam
1163 1614 1323 1647 meminit
1342 1614 1476 1647 Marcil.
1495 1613 1590 1647 Vide

908 1669 979 1703 Jul.
998 1669 1119 1702 Front.
1139 1667 1182 1701 de
1203 1667 1390 1700 limitibus.
1409 1688 1461 1696 -—-
1479 1668 1564 1700 Aere
1580 1693 1590 1708 ‚

909 1731 975 1756 etc.
998 1721 1052 1755 Ad
1080 1719 1304 1755 altitudinem
1332 1728 1473 1754 centum
1505 1732 1591 1765 qua-

909 1775 1067 1821 draginta
1086 1774 1218 1820 pedum
1243 1773 1376 1807 sublata
1400 1773 1590 1807 columnis-

909 1841 980 1874 que
1007 1828 1148 1869 innixa,
1176 1839 1384 1872 summoque
1415 1826 1589 1860 cacumini

909 1881 1108 1927 impositam
1133 1878 1339 1926 quadrigam
1353 1906 1363 1922 ‚
1387 1880 1485 1925 cujus
1507 1879 1589 1925 equi

909 1933 1085 1980 suspensis
1117 1933 1178 1967 alis
1208 1932 1327 1965 volare
1363 1931 1586 1966 videbantur.

908 1989 999 2020 Tum
1014 2000 1161 2032 suspensa
1176 1984 1389 2019 dicebantur
1400 2011 1409 2027 ‚
1423 1998 1503 2031 quae
1515 1986 1586 2018 suf-

910 2041 997 2074 fulta
1018 2048 1137 2081 erant,
1167 2056 1181 2069 α
1207 2036 1401 2084 Suspendis
1421 2037 1587 2072 dentibus

910 2094 1015 2128 orbes
1033 2112 1045 2123 u
1060 2119 1068 2134 ‚
1089 2093 1149 2126 lib.
1168 2092 1225 2134 ΙΙ,
1245 2091 1352 2137 epigr.
1374 2090 1434 2132 43.
1451 2112 1502 2118 --
1517 2091 1587 2123 Va-

912 2161 969 2180 cuo
984 2173 992 2189 ‚
1013 2145 1108 2192 quod
1125 2158 1197 2179 non
1215 2144 1405 2178 habitetur.
1424 2144 1540 2178 Poetis
1555 2151 1589 2177 et

912 2200 1097 2246 EpicureIS
1117 2212 1174 2232 aer
1189 2199 1291 2231 inanis
1307 2208 1452 2242 quoque
1470 2197 1590 2242 appel-

912 2253 1004 2287 latur
1031 2261 1065 2286 et
1090 2251 1241 2285 videtur.
1263 2250 1430 2283 Manilius
1450 2261 1458 2283 :
1481 2267 1494 2280 α
1521 2251 1589 2283 Per

913 2306 1031 2340 inania
1063 2305 1149 2339 caeli.
1181 2322 1194 2334 n
1227 2324 1278 2330 —-
1307 2302 1474 2335 lllausolea
1488 2330 1498 2344 ‚
1529 2311 1590 2336 etc.

914 2358 1062 2393 Mausoli
1077 2358 1167 2403 regis
1184 2356 1294 2391 Cariae
1306 2355 1500 2397 tumulum,
1518 2369 1593 2389 mo-

914 2419 1126 2445 numentum
1146 2410 1197 2443 illi
1218 2410 1260 2442 ab
1277 2422 1385 2442 uxore
1405 2409 1593 2443 Artemisia

916 2473 1144 2498 exstructum.

971 2522 1004 2551 (ἦ.
1023 2517 1184 2550 Laudibus
1206 2517 1372 2548 innumeris
1391 2515 1427 2548 in
1452 2514 1596 2560 quibus-

918 2570 997 2604 dam
1006 2570 1090 2604 edit.
1099 2579 1166 2603 vet.
1177 2569 1347 2602 immodicis
1357 2569 1391 2602 in
1403 2566 1506 2601 codd.
1516 2580 1596 2600 cum

923 2623 1001 2658 Ald.
1032 2625 1132 2656 Junt.
1159 2623 1296 2669 Gryph.
1323 2631 1389 2656 etc.
1418 2642 1470 2648 --
1501 2620 1597 2653 Care.»-

924 2690 1008 2711 x‘ero
1044 2677 1159 2710 Asiam
1186 2676 1363 2709 minorem
1399 2674 1601 2708 habitarunt

1377 2745 1388 2760 2

1339 2763 1353 2790 Ι
