2061 3288
434 181 1019 226 EPIGRAMMATUM
1057 181 1183 224 LIB.
1223 182 1254 223 I.
1488 179 1552 242 95

350 271 576 316 Obscurus
607 270 774 315 umbris
800 271 1020 315 arborum.

280 342 464 387 Avidam
498 342 643 402 rigens
675 343 899 387 Dircenna
928 340 1116 403 placabit
1147 341 1286 396 sitim,

351 414 408 456 Et
438 413 630 467 Nemea,
651 430 746 474 quae
777 414 910 458 vincit
942 415 1074 456 nives.

281 486 337 528 At
367 500 500 544 quum
533 485 780 529 December
811 501 970 532 canus,
996 493 1039 527 et
1062 483 1218 527 bruma
1250 483 1466 543 impotens

352 554 566 615 Aquilone
589 571 722 600 rauco
746 557 936 616 mugiet3

283 627 443 687 Aprica
470 636 638 686 repetes
661 628 918 671 Tarraconis
943 626 1087 669 littora
1103 660 1114 679 ‚

351 698 577 756 Tuamque
602 697 887 742 Laletaniam.

283 767 349 811 Ibi
372 766 555 828 illigatas
580 767 783 812 mollibus
808 768 958 812 damas
982 767 1119 828 plagis

356 839 596 892 Mactabis,
620 848 664 883 et
691 855 848 883 vernas
874 855 1002 899 apros
1018 873 1029 891 ,

285 911 589 970 Leporemque
618 910 720 954 forti
750 909 954 955 callidum
985 926 1162 970 rumpes
1190 925 1328 969 equo:
1532 923 1563 947 25

358 983 525 1024 Cervos
550 980 766 1041 relinques
788 981 947 1026 villico.

285 1052 443 1095 Vicina
464 1053 508 1095 in
530 1053 671 1112 ipsum
694 1052 813 1113 sylva
834 1051 1067 1097 descendet
1090 1051 1237 1096 focum

149 1198 266 1230 Αἶα-[ιω
284 1209 415 1229 serenos.
436 1197 577 1230 Calores
594 1197 729 1231 aestivos
741 1223 750 1239 ‚
765 1198 827 1243 qui

148 1250 367 1284 serenocaelo
375 1257 457 1283 sunt
471 1251 635 1295 majores,
650 1251 828 1295 mitigabis

150 1316 264 1337 merso
278 1303 316 1336 in
331 1303 428 1348 aquis
442 1303 526 1348 Tagi
542 1316 701 1349 corpore,
715 1313 828 1337 tectus

150 1365 184 1390 et
210 1357 320 1390 latens
343 1357 409 1390 sub
437 1356 620 1390 arboribus
647 1356 691 1390 ad
714 1357 829 1402 ripam

150 1410 306 1444 consitis.
334 1426 387 1432 —-
416 1410 526 1443 Aureo
553 1411 689 1455 franges
724 1411 828 1454 Tago.

150 1463 283 1508 Tagus,
308 1463 340 1496 T
339 1466 408 1502 aio,
431 1462 559 1497 fluvius
577 1463 754 1509 Hispaniae
774 1476 829 1497 ce-

151 1517 358 1550 leberrimus
367 1543 376 1558 ,
386 1517 499 1553 oritur
511 1516 548 1550 in
557 1517 705 1551 Castella
718 1529 811 1550 nova
820 1543 830 1558 ‚

153 1577 188 1602 et
203 1569 338 1603 duabus
354 1569 446 1602 infra
460 1570 709 1616 Ulisipponem
725 1571 831 1604 leucis

153 1622 296 1656 Oceano
331 1623 496 1656 miscetur
513 1636 523 1665 ;
556 1636 674 1657 aureas
711 1636 832 1657 arenas

154 1688 237 1709 eum
251 1676 392 1709 volvere
409 1688 534 1709 omnes
549 1685 708 1711 auctores
728 1686 762 1711 et
778 1690 834 1711 ex-

153 1729 326 1774 perientia
344 1741 439 1762 nunc
458 1728 574 1764 docet.

213 1794 226 1814 1
236 1795 270 1827 7.
286 1782 358 1815 Alii
375 1795 477 1814 recens
498 1783 633 1815 Decreta
648 1809 655 1821 ,
674 1783 730 1816 vel
746 1784 832 1816 Der-

155 1843 223 1868 ceta
238 1862 247 1876 ,
271 1836 328 1868 vel
347 1836 495 1868 Dercelia
506 1850 517 1875 ;
540 1837 597 1869 alii
608 1837 745 1879 frigens.
765 1835 832 1870 Sed

155 1887 228 1922 duo
247 1889 368 1922 Palatt.
383 1889 506 1934 legunt
520 1892 624 1934 rigens
638 1890 805 1923 Der-cenna
822 1917 831 1930 ‚

157 1954 230 1975 non
251 1943 413 1975 Dircenna
427 1969 436 1982 ,
460 1951 500 1975 ut
519 1952 569 1975 est
590 1943 627 1975 in
646 1942 728 1976 edd.
748 1951 831 1976 vett.

157 2011 209 2017 -
232 1996 404 2029 Dircenna.
434 1995 526 2028 Fons
551 1996 729 2041 Hispaniae
749 1996 833 2042 geli-

160 2047 337 2090 dissimus,
352 2047 446 2094 apud
462 2049 618 2082 Bilbilim
638 2050 760 2083 urbem
772 2075 782 2090 ‚
797 2050 834 2082 in

160 2101 321 2134 Salonem
338 2100 484 2134 fluvium
504 2102 633 2136 labens.

219 2167 232 2187 1
243 2155 275 2188 8.
293 2155 418 2188 Palatt.
435 2155 557 2188 Nutha.
569 2177 622 2181 —-
640 2156 689 2188 Et
705 2156 834 2189 Nemea.

160 2207 242 2241 Sive
266 2207 406 2249 Nutha3
425 2208 501 2241 fons
530 2220 669 2254 quoque
695 2208 836 2254 gelidis-

160 2261 280 2295 simus.

220 2327 278 2359 19.
291 2314 408 2348 Canus.
429 2313 536 2348 Albus
557 2323 708 2360 propter
726 2314 835 2348 nives.

163 2388 215 2393 —
233 2368 401 2412 Impoteus.
417 2367 511 2401 Saeva
534 2376 659 2413 praeter
678 2366 836 2401 modum.

217 2433 276 2454 21.
312 2422 447 2466 Aprica.
480 2421 554 2454 Soli
588 2421 755 2466 exposita.
787 2436 838 2442 --

171 2474 369 2507 Tarraconis.
387 2474 449 2508 Est
467 2475 551 2507 urbs
570 2473 734 2507 clementi
754 2474 838 2507 caelo

163 2526 317 2571 subjecta
329 2552 337 2568 ,
357 2528 394 2560 in
412 2540 473 2561 ora
491 2527 723 2568 Catalauniae,
747 2527 840 2560 inter

165 2579 395 2614 Barcinonem
428 2589 463 2614 et
499 2582 683 2615 Dertusam
701 2593 711 2621 ;
743 2592 840 2614 nunc

171 2642 203 2673 T
201 2653 368 2685 arragone.

945 1210 1003 1229 22.
1033 1197 1194 1241 Tuamque
1215 1196 1419 1228 Lacetaniam
1444 1195 1480 1227 in
1505 1194 1569 1227 Pa-

886 1250 959 1283 latt.
974 1266 1026 1271 —
1039 1250 1252 1282 Laletaniam.
1270 1248 1430 1282 Laletani
1443 1248 1565 1294 populi

887 1303 985 1336 fuere
1001 1302 1178 1348 Hispaniae
1200 1303 1341 1335 Tarrac.
1360 1302 1453 1335 inter
1468 1300 1566 1334 Indi-

887 1365 979 1401 getes
997 1355 1040 1389 ad
1056 1364 1173 1389 ortum
1196 1364 1228 1388 et
1243 1356 1433 1389 Cosetanos
1449 1354 1492 1388 ad
1509 1368 1567 1388 oc-

888 1422 1003 1443 casum
1020 1434 1028 1445 ‚
1054 1409 1116 1442 ubi
1138 1420 1235 1442 nunc
1260 1421 1383 1454 magna
1410 1420 1490 1454 pars
1517 1417 1569 1441 est

889 1462 1125 1503 Catalauniae,
1164 1463 1257 1495 inter
1291 1460 1496 1495 Gerundam
1535 1470 1570 1495 et

889 1517 1123 1549 Tarraconem
1134 1543 1143 1556 ‚
1160 1524 1194 1549 et
1209 1528 1328 1549 versus
1348 1528 1445 1548 oram
1463 1514 1569 1547 maris

889 1569 1155 1603 Mediterranei.
1182 1569 1271 1602 Plin.
1297 1569 1358 1602 lih.
1382 1569 1458 1610 III,
1476 1580 1503 1601 c.
1534 1568 1568 1601 3.

891 1622 986 1656 Vide
1005 1635 1148 1669 quoque
1167 1635 1243 1668 sup.
1264 1623 1373 1667 epigr.
1391 1634 1502 1655 xxx-11.

945 1681 1003 1717 24.
1018 1676 1086 1709 Alii
1103 1689 1233 1716 vernos,
1250 1676 1456 1717 Turnebus,
1472 1675 1569 1708 Gru-

891 1739 1006 1770 terus,
1028 1729 1085 1762 alii
1107 1730 1229 1775 legunt
1249 1742 1364 1761 vernas
1385 1742 1488 1773 apros.
1517 1743 1568 1750 —·

893 1783 1017 1815 Vernas
1036 1796 1140 1827 apros.
1159 1783 1236 1816 Hoc
1257 1791 1308 1815 est
1323 1808 1331 1823 ‚
1352 1782 1423 1815 illic
1444 1791 1543 1815 natos
1559 1794 1567 1814 ε

889 1836 1011 1881 legunt
1029 1835 1087 1868 alii
1103 1849 1242 1875 werno-w
1269 1836 1359 1868 male
1377 1848 1455 1868 meo
1473 1834 1569 1880 judi-

891 1889 945 1922 cio
964 1914 973 1930 ,
1016 1901 1124 1933 quum
1163 1888 1208 1922 de
1249 1889 1365 1922 hieme
1404 1888 1568 1933 loquatur

892 1942 1009 1976 Poeta.

948 1996 1007 2028 25.
1027 1996 1069 2027 In
1090 1993 1302 2040 quibusdam
1321 2006 1464 2039 rumpens
1480 2007 1569 2039 equo.

892 2070 944 2074 —
962 2049 1108 2093 Rumpes.
1129 2048 1341 2093 Defatigabis
1364 2059 1403 2080 ac
1430 2046 1571 2081 tandem

892 2101 1053 2147 perimes,

951 2157 1010 2188 26.
1033 2154 1148 2188 Cervos
1167 2155 1331 2200 relinques.
1354 2154 1436 2187 Non
1455 2166 1572 2187 come-

895 2207 1048 2248 dendos,
1072 2206 1134 2242 sed
1162 2206 1352 2252 captandos
1373 2221 1380 2239 z
1406 2206 1573 2240 currendi

896 2261 1055 2294 celeritas
1075 2287 1084 2302 ‚
1117 2271 1151 2293 et
1189 2260 1377 2293 difficultas
1410 2259 1573 2306 capiendi

896 2314 984 2348 mire
998 2313 1174 2348 delectant
1182 2323 1384 2347 venatorem
1396 2325 1406 2355 3
1422 2323 1574 2359 utraque

897 2369 1008 2413 major
1022 2368 1058 2400 in
1076 2368 1236 2413 leporina
1252 2379 1357 2413 quam
1376 2367 1412 2400 in
1434 2368 1574 2401 cervina

895 2421 1096 2454 venatione.

916 2466 918 2469 ,
953 2486 1010 2519 27.
1033 2473 1216 2507 Descendet.
1238 2474 1345 2515 Quasi
1367 2481 1493 2520 sponte
1514 2485 1575 2506 sua

898 2527 993 2572 ligna
1031 2527 1125 2560 silvae
1164 2527 1280 2560 focum
1318 2534 1487 2572 agrestem
1521 2526 1576 2558 in-

899 2589 1052 2622 struent3
1063 2581 1162 2613 facile
1170 2579 1317 2613 domum
1327 2580 1576 2626 portabuntur,

902 2633 982 2678 quia
999 2634 1034 2666 in
1049 2634 1261 2679 propinquo.
