2061 3288
448 223 560 252 val
756 208 1116 251 RECENSUS
1154 209 1572 253 EDITIONUM

444 296 514 341 Cf.
555 295 784 356 Lengnich
822 296 1021 356 Beitragc
1061 304 1169 355 part.
1210 311 1268 349 11,
1301 312 1396 357 pag.
1438 313 1554 352 122,
1590 308 1632 342 et
1662 297 1872 345 Maittarii

441 365 596 411 Annal.
622 376 793 427 typogr.
814 368 862 409 T.
889 382 930 422 1,
960 382 1058 426 pag.
1090 381 1202 427 291.

519 463 533 491 1
548 449 609 508 47
626 463 661 491 1.
686 449 939 497 Ferrarioe,
968 450 1004 497 4.
1029 446 1091 488 Μ.
1110 444 1205 489 Val.
1228 445 1441 490 Martialis
1464 448 1793 509 epigrammata.
1818 453 1869 493 In

438 517 554 561 fine:
577 520 659 561 Hic
691 518 952 561 terminatur
988 526 1130 560 totum
1163 533 1274 578 opus
1304 518 1518 562 Martialis
1536 519 1721 574 Valerii,
1752 522 1870 581 quod

437 589 688 633 continetur
719 590 761 632 in
789 587 1121 649 quatuordecim
1149 586 1269 632 libris
1299 589 1577 649 partialibus„
1607 591 1868 652 impressum

438 661 669 712 Ferrariae,
701 659 771 703 die
798 659 988 703 secunda
1013 658 1135 714 Julii,
1163 675 1212 703 M.
1244 675 1394 703 LXXI»
1426 655 1713 715 (centenariis
1740 664 1867 707 omis-

437 731 531 787 sis).
556 733 661 774 Haec
685 730 819 774 editio
845 747 935 773 non
962 739 1025 773 est
1053 731 1255 790 repetitio
1280 731 1590 791 praecedentis,
1613 733 1687 776 sed
1710 750 1762 776 ex
1785 733 1869 787 alio

430 801 572 857 libro,
602 818 740 862 eoque
770 800 896 844 valde
922 801 1095 845 diverso
1122 800 1276 857 ducta,
1303 817 1456 846 carens
1484 801 1595 847 libro
1622 803 1675 847 de
1700 815 1866 865 specta-

434 872 554 917 culis.
583 873 782 916 Andreas
812 871 965 916 Gallus
984 908 995 928 ,
1028 882 1130 916 ante
1160 889 1290 932 quem
1331 889 1461 917 nemo
1492 875 1699 918 Ferrariae
1730 886 1867 920 artem

432 944 696 1006 typograph.
727 944 948 999 exercuit,
977 943 1107 1003 hujus
1137 943 1239 987 edit.
1276 944 1514 1004 impressor
1543 945 1744 990 habetur.
1764 947 1865 991 Vid.

434 1016 628 1059 Maittar.
656 1013 814 1058 Annal.
839 1024 1013 1075 typogr.
1028 1016 1076 1057 T.
1101 1030 1138 1069 1,
1159 1031 1201 1075 p.
1230 1012 1345 1075 307.

509 1093 654 1157 1473.
688 1097 899 1138 Romana
927 1110 967 1149 1,
1002 1092 1073 1137 fol.
1096 1119 1164 1126 ——
1185 1096 1312 1137 Hanc
1346 1094 1589 1139 Scriverius
1627 1096 1670 1139 in
1712 1095 1864 1141 caeluin

429 1165 632 1210 laudibus
659 1164 783 1210 tollit.

509 1248 654 1308 1474.
682 1248 894 1289 Romana
926 1260 985 1296 11,
1011 1243 1082 1288 fol.
1123 1261 1201 1305 per
1236 1247 1301 1288 Jo.
1330 1245 1573 1306 Gensberg.
1603 1248 1748 1290 Prima
1771 1247 1864 1292 haec

428 1317 511 1361 fuit
541 1318 740 1361 recensio
761 1316 878 1377 justa
895 1351 906 1371 ‚
936 1332 1032 1376 quae
1059 1332 1160 1359 cum
1186 1317 1368 1360 Domitii
1400 1315 1643 1374 Calderini,
1673 1319 1864 1379 quinque

430 1389 554 1432 MSS.
588 1387 726 1432 Codd.
754 1387 820 1431 usi
838 1422 849 1438 ,
887 1387 1215 1430 commentariis
1245 1387 1299 1430 ad
1331 1389 1618 1431 Laurentium
1645 1389 1860 1433 Medicem

427 1459 590 1520 prodiit
613 1460 787 1511 Romae,
816 1474 897 1501 nee
911 1459 1130 1511 venetiis,
1159 1468 1208 1501 ut
1229 1458 1406 1518 quidam
1430 1468 1600 1519 putant.
1627 1459 1693 1503 Cf.
1718 1462 1861 1521 Long-

426 1531 531 1574 nich
556 1531 686 1574 Beitr.
718 1539 826 1589 part.
854 1545 909 1581 11,
932 1546 972 1589 p.
1012 1545 1025 1572 1
1042 1546 1118 1572 22.

507 1613 649 1673 1474.
676 1613 880 1665 Veneta,
923 1609 995 1653 fol.
1029 1609 1211 1652 Domitii
1249 1607 1469 1652 Calderini
1505 1611 1860 1654 Commentarius

429 1683 473 1725 in
504 1681 754 1726 Martialem
776 1681 990 1737 ‚Venetiis
1013 1716 1024 1733 .,
1061 1696 1131 1740 ap.
1167 1679 1382 1723 Jacobum
1415 1679 1468 1723 de
1500 1681 1681 1724 Rubeis.
1720 1681 1857 1726 Catal.

426 1752 535 1797 Bibl.
571 1754 714 1798 Hasaei
752 1752 867 1796 Prof.
907 1752 1154 1795 Bremensis
1190 1750 1327 1794 Class.
1363 1767 1434 1805 iv,
1465 1753 1558 1795 crit.
1590 1768 1688 1813 pap.
1726 1750 1823 1798 503
1848 1790 1859 1803 .

425 1842 466 1868 n.
506 1823 583 1870 85.

508 1906 650 1965 1474.
686 1905 864 1948 Veneta
904 1919 968 1957 11,
1004 1900 1078 1945 fol.
1111 1918 1142 1944 s.
1177 1903 1220 1955 4.
1264 1901 1364 1961 maj.
1406 1899 1504 1945 «M,
1536 1904 1588 1945 V,
1630 1897 1858 1957 Martialis,

428 1976 809 2037 Epigrammatum
849 1990 960 2034 opus
999 1990 1099 2016 cuin
1130 1974 1449 2015 commentario
1488 1974 1658 2033 integro
1690 1975 1855 2017 Domit.

429 2046 649 2091 Calderini
685 2055 728 2089 et
758 2044 1010 2088 defensione
1037 2044 1141 2103 ejus.
1160 2044 1380 2096 Venetiis,
1412 2060 1489 2104 per
1518 2044 1618 2087 Joh.
1646 2043 1699 2087 de
1727 2044 1856 2088 Colo-

430 2119 550 2161 nia.»
583 2118 652 2161 Sic
683 2116 842 2177 legitur
873 2116 937 2159 tit.
966 2117 1009 2158 in
1041 2116 1134 2158 Cat.
1172 2112 1278 2156 Bibl.
1318 2115 1458 2158 Hasaei
1489 2114 1623 2158 Class.
1655 2130 1718 2168 iv,
1745 2116 1858 2158 inter

429 2188 562 2232 libros
595 2198 761 2249 quartae
802 2187 953 2230 formae
986 2203 1025 2246 p.
1064 2183 1160 2229 523
1184 2220 1195 2240 ‚
1228 2201 1268 2226 n.
1309 2183 1369 2230 35
1391 2221 1402 2237 ‚
1435 2195 1477 2228 et
1507 2185 1562 2230 cf.
1596 2186 1854 2247 Lengnichii

430 2261 559 2303 Beitr.
585 2261 628 2302 P.
654 2275 710 2313 117
734 2276 773 2319 p.
808 2274 914 2302 122.
938 2258 1052 2300 Huic
1074 2257 1207 2316 igitur
1230 2255 1406 2299 editioni
1425 2256 1515 2315 jam
1539 2256 1769 2316 subjuncta
1792 2267 1856 2300 est

427 2330 621 2373 defensio
645 2330 854 2373 adversus
879 2329 973 2373 Nic.
1001 2330 1241 2371 Perottum.

510 2407 650 2470 1475.
677 2413 854 2454 Veneta
888 2426 962 2460 111,
994 2408 1066 2453 fol.
1103 2425 1180 2469 per
1200 2411 1264 2451 Jo.
1290 2407 1342 2451 dc
1367 2407 1566 2452 Colonia.
1592 2407 1690 2451 Vid.
1719 2410 1855 2468 Leng-

427 2481 543 2525 nich.
574 2480 598 2523 l.
629 2497 663 2523 c.

510 2560 645 2618 1478.
674 2559 920 2603 Mediolan.
951 2576 987 2609 1..
1015 2558 1085 2602 fol.
1116 2576 1193 2620 per
1216 2558 1324 2602 Phil.
1353 2559 1405 2601 de
1432 2559 1667 2619 Lavagnia.

511 2640 651 2695 1430.
678 2642 851 2683 Vellem
880 2655 923 2682 iv
942 2674 952 2685 ,
985 2637 1052 2681 sol.
1083 2655 1118 2681 c.
1146 2641 1275 2682 Dom.
1310 2637 1431 2681 Cald.
1461 2637 1544 2680 def.
