2061 3288
475 185 575 242 [464
859 188 1086 233 MVAL.
1127 189 1516 234 MARTIALIS

543 274 816 335 Dicebatque
837 277 924 320 suis
946 277 1040 321 haec
1070 286 1239 321 tantuin
1265 276 1412 321 deesse
1442 280 1645 323 trecentis
1661 314 1673 333 ,

615 347 679 390 Ut
703 355 850 407 posset
873 348 1068 391 Domino
1094 347 1301 409 plaudere
1316 348 1458 407 justus
1479 366 1623 410 eques.

545 418 710 460 Praetor
733 418 792 461 ait
815 434 823 460 ε
852 418 944 462 Scis
974 434 1043 462 me
1066 420 1256 480 Scorpo,
1276 417 1516 480 Thalloque
1541 420 1770 476 daturum3

613 488 756 549 Atque
785 488 950 531 utinam
982 499 1158 534 centum
1188 489 1320 533 millia
1352 488 1443 534 sola
1472 489 1634 535 darem.

542 557 613 601 Ah
641 556 777 619 pudet
802 559 1004 620 ingratae,
1034 560 1170 621 pudet
1202 561 1258 604 ah
1283 560 1395 604 male
1424 560 1570 606 divitis
1595 559 1727 606 arcae!

615 629 748 686 Quod
773 646 862 673 non
888 631 952 674 vis
979 632 1138 691 equiti,
1160 633 1223 675 vis
1250 631 1377 687 dare,
1402 633 1587 688 Praetor,
1612 632 1753 693 equo?

471 770 520 802 Ut
539 769 605 802 sibi
624 768 721 804 daret
745 771 968 816 precabatur,
990 770 1051 804 sed
1077 772 1149 805 fru-

473 823 668 856 ικ’11“11.Ε1).-
682 823 975 865 ζἀηαΝέῑε·1“1,ε1(ῖΙ
984 824 1151 857 canitiem

472 874 658 920 producta.
670 875 763 909 Vide
780 877 839 910 lib.
853 878 889 914 I.
900 889 956 922 ep.
969 890 1047 918 xw,
1064 891 1096 910 v.
1117 891 1149 910 2.

526 928 562 962 3.
593 930 677 962 lloec
710 937 828 962 tantum
862 930 965 963 deesse
994 933 1148 964 trecentis.

470 982 605 1015 Census
633 983 803 1028 equestris
822 991 896 1016 erat
915 982 1150 1029 quadringen-

471 1043 589 1068 torum
615 1037 834 1069 sestertium:
858 1045 1013 1069 trecenta
1034 1045 1150 1070 autem

472 1097 610 1121 tantum
644 1089 793 1122 habehat
818 1089 980 1131 Gaurus;
1009 1098 1149 1123 centum

470 1141 577 1186 igitur
589 1154 607 1174 a
621 1142 773 1175 Praetore
789 1143 998 1188 postulabat.
1018 1143 1151 1176 Potuis-

469 1203 521 1227 set
540 1203 655 1227 tamen
675 1196 749 1229 sine
775 1196 844 1228 ulla
870 1196 1039 1240 petitione
1058 1196 1150 1230 inter

469 1247 738 1293 quatuordecim
768 1248 911 1282 ordines
946 1248 1086 1290 sedere,
1121 1249 1149 1282 si

470 1313 597 1334 nomen
611 1302 737 1346 equitis
756 1302 984 1335 honorarium
1002 1303 1151 1348 accepis-

470 1363 521 1387 set
540 1368 558 1388 a
574 1355 741 1399 Principe
754 1382 762 1396 ,
784 1364 821 1388 ut
837 1355 987 1388 diximus
1002 1354 1046 1388 de
1059 1356 1151 1388 Mar-

470 1408 550 1440 tiale
565 1433 574 1449 ,
594 1408 654 1441 lib.
675 1409 729 1441 ΙΙΙ
742 1434 749 1448 ,
773 1409 1021 1454 epigrammate
1043 1421 1119 1441 xcvl
1137 1434 1148 1450 ,

470 1473 572 1494 versu
600 1473 654 1493 10.
674 1461 740 1494 En.

524 1519 556 1554 4.
570 1514 610 1546 Ι11
622 1513 830 1547 Beverlandi
841 1515 913 1548 MS.
925 1516 1030 1558 jussas
1039 1528 1147 1560 φαίης,-

467 1575 502 1600 et
517 1567 565 1600 sic
581 1566 662 1600 Ald.
678 1568 779 1600 Junt.
798 1568 911 1601 Colin.
931 1568 1068 1613 Gryph.
1089 1568 1150 1600 Ju-

467 1620 560 1652 nian.
574 1620 682 1665 Lang.
696 1629 761 1653 etc.
781 1621 883 1654 Conf.
900 1621 958 1654 lib.
981 1622 997 1652 I
1011 1647 1019 1661 ‚
1037 1621 1146 1665 epigr.

467 1686 538 1706 CIV.
560 1673 677 1705 Verba
697 1676 803 1718 jussus
833 1682 867 1707 et
888 1675 995 1718 justus
1022 1674 1145 1719 passim

466 1734 723 1771 permutantur.
735 1747 786 1752 —
802 1728 950 1760 Lamino.
966 1728 1018 1759 De
1031 1739 1146 1771 super-

468 1779 524 1813 bia
544 1779 736 1812 Domitiani
755 1793 871 1824 regesti
892 1778 1147 1825 dominumque

466 1845 501 1865 se
521 1833 806 1877 vocarijubentis
819 1858 827 1873 ‚
846 1831 926 1865 vide
942 1845 1017 1878 quae
1036 1832 1146 1865 adno-

466 1886 614 1918 tavimus
625 1898 740 1931 supra,
760 1886 870 1931 epigr.
886 1899 950 1918 xxx
962 1911 971 1927 ‚
991 1899 1039 1919 vs.
1054 1890 1073 1926 ,4
1085 1911 1094 1926 ‚
1112 1894 1145 1919 et

470 1938 588 1972 multis
608 1939 683 1971 aliis
702 1939 738 1971 in
761 1939 856 1972 locis.
884 1939 950 1972 En.
977 1955 1024 1959 -
1042 1939 1145 1972 Plau-

468 1993 540 2024 dere
552 1994 658 2036 justus
677 2005 778 2037 eques.
801 1992 911 2025 Moris
930 2000 1003 2025 erat
1020 1993 1145 2037 plausu

466 2046 545 2079 laeto
560 2045 718 2090 excipere
737 2045 829 2078 viros
842 2045 977 2078 nobiles
998 2045 1033 2077 in
1055 2045 1147 2078 thea-

465 2107 558 2131 trum
595 2097 820 2143 prodeuntes.
853 2098 910 2131 Sic
938 2097 1144 2131 -advenienti

467 2151 591 2185 Caesari
602 2150 789 2196 plaudebat
806 2152 968 2196 populus.
983 2152 1061 2198 Lib.
1080 2152 1144 2192 VI,

466 2206 673 2250 epigramm.
688 2217 807 2246 xxxiv,
826 2217 877 2238 vs.
901 2206 939 2238 5:
961 2222 974 2233 «
989 2205 1144 2249 Quaeque

465 2266 592 2291 sonant
618 2258 724 2302 pleno
749 2270 924 2303 vocesque
952 2270 1144 2302 manusque

466 2311 602 2344 theatro
627 2311 747 2352 Quum
768 2311 921 2356 populus
943 2310 1049 2343 subiti
1069 2311 1144 2344 Cae-

466 2364 550 2396 saris
581 2376 641 2396 ora
668 2363 775 2397 videt.
803 2380 816 2392 »
848 2364 999 2396 Volebat
1029 2372 1144 2396 autem

466 2416 603 2450 Gaurus
622 2416 749 2450 Caesari
765 2415 935 2461 plaudere
955 2416 1047 2449 inter
1064 2429 1145 2461 qna-

466 2469 663 2502 tum-decim
686 2469 827 2502 ordines
847 2468 988 2509 sedens,
1015 2482 1086 2501 non
1108 2470 1142 2501 in

466 2523 594 2555 infimis
610 2522 735 2555 theatri
754 2522 937 2555 subselliis.
960 2543 1010 2548 -α
1031 2523 1141 2554 justas

463 2589 562 2620 eques.
590 2575 736 2619 Integris
755 2575 975 2620 equestribus
998 2575 1141 2608 faculta-

463 2630 556 2661 tibus
575 2641 614 2661 ex
636 2628 710 2673 lege
731 2628 864 2660 Rosciar

1266 771 1298 804 5.
1314 770 1427 816 Strope
1443 770 1653 806 Beverlandi
1669 771 1742 806 MS.
1764 773 1892 807 lelio-

1210 837 1268 869 que
1290 825 1437 857 (laturum
1460 824 1494 856 in
1512 824 1592 859 edd.
1609 833 1693 859 vett.
1715 826 1890 872 Thalloque

1212 876 1361 910 debetur
1372 877 1512 924 Lipsio,
1529 879 1642 924 Epist.
1656 879 1788 919 Quaest.
1800 880 1838 920 I,
1856 880 1888 913 5.

1211 951 1260 956 —
1283 930 1414 975 Scorpo.
1444 930 1594 976 Scorpus
1627 932 1756 964 nobilis
1786 944 1892 977 equo-

1209 995 1288 1016 rum
1307 983 1476 1029 agitator,
1498 984 1688 1017 Domitiani
1710 992 1890 1030 tempore,

1209 1035 1303 1069 idem
1322 1045 1395 1069 erat
1414 1049 1518 1081 quem
1540 1036 1649 1070 desset
1669 1038 1775 1071 Poeta
1794 1051 1890 1072 mor'·

1210 1096 1309 1122 tuum
1320 1115 1329 1130 ‚
1347 1090 1407 1122 lib.
1423 1090 1455 1122 X
1468 1115 1476 1130 ⁷
1487 1089 1596 1135 epigr.
1611 1103 1649 1131 1.;
1662 1092 1761 1135 cujus
1777 1091 1888 1136 epita-

1210 1141 1333 1187 phium
1354 1142 1473 1176 scribit
1492 1142 1569 1176 eod.
1589 1144 1649 1176 lib.
1666 1144 1774 1189 epigr.
1795 1156 1866 1177 L111
1879 1170 1888 1186 ,

1208 1196 1306 1239 cujus
1329 1204 1362 1229 et
1390 1196 1548 1241 ingentes
1570 1205 1723 1241 quaestus
1744 1209 1888 1230 enume-

1208 1258 1260 1281 rat
1285 1249 1396 1294 epigr.
1419 1261 1548 1289 Lxx1v‚
1576 1262 1624 1282 vs.
1658 1251 1676 1282 5
1697 1262 1704 1282 ;
1732 1266 1745 1279 «
1765 1250 1888 1291 Quum

1207 1301 1358 1347 Scorpus
1376 1314 1443 1334 una
1454 1300 1655 1347 quindecim
1667 1315 1787 1347 graves
1802 1303 1888 1336 hora

1208 1353 1389 1388 Ferventis
1419 1355 1493 1388 auri
1519 1355 1632 1388 victor
1658 1356 1783 1388 afferat
1816 1369 1887 1389 sac-

1207 1420 1276 1440 cos.
1306 1426 1318 1437 »
1354 1408 1462 1453 Cujus
1493 1416 1527 1441 et
1562 1408 1724 1441 meminit
1755 1408 1817 1442 lib.
1841 1410 1886 1450 V,

1208 1461 1317 1505 epigr.
1354 1473 1443 1497 xxv,
1472 1474 1520 1494 vs·
1559 1472 1626 1502 103
1655 1469 1687 1494 et
1721 1461 1782 1493 lib.
1814 1461 1886 1504 XI,

1207 1514 1316 1558 epigr.
1337 1514 1374 1555 I,
1394 1526 1443 1546 vs.
1466 1516 1523 1546 16.
1542 1534 1593 1539 —
1615 1513 1740 1547 leallo.
1764 1514 1885 1559 Equo-

1205 1578 1285 1598 rum
1311 1579 1450 1611 quoque
1477 1565 1657 1611 agitatore.
1681 1567 1732 1599 De
1760 1567 1886 1601 Thallo

1207 1619 1295 1651 nihil
1318 1619 1440 1664 legisse
1464 1618 1627 1653 meminit
1647 1619 1859 1653 Ramiresius
1874 1647 1884 1661 ,

1206 1680 1334 1717 praeter
1368 1684 1496 1704 nomen
1538 1673 1611 1717 ejus
1644 1671 1682 1704 in
1720 1672 1862 1706 Tabella
1877 1699 1888 1716 ‚

1206 1736 1309 1769 quam
1339 1723 1482 1758 adducit
1517 1724 1726 1770 Onuphrius
1758 1725 1886 1759 Panvi-

1206 1789 1293 1818 nus,
1316 1776 1359 1811 de
1384 1777 1457 1810 lud.
1479 1777 1634 1811 Circens.
1658 1790 1733 1823 cap.
1759 1778 1815 1812 13.
1835 1800 1886 1805 —

1206 1830 1276 1863 Alii
1287 1831 1405 1876 legunt
1419 1831 1603 1877 Thaliaque.
1618 1829 1686 1864 Sed
1698 1830 1885 1876 legendum

1211 1884 1327 1916 Thallo
1344 1911 1352 1923 ‚
1386 1883 1503 1929 inquit
1530 1883 1706 1924 Raderus,
1736 1883 1886 1918 adducta

1205 1937 1315 1969 veteri
1338 1936 1569 1982 inscriptione
1597 1936 1656 1969 ubi
1684 1936 1724 1969 fit
1752 1937 1885 1971 mentio

1212 1990 1331 2023 Thalli.

1260 2045 1294 2076 6.
1315 2043 1425 2088 Atque
1438 2045 1557 2075 utinam
1571 2069 1579 2082 ,
1603 2050 1669 2076 etc.
1691 2040 1759 2075 Sed
1773 2043 1884 2076 multo

1204 2095 1305 2140 plura
1321 2095 1408 2128 mihi
1425 2094 1538 2128 danda
1557 2107 1629 2128 esse
1650 2094 1763 2128 video.

1259 2161 1293 2194 7.
1316 2149 1372 2181 Alz
1387 2149 1486 2193 pudet
1507 2151 1664 2193 ingratae,
1686 2156 1753 2181 etc.
1771 2146 1885 2181 Pudet

1203 2212 1259 2233 me
1288 2201 1359 2243 tui,
1388 2214 1409 2233 o
1435 2202 1593 2243 Praetor,
1623 2201 1669 2234 ait
1694 2200 1884 2241 Martialis,

1204 2254 1264 2299 qui
1290 2263 1358 2288 tam
1382 2254 1427 2287 sis
1452 2255 1607 2299 ingratus
1632 2266 1710 2298 erga
1730 2262 1884 2287 veterem

1204 2308 1374 2350 amicum,
1389 2315 1423 2340 et
1433 2320 1531 2340 usum
1546 2306 1749 2340 divitiarum
1760 2306 1883 2339 nescis.

1204 2382 1256 2386 —-
1283 2361 1371 2393 Male
1393 2360 1498 2393 (levitis
1521 2373 1614 2393 arcte.
1638 2360 1730 2401 Quia
1751 2360 1885 2392 Praetor

1204 2414 1413 2446 abutebatur
1444 2413 1514 2446 suis
1545 2413 1693 2458 opibus,
1721 2424 1786 2445 nec
1811 2412 1883 2445 illas

1204 2479 1284 2499 cuin
1304 2466 1423 2499 amicis
1442 2466 1738 2498 communicabat.
1759 2486 1810 2491 -—
1832 2465 1885 2497 De

1204 2531 1279 2552 arca
1293 2518 1372 2552 vide
1391 2519 1453 2552 lib.
1473 2520 1508 2560 I,
1521 2519 1727 2564 epigramm.
1742 2529 1861 2550 Lxxvn
1872 2543 1879 2554 ,

1201 2584 1303 2605 versu
1325 2573 1357 2605 5.

1258 2626 1289 2657 S.
1314 2624 1414 2669 Quod
1433 2637 1492 2656 mm
1514 2624 1572 2656 das
1594 2625 1689 2669 equiti
1705 2649 1712 2661 ,
1733 2622 1787 2655 sicr
1801 2620 1881 2654 ΑΜ.

2054 2950 2061 3288 ψω
2057 2764 2061 2946 ---ῳᾼ
