2061 3288
434 214 515 256 ET
554 212 907 256 OPERIRUS
945 211 1351 253 MARTIALIS.
1485 226 1597 253 xrni
1642 210 1646 215 ’

188 310 422 361 ponentes,
461 300 606 344 saeculi
648 300 776 359 liujus
816 299 990 343 decreta
1022 308 1065 342 et
1096 299 1334 342 sententias
1370 298 1598 358 plerasque

186 371 486 425 rescindimus,
505 388 529 415 a
548 371 784 415 faventium
805 371 1008 431 opinione
1024 369 1212 412 multum
1229 369 1501 413 recessimus.
1516 370 1598 413 Nc-

185 459 268 503 que
290 443 331 485 in
357 442 682 486 conscribendis
703 440 1088 503 epigrammatibus
1110 449 1282 483 tantum
1299 473 1311 493 ‚
1337 441 1442 500 quin
1468 440 1596 483 etiam

188 513 313 556 hodie
351 514 394 556 in
434 512 574 557 scoliis
608 523 651 558 et
683 513 842 557 odariis
877 528 982 573 quas
1019 510 1258 555 cantilenas
1297 510 1597 572 appellamus,

185 583 430 627 Martialem
453 600 603 628 omnes
626 585 850 628 imitantur
870 592 915 627 et
934 582 1216 643 stropharum
1241 591 1479 625 extremam
1499 597 1598 642 par-

184 663 271 697 tem
303 665 467 698 acuunt
491 656 772 699 exactissime.
797 653 990 713 Quidam
1016 652 1146 697 hodie
1175 652 1217 696 id
1244 651 1425 696 moleste
1452 652 1597 696 ferunt

184 734 226 768 et
264 726 511 786 vituperare
555 727 674 770 visus
710 735 776 769 est
814 734 984 769 nostras
1022 723 1217 778 Bolaeus,
1245 740 1379 784 quum
1416 725 1458 767 in
1493 725 1597 767 Arte

183 797 353 855 poetica
380 797 474 841 haec
505 797 594 841 fere
619 797 723 840 dicit
752 795 915 857 gallicis
940 796 1112 840 verbis:

723 917 730 923 .
751 916 759 923 .
777 890 930 937 ‚Neque
951 896 991 923 tu
1011 900 1098 937 rege
1119 886 1269 937 spicula
1291 887 1463 936 punctim

340 956 467 998 Vana,
488 966 611 1003 neque
637 951 856 1002 impl-obulo
879 951 1037 988 mordax
1059 951 1333 1001 epigrammate
1356 950 1517 988 caudam

343 1018 526 1054 Exacuas.
552 1026 560 1040 ¹

189 1118 283 1161 Non
301 1117 499 1178 equidem
522 1118 601 1162 hos
620 1134 701 1179 ego
718 1119 762 1161 in
777 1127 892 1161 astra
905 1116 1152 1172 extulerim,
1168 1117 1242 1176 qui
1260 1117 1303 1158 in
1324 1114 1486 1159 ultimis
1505 1132 1595 1159 ver-

182 1188 246 1232 bis
277 1189 402 1233 unice
431 1205 610 1249 operam
639 1188 815 1243 locant,
838 1188 1035 1249 priorum
1071 1186 1426 1248 negligentiores,
1453 1203 1593 1247 neque

182 1274 283 1302 sane
305 1260 360 1302 ab
379 1261 590 1303 acuminis
613 1260 862 1320 praestantia
883 1258 1178 1313 laudaverim,
1199 1275 1386 1319 quorum
1407 1273 1591 1301 acumen

181 1339 350 1373 tantum
375 1332 418 1373 in
439 1331 604 1375 oetavis
624 1328 848 1374 versiculis
874 1330 1041 1391 pungit.
1070 1331 1302 1372 Fateamur
1324 1338 1494 1382 tamen,
1523 1330 1592 1372 cui

180 1399 346 1445 misello
371 1401 509 1445 Musae
535 1402 695 1463 ingenii
714 1402 814 1445 satis
838 1401 1098 1455 annuerint,
1123 1410 1172 1443 ut
1197 1400 1445 1460 ingeniosus
1472 1399 1591 1443 iden-

179 1471 312 1515 tidem
329 1471 542 1529 videatur,
559 1490 646 1517 non
667 1473 768 1517 satis
787 1481 834 1515 ut
852 1481 1114 1533 perpetuum
1132 1471 1343 1527 videatur,
1361 1471 1471 1515 bene
1491 1488 1590 1514 eum

180 1543 224 1585 in
238 1542 440 1587 clausulis
459 1545 676 1605 praecipue
693 1543 941 1599 elaborare,
959 1553 1001 1587 et
1021 1543 1185 1605 gratius
1203 1559 1282 1586 nos
1297 1542 1433 1595 affici,
1453 1559 1586 1603 quum

178 1614 369 1673 pessimo
400 1614 578 1658 exordio
606 1616 797 1676 optimus
827 1615 925 1658 finis
958 1614 1250 1674 subjungitur,
1277 1630 1407 1674 quam
1434 1614 1467 1657 si
1492 1615 1588 1674 quis

178 1684 384 1744 praeclare
418 1686 655 1746 incipiens,
687 1685 966 1730 mediocriter
994 1684 1061 1729 vel
1087 1684 1199 1728 male
1236 1685 1466 1729 desineret.
1504 1687 1586 1728 Per

176 1754 320 1799 hiulca
357 1756 525 1800 viarum
561 1767 604 1800 et
637 1756 838 1801 horridos
876 1757 1031 1800 dumos
1072 1757 1323 1817 perveniam
1359 1755 1497 1799 libens
1532 1756 1585 1800 ad

176 1825 421 1886 splendidas
446 1827 579 1882 aedes,
603 1838 677 1872 aut
701 1827 944 1888 elegantem
970 1826 1185 1883 casulam,
1213 1837 1256 1870 at
1278 1828 1311 1871 si
1338 1826 1583 1888 splendidas

175 1897 286 1941 {edes
304 1907 347 1941 et
363 1914 555 1942 amoenas
572 1900 662 1943 vias
678 1899 909 1953 evaserim,
923 1898 1083 1942 durum
1101 1899 1183 1942 erit
1202 1897 1269 1941 vel
1285 1908 1493 1960 tegetem,
1513 1897 1580 1941 vel

173 1967 365 2012 desertos
388 1968 506 2014 locos
528 1971 891 2031 peregrinationis
915 1969 1048 2013 finem
1071 1969 1244 2012 habere.

242 2041 412 2084 Cuncta
434 2056 550 2084 nunc
570 2041 659 2085 fere
680 2041 889 2097 diximus,
910 2057 1004 2101 quae
1025 2040 1078 2084 de
1100 2039 1299 2083 Martiale
1318 2039 1578 2101 disputanda

171 2120 306 2153 erant.
323 2111 533 2167 Quaedam
549 2122 694 2156 tamen
712 2112 1030 2156 reservavimus
1043 2111 1128 2155 hoc
1146 2110 1242 2154 loco
1256 2110 1577 2172 perpendenda.

170 2179 343 2224 Scilicet
359 2183 521 2226 Nostro
538 2199 562 2226 a
584 2182 749 2227 frivolis
773 2181 1049 2227 homunculis
1073 2181 1160 2226 duo
1178 2199 1290 2243 saepe
1311 2182 1577 2243 exprobran-

169 2260 256 2307 tur,
274 2251 463 2296 adulatio
485 2252 597 2298 foeda
619 2270 722 2315 erga
744 2255 977 2314 pessimum
998 2254 1305 2314 imperatorem
1319 2289 1330 2308 ,
1350 2263 1393 2296 et
1414 2254 1574 2314 impro-

168 2321 277 2367 bitas
305 2323 599 2383 pathicissima
625 2326 669 2367 in
695 2326 930 2369 amatoriis.
953 2324 1125 2381 Quibus
1155 2323 1396 2385 paullulum
1424 2325 1575 2367 immo-

169 2395 253 2437 rari
286 2411 429 2455 operae
456 2395 642 2455 pretium
669 2412 760 2439 esse
787 2405 908 2456 puto.

281 2534 308 2553 Ι.
327 2522 371 2554 Et
389 2522 510 2555 n'allez
526 2535 585 2568 pas
605 2524 761 2567 toujours
782 2521 884 2555 tl'une
908 2523 1028 2567 pointe
1052 2522 1175 2555 frivole

323 2586 479 2631 Aiguiser
498 2599 557 2632 par
577 2588 607 2620 la
629 2600 740 2632 queue
760 2599 826 2620 une
850 2588 1060 2632 epigramme
1077 2587 1169 2620 folle.

742 2653 922 2693 Boni-,³15
938 2653 1002 2685 „Iri
1023 2653 1146 2697 I'oe‘tiq.
1168 2652 1291 2685 Chant.
1312 2653 1374 2685 111<
