2061 3288
418 224 997 267 EPIGRAMMATUM
1037 224 1160 266 LIB.
1201 225 1288 266 lv.

1461 228 1552 280 [101

739 394 985 450 XXIV.

466 555 528 583 Di:
568 555 783 593 LYCORI,
823 556 890 584 Ao
929 535 1255 584 FABlANUM.*

225 685 419 735 OMNES,
440 698 546 743 quas
572 683 724 726 habuit
739 717 750 738 ,
773 682 984 737 Fabiane,
1011 684 1192 743 Lycoris
1218 687 1378 730 amicas

295 752 482 807 Extulit3
509 754 632 797 uxori
660 752 736 797 fiat
761 754 899 798 amica
928 769 1046 798 meae.

210 892 224 905 ⁸
247 897 306 930 Ad
331 897 513 931 Fabianum
533 897 660 930 lemma
688 897 725 930 in
754 896 833 931 Ald.

157 951 257 984 Junt.
269 950 383 984 Colin.
397 950 534 996 Gryph.
546 951 708 985 Pulman.
724 951 833 996 Lang.

156 1003 301 1037 Junian.
322 1004 383 1037 Ad
395 1003 574 1037 Fabianum
592 1004 630 1036 de
651 1005 768 1048 Ly‘cori
778 1017 834 1036 ve—

159 1055 257 1100 nefica
274 1057 310 1090 in
332 1057 417 1090 aliis.

218 1121 248 1143 1.
280 1111 411 1143 Amicas
436 1111 558 1143 extulit.
582 1108 743 1151 Quadam
776 1109 836 1144 fati

159 1163 255 1207 quasi
273 1163 426 1197 ludentis
443 1162 611 1205 libidine;
628 1176 700 1197 non
726 1163 837 1203 enim,

163 1227 202 1248 ex
230 1217 338 1249 verbo
369 1218 485 1249 amicus
514 1225 548 1250 et
569 1225 642 1250 toto
668 1216 840 1262 epigram·

162 1277 253 1301 mate
273 1269 502 1316 explicarem,
521 1268 581 1303 sed
608 1270 722 1315 specie
747 1270 839 1303 falsae

162 1321 322 1355 amicitia:
341 1323 440 1356 facile
463 1323 694 1367 intelligerem
723 1324 838 1368 Lyco-

894 898 962 931 rim
983 897 1090 932 fuisse
1119 900 1337 934 meretricem
1359 901 1548 937 veneficam
1564 931 1572 945 ‚

895 963 972 997 quae
994 951 1132 986 aemulas
1154 965 1276 987 omnes
1299 966 1437 990 veneno
1465 956 1573 991 inter-

895 1004 1046 1039 ficiebat.
1068 1005 1136 1038 En.

951 1070 983 1091 2.
998 1059 1143 1110 Extulit.
1167 1059 1327 1094 Verbum
1342 1061 1476 1096 funeris
1495 1076 1576 1110 pro·

899 1110 1016 1156 prium
1032 1125 1042 1153 ;
1061 1112 1140 1157 quia
1160 1113 1308 1148 Veteres
1325 1115 1539 1158 efferebantur
1557 1129 1575 1150 e

898 1164 990 1197 lecto
1009 1163 1053 1197 ad
1073 1178 1208 1211 rogum.
1233 1167 1301 1201 En.
1323 1189 1375 1196 —
1401 1168 1502 1203 Uxori
1511 1169 1578 1214 fiat

900 1219 1013 1251 amica.
1029 1218 1077 1251 Ut
1097 1217 1202 1253 taedio
1219 1220 1470 1255 matrimoniali
1491 1223 1579 1256 lihe-

900 1283 979 1310 rer,
1015 1279 1049 1304 et
1080 1272 1191 1306 fatum
1223 1285 1364 1320 quoque
1395 1274 1439 1309 de
1472 1289 1579 1310 uxore

900 1335 978 1356 mea
1002 1323 1110 1358 ludat.
1135 1326 1201 1358 En.

773 1478 974 1534 XXV.

343 1639 403 1666 DE
443 1639 733 1667 LITORIBUS
773 1639 959 1667 ALTlNl
1003 1640 1063 1667 ET
1107 1624 1412 1677 AQUILEIA*

239 1770 427 1813 AEMULA
454 1769 621 1811 Baianis
645 1766 777 1810 Altini
801 1768 922 1812 litora
950 1768 1082 1825 villis,

224 1909 355 1946 “Altini
372 1913 483 1946 litoris
495 1912 847 1957 circumjacentisque

170 1967 323 2012 regionis
335 1965 475 1999 delicias
485 1966 624 2011 praefert
634 1990 642 2005 ‚
654 1973 715 1997 aut
726 1965 847 1998 saltem

172 2028 287 2065 aequat
301 2019 462 2053 Baiarum
480 2017 633 2059 deliciis,
655 2030 847 2051 amoenum-

172 2085 239 2118 que
263 2073 362 2105 illum
392 2084 461 2105 suae
489 2071 680 2112 senectuti,
701 2071 762 2104 uhi
792 2072 846 2103 sui

171 2125 258 2170 juris
287 2125 376 2166 erit,
407 2123 558 2158 destinat
586 2136 783 2164 recessum,
809 2132 848 2157 ut

175 2178 338 2211 Horatius
367 2177 506 2219 Tibur,
538 2177 599 2210 lib.
629 2177 686 2218 II,
720 2175 778 2210 od.
805 2180 848 2218 6,

175 2243 224 2264 vs.
244 2231 262 2263 5
281 2242 288 2263 :
313 2247 326 2260 α
347 2230 461 2262 Tibur
478 2230 590 2275 Argeo
618 2229 773 2274 positum
794 2241 849 2263 co-

176 2284 281 2324 lono,
312 2282 363 2316 Sit
390 2294 466 2315 mea
495 2281 593 2315 sedes
630 2281 766 2315 utinam
799 2295 849 2316 se-

175 2344 308 2376 necue,
337 2335 389 2368 Sit
412 2333 539 2368 modus
568 2335 655 2368 lasso
683 2334 786 2369 maris
815 2343 849 2369 et

176 2389 311 2421 viarum
332 2388 561 2433 Militiaeque!
586 2405 599 2417 n
624 2388 691 2420 ED.

230 2463 280 2467 -——
303 2442 393 2474 Ante
415 2440 484 2473 hoc
511 2440 722 2486 epigramma
741 2441 850 2474 multa

178 2508 217 2528 ex
236 2494 298 2527 lib.
319 2495 336 2526 I
352 2502 450 2526 erant
467 2493 503 2526 in
522 2493 642 2527 codice
660 2494 823 2538 Cagnerii
840 2506 848 2527 :

180 2547 300 2580 similis
335 2546 495 2579 confusio
521 2555 572 2580 est
601 2546 635 2579 in
668 2547 782 2580 Colin.
817 2555 850 2580 et

179 2601 276 2632 Junt.
291 2598 371 2632 vide
385 2598 428 2632 ad
443 2600 502 2632 lib.
515 2601 531 2631 I
546 2625 555 2640 ‚
569 2599 677 2644 epigr.
695 2612 753 2632 mv
764 2625 773 2640 ,
798 2613 849 2633 cv.

182 2654 434 2697 .-!1l.4q11ileiarn
454 2653 639 2685 Pulmanni
660 2651 778 2686 codex.
802 2654 852 2685 De

258 2728 289 2766 l,

908 1913 1065 1946 [moribus
1086 1915 1195 1947 Altam·
1214 1916 1420 1952 inscribitur
1440 1921 1476 1953 in
1503 1921 1585 1956 edit.

907 1965 1093 2000 veteribus.

965 2031 995 2052 1.
1019 2019 1164 2054 Baianis.
1186 2021 1294 2063 Baiae,
1314 2024 1412 2058 locus
1431 2038 1585 2062 amoenus

907 2071 944 2104 in
967 2071 1145 2118 Campano
1167 2073 1271 2108 litore
1291 2103 1299 2117 ,
1333 2079 1429 2122 juxta
1461 2080 1586 2114 Lucri-

907 2137 993 2158 num
1012 2125 1147 2168 sinum,
1167 2127 1258 2161 inter
1279 2129 1444 2165 Puteolos
1466 2141 1500 2166 et
1519 2134 1587 2168 Mi-

907 2190 1029 2211 senum
1051 2187 1230 2223 montem3
1257 2181 1306 2214 ibi
1324 2195 1421 2229 aquae
1441 2185 1561 2221 calidae
1577 2215 1586 2229 ,

908 2238 942 2264 et
954 2232 1127 2266 celebrata
1139 2242 1238 2266 erant
1251 2235 1389 2270 balnea.
1403 2258 1456 2264 -—
1465 2239 1586 2276 Altini.

907 2284 1086 2326 Altinum,
1111 2285 1245 2326 Altino,
1273 2287 1383 2322 Italiae
1411 2291 1586 2337 oppidum

907 2349 979 2369 non
1014 2336 1140 2371 cedens
1167 2340 1364 2375 amoenitate
1393 2342 1505 2387 Baiis,
1540 2347 1583 2381 ab

909 2389 1049 2423 Hunnis
1067 2399 1100 2424 et
1113 2391 1220 2424 Attila
1239 2405 1397 2428 eversum
1411 2405 1518 2443 atque
1531 2399 1585 2432 in-

909 2453 1053 2475 censum
1068 2468 1077 2484 ‚
1098 2456 1192 2478 nunc
1217 2445 1254 2478 in
1275 2445 1410 2482 ditione
1426 2450 1559 2485 Veneta
1575 2479 1583 2490 ,

909 2495 1001 2528 inter
1019 2496 1195 2530 Patavium
1211 2506 1245 2531 et
1262 2498 1515 2543 Concordiam,
1540 2504 1583 2538 ad

911 2560 1004 2581 mare
1030 2548 1260 2584 Adriaticum.
1285 2545 1363 2586 fiori
1392 2552 1429 2587 δὲ
1454 2554 1518 2591 ’καὶ
1549 2560 1584 2590 τὸ

911 2594 1040 2634 Ᾰλτινον
1064 2603 1092 2634 ἐν
1120 2604 1180 2636 ἕλει
1205 2607 1429 2649 παραπλήσιον
1454 2610 1524 2651 ε”χεν
1544 2613 1584 2652 τῇ

913 2646 1068 2697 ῂαευέννῃ
1090 2657 1145 2690 τὴν
1171 2658 1252 2690 θέσιν
1275 2670 1282 2690 :
1308 2660 1370 2691 Est
1390 2669 1421 2692 ct
1440 2662 1584 2695 Altinum

1320 2730 1380 2774 26
