2061 3288
441 248 497 277 10

809 235 871 279 M.
900 236 979 279 VA
994 238 1043 280 L.
1082 237 1477 282 MARTIALIS

1079 390 1190 447 IV.

495 545 566 575 AD
603 545 887 587 CAESAREM‚
926 546 1074 584 QUOD
1113 548 1429 578 EXPULERIT
1465 547 1790 577 DELATORES.

430 650 468 688 Si
499 648 547 686 ad
576 649 706 687 Titum
732 649 807 687 hoc
832 650 1076 702 Epigramma
1104 653 1230 704 (quod
1258 653 1525 703 verisimilius)
1555 653 1721 699 referas,
1739 660 1851 690 testes

481 714 599 752 habes
624 716 892 766 Tranquillum
907 746 916 763 ‚
937 731 1021 768 cap.
1041 719 1085 765 8,
1110 718 1150 756 in
1172 719 1280 765 Tit03
1301 728 1339 756 et
1357 719 1546 770 Xiphilin.
1566 718 1607 755 in
1623 718 1723 756 Tito.
1745 718 1785 756 Si
1802 717 1849 755 ad

483 780 761 828 Domitianum,
779 781 957 819 eumdem
973 781 1386 834 habesTranquillum,
1404 796 1487 835 cap.
1507 798 1552 833 9,
1567 783 1848 820 inDomitiano.

498 905 663 949 TURBA
692 906 836 966 gravis
862 907 983 967 paci,
1013 906 1282 969 placidaeque
1307 907 1482 953 inimica
1510 908 1668 970 quieti,

570 977 682 1033 Quae
710 993 883 1038 semper
910 978 1091 1022 miseras
1124 977 1383 1023 sollicitabat
1409 995 1539 1041 opes,

502 1046 680 1090 Tradita
707 1046 916 1100 Gaetulis;
945 1065 1026 1092 nec
1058 1049 1174 1110 cepit
1204 1065 1336 1094 arena
1362 1059 1595 1105 nocentes;

567 1119 624 1162 Et
652 1116 821 1162 delator
843 1118 1004 1173 habet,
1029 1119 1147 1180 quod
1173 1119 1329 1177 dabat,
1355 1119 1569 1165 exsilium.

498 1218 653 1288 Ἐχθρὸς
679 1227 1013 1289 ἀπραγμοσύνης,
1042 1231 1199 1291 ῥαςώνῃ
1229 1223 1357 1290 δῆμος
1383 1229 1584 1290 ἀπεχθὴς,

568 1301 780 1358 Δυςυχέων
812 1300 995 1350 κτεάνοις
1023 1299 1074 1342 ὢν
1102 1297 1314 1352 ἐπίὸουλος
1341 1299 1421 1354 ἀεὶ,

498 1369 735 1420 Γαιτούλοις
764 1364 952 1413 δέδοται·
979 1371 1028 1414 τὸ
1061 1370 1226 1431 Θέατρον
1255 1365 1293 1413 δ’
1319 1373 1366 1415 οὕ
1385 1388 1457 1431 σφε
1472 1366 1684 1431 κεχάνδει·

569 1437 702 1497 Κᾷςιν
728 1444 748 1483 ὁ
773 1443 974 1499 μηνυτὴς,
995 1440 1037 1492 ὃς
1060 1437 1308 1503 φ’)γοίδευσε,
1334 1442 1478 1503 φυγάς.

487 1575 500 1596 1
511 1589 519 1596 .
536 1562 643 1595 Turba
651 1564 769 1607 gravis.
781 1563 852 1596 Lex
866 1562 1024 1596 Remmia
1038 1563 1111 1609 pri·

431 1627 486 1648 ma
504 1615 569 1648 fuit
583 1641 592 1656 ,
606 1628 684 1662 quae
696 1628 815 1661 poenas
830 1615 1045 1650 delatoribus
1061 1617 1108 1650 ir-

428 1669 585 1714 rogavit3
605 1668 663 1701 illa
689 1669 745 1701 lex
773 1670 871 1715 cujus
900 1678 934 1702 et
968 1678 1048 1703 aetas
1075 1678 1110 1702 et

428 1731 551 1755 auctor
576 1722 706 1767 pariter
725 1722 853 1768 ignoti,
878 1723 1022 1767 jubebat
1048 1723 1108 1768 qui

427 1775 636 1808 calumniam
658 1775 813 1815 fecisset,
831 1776 987 1809 litteram
1004 1781 1036 1809 K
1055 1776 1109 1808 in-

427 1828 482 1861 uri
511 1828 619 1861 fronti
653 1830 739 1874 ejus.
770 1828 863 1861 Huic
888 1829 957 1874 legi
984 1828 1110 1862 alludit

427 1881 556 1914 Noster
588 1882 692 1914 variis
720 1882 756 1914 in
788 1882 874 1915 locis
892 1908 901 1924 ‚
933 1890 972 1915 ut
1005 1890 1088 1928 puta
1101 1909 1110 1923 ‚

426 1934 488 1967 lib.
508 1936 580 1976 VI,
605 1935 718 1979 epigr.
742 1939 810 1976 64,
830 1948 863 1968 v.
895 1938 939 1969 26
965 1947 973 1968 :
998 1952 1012 1965 κ
1040 1934 1109 1968 Sti-

426 1997 541 2032 gmata
563 2000 628 2021 nec
644 1988 741 2020 vafra
763 1987 894 2021 delebit
913 1988 1110 2022 Cinnamus

426 2049 511 2074 arte.
536 2058 548 2070 n
582 2041 695 2086 Hujus
726 2039 864 2074 diversa
891 2041 990 2074 fuere
1018 2043 1109 2075 fata:

426 2106 507 2127 nam
529 2094 591 2126 ubi
613 2094 908 2127 calumniatorum
930 2107 1032 2139 poena
1046 2107 1110 2139 per

425 2146 652 2192 tyrannidem
692 2147 867 2180 malorum
907 2147 1109 2193 principum

426 2200 462 2232 in
474 2199 744 2233 desuetudinem
757 2200 906 2240 abiisset,
915 2201 998 2233 h‘oni
1010 2199 1110 2233 iden-

426 2252 535 2286 tidem
552 2254 726 2287 severiore
744 2253 919 2299 supplicio
935 2252 1109 2300 perditam

424 2306 715 2352 profligatamque
741 2305 963 2351 disciplinam
993 2306 1109 2339 vindi-

424 2371 503 2391 care
533 2359 744 2392 debuerunt.
770 2358 926 2392 Proinde
949 2372 992 2392 ne
1013 2359 1108 2404 apud

425 2412 539 2445 honos
559 2412 702 2457 quidem
723 2425 859 2458 semper
879 2413 1109 2446 calumniato-

426 2478 507 2498 rum
519 2465 586 2498 sibi
599 2466 786 2498 constitere
799 2478 920 2510 poenae,
935 2464 995 2498 sed
1006 2474 1110 2511 prout

428 2518 616 2551 necessitas
638 2526 742 2563 atque
761 2518 896 2551 indoles
915 2520 1109 2564 Imperato-

425 2584 504 2603 rum
522 2571 653 2604 ferebat
665 2597 673 2611 ‚
691 2571 798 2616 magis
813 2576 972 2605 minusve
991 2573 1109 2605 inten-

425 2622 615 2657 debantur.
638 2624 693 2656 Sic
716 2637 824 2669 quum
843 2623 1014 2658 delatores
1028 2651 1036 2667 ‚
1053 2637 1107 2657 ca-

428 2677 656 2710 lumniatores
688 2677 818 2711 fiscales
840 2678 900 2723 qui
916 2703 925 2719 ,
951 2678 1014 2712 sub
1038 2678 1107 2711 Ne-

1167 1576 1254 1597 rone
1267 1589 1277 1605 ,
1292 1562 1443 1598 divitum
1457 1563 1586 1609 opibus
1602 1561 1776 1604 insidiati,
1792 1574 1854 1596 eos

1168 1629 1235 1662 qua
1256 1618 1336 1662 jure
1352 1642 1361 1658 ‚
1381 1628 1449 1662 qua
1469 1616 1599 1662 injuria
1621 1616 1852 1650 accusationi-

1166 1670 1232 1703 bus
1250 1670 1409 1703 vexarint
1421 1695 1431 1711 ,
1454 1669 1532 1702 illos
1557 1681 1618 1702 seu
1643 1669 1747 1703 Titus
1760 1695 1772 1710 ‚
1789 1681 1851 1702 seu

1168 1723 1196 1756 si
1207 1723 1316 1756 mavis
1324 1722 1546 1756 Domitianus
1559 1721 1680 1755 exsilio
1689 1722 1725 1755 in
1733 1722 1851 1767 Syrtes

1168 1776 1293 1810 afflixit
1306 1802 1314 1817 ‚
1345 1784 1432 1810 teste
1470 1775 1586 1808 Plinio
1616 1775 1653 1808 in
1679 1775 1849 1821 Panegyr.

1168 1830 1263 1875 Traj.
1281 1829 1572 1862 Luculentissima
1588 1836 1698 1862 exstat
1714 1828 1753 1860 de
1764 1830 1849 1871 fiztz's

1168 1884 1429 1915 calumniatorum
1442 1882 1498 1914 sub
1515 1881 1764 1926 Imperatoribus
1780 1879 1851 1913 dis-

1168 1936 1309 1969 sertatio
1340 1935 1385 1969 H.
1414 1934 1648 1969 Brencmanni
1680 1933 1717 1966 in
1745 1934 1852 1967 Thes.

1167 1988 1246 2022 Jur.
1276 1989 1349 2022 Ott.
1377 1997 1461 2021 tom„
1490 1988 1562 2028 III,
1585 1999 1665 2032 pag.
1695 1987 1790 2020 1560
1816 1995 1852 2019 et

1169 2054 1266 2087 seqq.
1289 2042 1358 2074 En.

1226 2108 1259 2128 2.
1280 2095 1417 2127 ,Uiseras
1436 2093 1633 2125 sollicitabat
1651 2106 1735 2138 opes.
1759 2092 1850 2126 Plin.

1168 2147 1206 2181 in
1238 2148 1411 2192 Panegyr.
1441 2145 1486 2179 de
1518 2146 1572 2179 his
1602 2145 1851 2179 delatoribus:

1169 2199 1352 2233 «Vidimus
1364 2199 1559 2232 delatorum
1571 2198 1741 2232 indicium
1752 2199 1851 2244 quasi

1168 2262 1422 2298 grassatorum,
1439 2253 1537 2297 quasi
1557 2252 1747 2285 latronum.
1768 2251 1850 2284 Non

1169 2306 1395 2340 solitudinem
1416 2306 1466 2338 illi
1479 2331 1490 2345 ,
1502 2318 1574 2339 non
1591 2305 1675 2345 iter,
1692 2303 1750 2338 sed
1767 2312 1852 2337 tern-

1168 2360 1289 2405 plum,
1305 2358 1365 2392 sed
1382 2360 1496 2392 forum
1516 2358 1728 2391 insederant.
1747 2357 1851 2389 Nulla

1166 2414 1236 2459 jam
1261 2420 1464 2445 testamenta
1486 2423 1624 2449 secura,
1646 2410 1763 2443 nullus
1784 2417 1851 2442 sta-

1169 2475 1224 2499 tus
1252 2474 1389 2505 certus,
1420 2478 1492 2497 non
1525 2464 1678 2502 orbitas,
1708 2475 1778 2494 non
1809 2463 1850 2494 li-

1169 2519 1245 2552 beri
1270 2518 1472 2564 proderant.
1503 2518 1656 2549 Auxerat
1683 2515 1751 2547 hoc
1778 2527 1851 2547 ma-

1170 2571 1241 2605 lum
1260 2571 1462 2617 principum
1484 2569 1638 2603 avaritia.
1657 2585 1669 2596 »

1225 2624 1257 2657 3.
1289 2624 1422 2656 ΤνιιίΙιΐα
1453 2622 1587 2656 Getulis.
1616 2622 1776 2665 Relegata
1797 2629 1849 2653 est

1168 2678 1203 2711 in
1225 2690 1370 2710 arenosa
1390 2685 1423 2709 et
1447 2674 1582 2708 deserta
1605 2673 1729 2707 Africae
1751 2673 1848 2706 loca:
