2061 3288
443 200 1325 243 EP1GRAMMA'1'UMLIB.111.

1495 200 1589 247 305

774 352 826 406 X*
838 350 989 406 LVI.

649 504 720 531 Al)
771 484 1123 532 CANnman*

247 631 411 674 Exiels
439 645 462 672 a
490 628 616 672 nobis
642 645 820 690 operam
847 630 940 674 sine
971 629 1057 673 fine
1083 639 1289 691 togatam.

316 701 418 745 Non
444 716 495 744 eo
511 735 521 755 ,
551 699 755 744 libertum
782 700 858 744 sed
885 700 963 744 tibi
989 701 1115 745 mitto
1145 718 1306 746 meum.

246 773 347 817 Non
372 780 461 827 est,
492 771 660 831 inquis,
690 771 804 815 idem
831 788 840 813 :
868 770 1006 815 multo
1035 771 1133 833 plus
1163 789 1256 817 esse
1283 775 1493 834 probabo.

315 843 397 885 Vix
425 858 506 903 ego
532 841 732 886 lecticam
762 841 1028 903 subsequor3
1059 842 1129 886 ille
1158 843 1281 888 feret.

244 915 297 957 In
321 913 494 957 turbam
520 912 746 968 incideris;
768 923 950 958 cunctos
974 914 1165 958 umbone
1192 915 1372 976 repellet
1396 935 1403 959 :

229 1048 242 1062 '¹
261 1051 461 1086 Candidum
484 1051 693 1097 quemdam,
725 1061 761 1085 ut
788 1052 856 1085 illi-

177 1106 331 1139 beralem
360 1108 427 1150 jam
448 1118 521 1138 non
545 1106 649 1139 semel
670 1104 821 1138 vidimus
839 1119 856 1138 a

175 1159 336 1193 Martiale
354 1159 616 1204 reprehensum.
637 1153 651 1201 (
670 1157 764 1191 Vide
794 1159 856 1192 lib.

178 1213 211 1245 II
223 1239 232 1253 ‚
250 1213 361 1258 epigr.
374 1224 455 1245 :mv
473 1220 508 1245 et
527 1224 643 1252 XL111;
661 1220 694 1244 et
707 1212 768 1245 lib.
783 1212 853 1251 ΙΙΙ,

176 1266 287 1312 epigr.
308 1259 432 1307 xxw.)
459 1265 524 1298 Hic
551 1264 594 1297 ad
619 1264 783 1298 eumdem
802 1278 856 1298 re-

174 1319 344 1359 vertitur,
369 1319 441 1351 sive
474 1318 622 1350 alterum
645 1318 709 1350 sub
731 1317 856 1350 eodem

176 1372 319 1405 nomine
338 1371 471 1404 incusat
488 1371 678 1416 superbiae,
699 1370 761 1415 qui
780 1383 856 1403 0111-

176 1437 238 1458 nes
257 1424 438 1458 clientium
452 1436 574 1469 operas
592 1424 635 1456 ab
655 1423 772 1456 amicis
786 1425 855 1457 exi—

176 1479 301 1524 gebat,
329 1487 362 1511 et
392 1489 481 1523 aegre
501 1477 639 1510 sinebat
661 1477 704 1509 ab
732 1489 855 1509 eorum

177 1531 309 1564 libertis
332 1531 499 1576 praestari.
522 1530 591 1563 En.

235 1599 248 1616 1
260 1611 266 1617 .
292 1584 430 1628 Operam
448 1592 601 1628 togatam.
623 1582 665 1615 Id
685 1591 734 1616 est
748 1608 757 1624 ,
776 1583 856 1615 offi-

178 1637 272 1670 cium
281 1636 573 1670 anteambulonis:
585 1644 751 1681 patronos
763 1636 857 1669 enim

179 1690 435 1723 comitabantur
459 1689 601 1722 clientes
620 1697 697 1733 toga
718 1687 856 1729 induti,

179 1756 283 1787 quam
300 1743 357 1776 alii
378 1743 469 1775 cives
485 1754 564 1774 raro
581 1742 774 1775 sumebant.
793 1742 856 1774 Ju-

180 1796 311 1829 venalis
331 1805 394 1829 sat.
415 1796 468 1828 III
486 1809 491 1826 :
517 1813 529 1824 «
549 1794 631 1827 Pars
646 1807 768 1839 magna
788 1795 857 1827 Ita-

180 1850 233 1882 liae
263 1857 335 1889 est,
365 1849 393 1881 si
418 1861 540 1881 verum
559 1847 778 1881 admittimus
792 1873 801 1889 ,
822 1848 858 1880 in

180 1915 249 1947 qua
268 1902 382 1935 Nemo
404 1909 520 1946 togam
539 1901 663 1941 sumit,
683 1900 751 1933 nisi
768 1913 860 1933 mor-

181 1965 274 1988 tuus,
294 1972 307 1985 »

237 2009 270 2042 3.
292 2009 367 2042 Non
384 2016 431 2040 est
448 2008 537 2040 idem.
562 2007 709 2052 Majori,
730 2006 860 2052 inquis,

182 2061 269 2095 mihi
287 2061 415 2094 honori
427 2069 515 2094 esset
527 2068 609 2093 tuus
620 2073 725 2105 quam
741 2060 860 2093 liberti

182 2115 377 2149 comitatus.
413 2136 464 2140 —
501 2114 582 2146 Plus
613 2127 676 2146 esse
705 2113 857 2158 probabo.

184 2170 272 2201 Sunt
301 2168 408 2200 verba
442 2175 554 2212 poetae
585 2166 831 2212 respondentis
849 2178 857 2200 ε

183 2221 315 2254 Minori
331 2220 461 2254 honori
480 2220 548 2252 hoc
563 2219 626 2252 tibi
647 2232 718 2253 esse
735 2230 833 2265 putas
848 2233 857 2261 ;

184 2275 305 2319 majori
328 2273 469 2307 utilitati
488 2273 555 2306 hoc
574 2273 638 2306 tibi
657 2286 728 2307 esse
745 2282 830 2319 puto
848 2286 857 2313 3

185 2340 294 2372 quum
321 2328 464 2360 libertus
488 2338 606 2367 meus,
626 2326 733 2359 homo
754 2328 859 2359 rusti-

184 2394 244 2414 cus
259 2390 293 2414 et
310 2381 485 2425 inelegans
500 2405 510 2419 ,
528 2379 592 2412 tibi
605 2405 613 2418 ‚
628 2391 704 2424 quae
717 2392 779 2424 ego
794 2379 859 2412 du-

184 2435 331 2467 bitarem
362 2434 469 2466 1101110
493 2431 658 2465 delicatus
673 2458 682 2473 ‚
701 2445 772 2465 non
794 2431 859 2465 du-

187 2487 311 2521 bitabit
327 2486 441 2520 officia
459 2495 631 2531 praestare.
648 2486 714 2517 En.

243 2545 274 2580 ιῑ.
304 2540 490 2584 Subsequor.
519 2538 600 2570 Vid.
630 2551 723 2583 supr.
750 2539 859 2583 epigr.

189 2606 312 2634 xxxw,
333 2607 365 2626 v.
392 2598 423 2634 4.

246 2649 276 2679 5.
311 2644 516 2679 Bes-erlandi
554 2645 625 2677 MS.
657 2658 767 2676 cuneos
798 2657 861 2689 pro

275 2722 283 2735 ι

264 2737 296 2760 1'0

917 1062 1052 1085 muetos.
1074 1053 1160 1088 Vid.
1180 1055 1334 1089 Turneb.
1354 1056 1514 1093 Adverss.
1532 1062 1595 1096 lib.

918 1106 1023 1147 XIII,
1042 1119 1118 1152 cap.
1149 1120 1206 1151 19.
1230 1130 1281 1135 ——
1307 1110 1346 1142 In
1373 1112 1495 1145 turbam
1518 1117 1597 1148 inci-

916 1159 1012 1192 deris.
1033 1160 1213 1194 Juvenalis
1228 1187 1237 1202 ,
1257 1170 1319 1196 sat.
1342 1164 1418 1205 ΙΙΙ,
1437 1178 1468 1198 v.
1495 1169 1566 1208 243
1588 1184 1596 1202 ι

922 1228 935 1241 α
952 1212 1063 1246 Nobis
1076 1215 1351 1260 properantibus
1365 1218 1478 1252 obstat
1492 1221 1598 1256 Unda

916 1265 1035 1310 prior;
1058 1279 1185 1312 magno
1209 1269 1361 1314 populus
1387 1273 1518 1316 premit
1540 1288 1597 1321 ag-

915 1319 1013 1351 mine
1047 1320 1185 1353 lumbos
1210 1321 1280 1363 Qui
1304 1324 1462 1368 sequitur
1484 1338 1492 1359 ε
1517 1328 1598 1363 ferit

915 1370 973 1403 1110
987 1371 1108 1405 cubito
1120 1398 1129 1413 ‚
1148 1373 1229 1407 ferit
1245 1387 1356 1408 assere
1375 1375 1465 1411 duro
1478 1380 1596 1425 Alter3

917 1430 950 1455 at
977 1423 1035 1457 hic
1056 1424 1189 1470 tignum
1220 1428 1326 1473 capiti
1352 1429 1480 1464 incutit
1496 1459 1505 1474 ‚
1536 1436 1596 1470 ille

916 1485 1098 1510 metretam
1117 1492 1125 1518 ;
1162 1479 1310 1525 Pinguia
1350 1494 1452 1516 crura
1493 1486 1567 1521 luto
1588 1517 1597 1531 ‚

915 1529 1035 1574 planta
1050 1543 1130 1564 mox
1146 1531 1307 1578 undique
1321 1547 1445 1580 magna
1460 1538 1596 1585 Calcor,

917 1591 950 1615 et
968 1582 1005 1615 in
1023 1583 1134 1628 digito
1153 1586 1271 1620 clavus
1290 1588 1379 1621 mihi
1394 1590 1513 1625 militis
1529 1595 1598 1629 ha:-

915 1643 978 1669 ret.
1004 1653 1016 1664 »
1054 1658 1105 1663 —
1136 1637 1274 1672 Cunctos
1301 1642 1432 1674 ambone
1457 1648 1594 1689 repellet,

916 1689 1035 1722 Umbo
1073 1700 1124 1724 est
1162 1692 1337 1739 quidquid
1375 1699 1595 1736 extumidum

917 1742 1093 1786 prominet
1110 1757 1119 1785 3
1139 1744 1233 1778 unde
1264 1759 1341 1791 pars
1362 1748 1421 1781 illa
1450 1762 1526 1795 quae
1558 1757 1594 1789 in

917 1795 1077 1828 Romano
1095 1797 1234 1842 clypeo,
1255 1799 1362 1833 instar
1381 1801 1521 1839 dimidii
1538 1811 1596 1842 ovi

917 1847 1093 1881 eminebat
1109 1874 1118 1890 ‚
1141 1851 1231 1883 umbo
1250 1854 1493 1898 appellabatur
1507 1884 1515 1900 ‚
1546 1871 1595 1895 :it-

917 1913 985 1945 que
1003 1913 1065 1946 per
1075 1902 1321 1946 synecdochen
1337 1915 1431 1944 totus
1450 1912 1595 1958 clypeus

918 1952 1101 1987 dicebatur
1122 1957 1241 1990 umbo.
1266 1959 1378 2003 Igitur
1398 1951 1519 1999 sensus
1538 1968 1596 2002 hic

918 2015 985 2040 est:
996 2007 1158 2042 Libertus
1171 2022 1283 2047 meus,
1297 2014 1429 2058 cubiti,
1440 2018 1494 2050 vel
1507 2032 1595 2053 ven-

919 2061 979 2093 tris
988 2087 997 2101 ,
1007 2061 1061 2094 vel
1072 2061 1222 2095 laterum
1233 2067 1399 2110 oppositu
1414 2080 1576 2114 praestato
1586 2102 1594 2116 ‚

917 2114 1015 2159 quasi
1029 2114 1131 2147 firmo
1149 2117 1274 2163 clypeo
1299 2121 1436 2155 turbam
1460 2126 1596 2171 rejiciet

917 2167 1153 2212 ingruentem.
1174 2170 1378 2211 Turnebus,
1399 2176 1460 2209 lib.
1482 2178 1594 2221 XIII,

917 2233 993 2265 cap.
1018 2234 1029 2253 1
1042 2221 1059 2254 5
1080 2230 1113 2254 et
1135 2235 1190 2264 15).
1208 2245 1258 2249 —
1276 2225 1403 2259 Nescio
1420 2237 1535 2264 tamen
1553 2246 1593 2266 an

917 2286 989 2306 non
1009 2286 1092 2306 cum
1113 2276 1247 2309 Beverl.
1269 2278 1457 2323 legendum
1476 2285 1520 2317 sit
1541 2300 1595 2319 cu-

918 2340 989 2359 neos
1000 2340 1012 2365 ;
1029 2328 1076 2360 sic
1092 2328 1184 2360 enim
1204 2332 1408 2376 metaphora
1422 2336 1596 2382 eleganter

920 2378 1091 2425 producta
1114 2382 1405 2428 continuaretur,
1436 2374 1566 2425 scilicet
1588 2407 1594 2425 :

919 2434 1070 2478 populus
1090 2436 1192 2467 cunei
1216 2430 1298 2481 (qui
1314 2448 1364 2473 est
1380 2440 1596 2478 decursionis

923 2486 1080 2519 militaris
1095 2487 1225 2531 genus)
1242 2490 1352 2525 forma
1370 2496 1467 2539 quasi
1482 2496 1598 2544 dispo-

922 2538 1006 2571 situs
1017 2566 1026 2580 ,
1043 2540 1132 2584 regis
1147 2549 1181 2573 et
1193 2542 1371 2578 clientium
1388 2548 1529 2584 ordines
1539 2565 1598 2585 ru-

921 2600 1046 2636 pturus
1057 2593 1183 2635 irruet3
1197 2608 1300 2640 quem
1314 2599 1452 2635 fortiter
1463 2603 1596 2650 franget

924 2646 1019 2689 quasi
1037 2647 1190 2680 umbone
1209 2649 1354 2685 libertus
1370 2680 1378 2692 ‚
1401 2664 1463 2688 etc
1487 2657 1550 2689 Fi»

1334 2741 1394 2766 ¹20
