2061 3288
452 218 549 281 278

822 221 884 263 M.
911 222 1054 264 VAL.
1096 223 1492 266 MARTIALIS

518 308 705 363 Lusisti,
733 308 835 353 satis
859 318 925 352 est
951 326 960 351 ε
989 308 1063 353 sed
1092 318 1157 364 tc,

1181 310 1290 353 mihi
1317 309 1469 367 crede,
1492 320 1712 354 memento

589 377 720 423 Nunc
745 379 790 422 in
815 377 1015 440 pellicula
1030 415 1042 437 ,
1064 379 1196 424 cerdo
1212 415 1223 437 ‚
1247 389 1396 426 tenere
1421 389 1508 424 tua,

448 525 499 531 —-
526 506 570 538 Ut
591 507 688 539 velles
714 509 820 547 corio,
854 515 919 542 etc.
953 506 1064 540 Ludit
1091 507 1128 541 in

446 559 556 591 verbo
586 559 767 593 Martialis.
793 560 897 594 Enim
925 573 1009 593 vero
1043 563 1128 593 corio

447 624 504 644 suo
534 612 640 644 ludere
668 613 897 658 proverbium
927 621 1004 655 est,
1032 613 1128 659 quod

446 664 620 710 significat
640 666 710 699 suis
732 666 898 712 impensis
918 665 1053 712 aliquid
1079 667 1128 700 fa-

448 731 538 751 cere.
557 717 676 752 Ludos
693 727 808 753 autem
824 719 964 753 exhibet
980 720 1049 753 suis
1063 720 1129 753 im-

448 771 565 816 pensis
589 771 719 814 cerdo,
747 781 783 806 et
809 771 952 819 quidem
979 773 1129 818 pecunia

446 836 510 869 per
528 825 663 858 corium
679 834 893 871 comparata.
913 826 982 860 En.

504 877 537 911 5.
564 879 685 910 Lusisti
707 881 815 919 corio;
840 880 898 912 sed
918 878 1128 913 Beverlandi

447 930 525 964 MS.
547 931 667 963 Lusisti
694 935 773 965 satis
790 960 798 973 ‚
826 933 884 965 sed
902 931 983 967 Ald.
1020 932 1127 967 1501.

447 983 549 1017 Junt.
585 984 701 1018 Colin.
739 985 878 1032 Gryph.
915 986 1023 1031 Lang.
1062 994 1127 1019 etc.

449 1037 569 1069 Lusisti
592 1038 698 1079 sittim
725 1039 781 1071 sed
810 1040 910 1071 Junt.
940 1047 1057 1072 nostra
1090 1040 1127 1072 in

448 1090 615 1134 margine.
639 1092 757 1124 Lusisti
774 1105 786 1125 .·
804 1094 882 1125 satis
901 1101 947 1125 est
965 1106 976 1126 .·
995 1093 1052 1125 sed
1070 1105 1129 1126 co-

448 1141 516 1175 dex
538 1143 738 1178 Pulmanni.

505 1199 538 1229 6.
564 1197 659 1230 Nunc
678 1200 709 1230 in
727 1198 877 1244 pellicula
894 1226 902 1239 ,
928 1208 994 1232 etc.
1021 1200 1131 1233 Jocus

1189 506 1283 541 idem
1304 507 1369 553 qui
1387 508 1460 553 jam
1484 507 1521 541 in
1546 515 1672 553 quarto
1692 519 1808 542 versu,
1827 509 1868 541 Se

1190 562 1222 593 in
1245 561 1329 605 pelle
1355 574 1414 594 sua
1433 569 1533 593 tenere
1547 587 1556 601 ‚
1584 563 1617 594 ἱη,
1633 563 1767 606 propria
1786 562 1870 606 pelle

1190 616 1365 660 quiescere,
1392 613 1620 659 proverbium
1646 622 1696 648 est
1722 613 1870 648 ductum

1189 674 1250 700 aut
1283 667 1327 700 ab
1355 666 1518 713 iEsopica
1548 679 1633 701 rana
1660 680 1738 713 quae
1759 679 1870 713 quum

1190 719 1343 753 inflasset
1362 720 1559 766 pelliculam
1576 746 1585 762 ,
1609 720 1736 754 bovem
1755 733 1870 766 aequa-

1189 781 1266 807 tura
1277 798 1286 813 ‚
1305 782 1413 819 rupto
1427 785 1592 818 corpore,
1608 773 1713 818 periit
1728 785 1736 807 :
1753 782 1813 807 aut
1827 774 1871 807 ab

1189 826 1288 859 asino
1308 827 1467 861 Cumano
1484 837 1589 871 quem
1606 825 1701 859 idem
1716 829 1866 872 AEsopus

1189 879 1368 913 fabulatur
1385 879 1495 913 leonis
1508 879 1637 925 pellem
1648 877 1822 922 induisse,
1837 888 1872 913 et

1188 945 1226 966 re
1253 933 1412 978 cognita,
1437 945 1548 978 usque
1573 931 1616 965 ad
1646 944 1768 965 necem
1787 945 1866 966 ver-

1188 986 1348 1020 beratum
1379 999 1499 1031 poenas
1532 984 1689 1020 stultitiae
1716 984 1867 1019 dedisse.

1189 1038 1322 1072 Suadet
1342 1039 1450 1084 igitur
1469 1038 1639 1072 Martialis
1662 1037 1808 1072 cerdoni
1827 1047 1870 1072 ut

1189 1104 1226 1125 se
1244 1092 1280 1125 in
1302 1092 1466 1138 pellicula
1485 1104 1544 1125 sua
1559 1117 1568 1133 ,
1590 1090 1628 1125 id
1647 1099 1721 1134 est,
1735 1091 1772 1125 in
1791 1104 1872 1126 con-

1190 1144 1327 1178 ditione
1350 1153 1384 1179 et
1406 1146 1441 1179 in
1469 1145 1565 1178 corio
1587 1144 1768 1180 contineat
1790 1157 1799 1180 :
1834 1158 1872 1177 ne

1189 1206 1279 1232 sutor
1297 1199 1382 1232 ultra
1397 1198 1565 1244 crepidam.
1588 1198 1654 1232 ΕΙ).

1049 1337 1269 1393 XVII.

959 1483 1015 1510 ΙΝ
1061 1481 1357 1510 SABIDIUM.

523 1592 838 1634 ClReuMLATA
872 1589 946 1632 diu
973 1589 1131 1632 mensis
1153 1587 1345 1632 scriblita
1370 1592 1568 1631 secundls
1584 1624 1594 1641 ⁷

592 1661 761 1704 Urebat
788 1661 920 1703 nimio
946 1676 1058 1703 saeva
1084 1658 1228 1703 calore
1252 1674 1430 1712 manus;

523 1731 606 1774 Sed
636 1732 771 1791 magis
797 1731 979 1774 ardebat
1009 1730 1156 1774 Sabidi
1183 1729 1283 1790 gula
1312 1747 1319 1772 :

1353 1730 1552 1789 protinus
1581 1745 1686 1789 crgo

527 1858 607 1903 Δῆν
634 1850 895 1914 περιδινηθεὶς
923 1848 1224 1914 ἐπιδορπιδίῃσι
1253 1851 1494 1913 τραπέζαις,

593 1920 848 1986 Σφοδροτέρῃ
875 1925 997 1985 θέρμῃ
1026 1930 1158 1985 χεῖρας
1186 1926 1290 1967 ἔκαιε
1317 1928 1515 1974 πλακοῦς·

526 1990 623 2040 AD?
651 1999 694 2039 οὐ
721 1992 912 2039 Σαῖιδίου
939 1996 1050 2056 ς-όμα
1076 1995 1233 2038 καίετο·
1265 1995 1484 2054 ἐσσυμένως
1516 1990 1560 2035 δὲ

511 2146 521 2165 1
534 2159 540 2165 .
572 2132 786 2176 Circumjacm
816 2129 1024 2163 Beverlandi
1052 2130 1126 2162 MS.

452 2186 627 2230 Antiquus
639 2185 748 2218 codex
761 2183 939 2219 Calderini
954 2183 1106 2216 scribilita
1115 2195 1128 2222 ;

450 2238 511 2272 sed
526 2239 613 2271 male
628 2237 859 2271 emendarunt
870 2263 878 2278 ‚
888 2239 1041 2281 spot-litem
1057 2237 1129 2275 vel,

451 2295 560 2324 intrita
573 2318 582 2333 ‚
601 2299 640 2325 ut
657 2292 693 2323 in
715 2290 770 2324 ed.
790 2291 904 2336 prima
920 2289 1128 2323 Dictionarii

450 2345 611 2389 Calcpini
636 2345 673 2377 in
690 2345 811 2378 vocab.
839 2345 1004 2382 intritum;
1023 2350 1058 2375 et
1080 2342 1130 2375 sic

450 2397 534 2443 legit
561 2398 695 2431 Merula
720 2405 844 2431 contra
871 2395 1127 2437 Calderinum3

452 2451 507 2483 vel
520 2451 682 2483 scribilita.
701 2450 840 2483 «Dictio
856 2450 928 2484 haec
943 2448 1129 2495 depravata

451 2512 501 2536 est
523 2503 560 2535 in
583 2504 683 2537 novis
706 2503 809 2536 codd.
831 2504 931 2536 omni
952 2511 1072 2548 parte,
1093 2502 1129 2534 in

451 2556 691 2589 vetustissimis
704 2569 775 2589 non
787 2557 931 2589 omniuo
946 2570 955 2599 ;
974 2568 1055 2589 nam
1070 2567 1130 2588 ve-

453 2609 535 2642 tusti
565 2609 702 2642 codices
726 2610 773 2642 sic
795 2610 928 2643 habent
944 2637 952 2649 ,
976 2611 1128 2648 sericam,

452 2661 549 2711 quml
566 2662 612 2696 ita
628 2661 889 2696 emendandum
906 2675 1029 2696 censeo
1050 2675 1126 2694 scri-

1189 2130 1286 2169 hlttsq
1314 2142 1395 2162 nain
1422 2129 1563 2161 scriblita
1579 2154 1588 2169 ‚
1614 2138 1753 2162 auctore
1779 2130 1866 2162 Var-

1188 2195 1275 2215 rone
1297 2182 1333 2214 in
1353 2182 1541 2227 Menippea
1557 2207 1566 2223 ,
1594 2191 1644 2215 est
1666 2195 1774 2227 genus
1797 2183 1865 2216 cibi

1187 2235 1402 2281 liquidioris.
1434 2252 1447 2264 n
1484 2234 1681 2268 Calderimts.
1712 2237 1865 2280 Inscripta

1189 2287 1298 2321 codex
1309 2288 1496 2321 Pulmanni
1505 2314 1514 2330 ,
1529 2296 1562 2321 et
1575 2288 1781 2321 Beverlandi
1791 2288 1863 2322 MS.

1189 2363 1241 2368 —
1260 2342 1422 2375 Scriblita.
1437 2343 1467 2374 A
1483 2342 1591 2375 verbo
1609 2341 1785 2386 στρεὲλεῖν,
1802 2349 1866 2373 tw·-

1190 2408 1281 2441 quere
1295 2408 1307 2433 ,·
1323 2394 1419 2440 quod
1434 2394 1471 2427 in
1488 2394 1639 2428 circuitu
1651 2402 1864 2440 torqueatur.

1189 2448 1318 2481 Similis
1347 2456 1397 2481 est
1422 2447 1520 2493 origo
1545 2448 1707 2480 vocabuli
1733 2447 1865 2492 gallici,

1191 2509 1302 2535 tourte.
1320 2522 1371 2527 —--
1389 2501 1509 2534 Mensis
1532 2500 1683 2533 secundis.
1707 2500 1838 2534 Gallice
1855 2526 1864 2539 7

1189 2568 1230 2588 au
1244 2554 1360 2587 second
1372 2557 1495 2587 service.
1512 2552 1595 2586 Vid.
1612 2553 1674 2586 lib.
1697 2554 1732 2591 I..
1754 2553 1863 2598 epigr.

1189 2620 1267 2646 mv,
1290 2620 1340 2640 vs.
1366 2609 1400 2641 8.
1421 2608 1487 2640 En.

1243 2660 1275 2695 3,
1301 2660 1410 2704 Πίαμὶᾰ
1432 2659 1573 2692 (ινιΙσὸαῐ.
1596 2658 1704 2692 Ludit
1728 2659 1763 2691 in
1786 2670 1863 2691 vcr-
