2061 3288
427 181 1010 226 EPIGRAMMATUM
1049 181 1175 225 LIB.
1217 182 1249 223 Ι.

135 267 185 300 nil
203 267 360 300 obstabat
384 268 502 309 eunti,
521 268 654 302 Lenius
681 276 715 302 et
735 282 812 302 mo-

136 319 215 353 dico
243 320 392 366 strepitu
417 319 603 354 decurrere
631 321 706 355 vidi
734 334 742 355 ι
769 324 813 356 At

137 385 359 419 quacumque
404 374 520 408 trabes
564 375 814 422 obstructaque

1487 196 1544 241 91

872 281 948 303 saxa
969 269 1154 307 tenebant,
1174 268 1350 313 Spumeus
1368 275 1401 300 et
1417 267 1555 299 fervens

873 331 907 356 et
936 323 978 356 ab
1010 321 1125 367 ohjicc
1163 321 1286 355 saevior
1313 321 1395 354 ibat.
1423 338 1435 349 ιι
1468 320 1555 354 Gro-

874 378 993 409 novius.

692 511 1002 566 XLVIII.

534 656 604 683 DE
643 656 861 685 oiAULo
902 635 1169 686 mimico*

214 777 377 819 NUPER
405 784 500 818 erat
528 775 748 831 medicus,
773 791 891 819 nunc
921 785 986 819 est.
1016 773 1198 835 vespillo
1223 772 1408 818 Diaulus
1434 790 1442 816 :

283 845 416 903 Quod
440 845 618 907 vespillo
644 846 770 902 facit,
795 846 957 890 fecerat
982 856 1025 890 et
1056 845 1261 889 medicus.

196 974 259 1012 *In
268 981 335 1013 hoc
346 980 594 1026 epigrammate
604 981 702 1014 nullo
713 980 819 1014 modo

145 1033 277 1066 variant
293 1034 507 1079 exemplaria
519 1033 820 1079 scripta‚autlibri

144 1086 317 1132 impressi.
339 1087 406 1120 Hic
426 1095 540 1120 tamen
559 1087 596 1120 in
619 1088 718 1121 Junt.
740 1100 819 1121 ann.

151 1151 164 1172 1
176 1139 217 1172 51
229 1153 245 1172 2
261 1165 270 1180 ‚
293 1149 327 1173 et
347 1140 462 1173 Colin.
492 1140 583 1175 1528
600 1167 608 1181 ‚
628 1149 822 1187 sequuntur

146 1191 372 1238 quadraginta
393 1202 542 1239 quatuor
557 1206 598 1227 ex
617 1194 676 1227 lib.
698 1195 734 1227 II
752 1194 823 1239 epi-

146 1254 336 1290 grammata
354 1259 363 1287 ;
395 1259 549 1291 quorum
583 1247 738 1292 primum
775 1256 824 1280 est

152 1315 166 1327 κ
189 1300 239 1332 De
260 1299 441 1333 littoribus
460 1300 586 1333 Altini.
609 1317 622 1329 n

938 994 969 1013 2.
994 980 1092 1023 Quod
1105 980 1248 1025 wspillo.
1266 979 1342 1012 Hoc
1363 986 1413 1012 est
1429 1003 1439 1019 ,
1456 990 1566 1023 quum

880 1042 968 1067 esset
980 1033 1136 1067 medicus
1153 1046 1281 1079 nempe
1292 1032 1492 1078 imperitus,
1515 1031 1564 1063 ef-

882 1087 1014 1120 ferebat
1042 1095 1209 1132 aegrot053
1229 1086 1298 1119 hoc
1328 1096 1398 1126 est,
1425 1083 1564 1118 occide-

882 1141 959 1181 bat,
984 1149 1023 1174 ut
1048 1151 1143 1173 nunc
1164 1141 1274 1173 factus
1293 1139 1440 1185 vespillo
1462 1138 1564 1170 effert

884 1192 1145 1227 mortuos.Vid.
1162 1194 1272 1239 epigr.
1286 1205 1373 1226 xxm
1391 1204 1492 1237 supra
1507 1217 1515 1231 ‚
1532 1198 1567 1223 et

883 1247 944 1280 lib.
966 1248 1055 1280 VIII
1067 1271 1077 1287 ‚
1097 1247 1206 1293 epigr.
1221 1259 1346 1287 Lxx1v‚
1364 1245 1427 1278 ubi
1446 1243 1568 1277 eadem

886 1300 957 1333 fere
979 1301 1167 1334 sententia.

739 1434 985 1492 XLIX.

523 1580 590 1607 DE
630 1581 816 1610 LEONE
855 1582 919 1610 ET
958 1582 1197 1610 LEPORE.

224 1696 422 1741 Rictibus
444 1698 512 1742 his
532 1708 683 1743 tauros
706 1717 795 1743 non
817 1701 1017 1761 eripuere
1038 1701 1262 1761 magistri,

293 1769 376 1811 Per
402 1786 512 1829 quos
538 1770 684 1830 praeda
707 1770 839 1831 fugax
865 1773 983 1832 itque
1010 1772 1208 1832 reditque
1234 1771 1357 1831 lepus
1380 1788 1388 1814 :

226 1838 446 1900 Quodque
475 1842 614 1901 magis
644 1842 829 1897 mirum,
845 1842 1039 1886 velocior
1064 1843 1151 1886 exit
1174 1842 1228 1885 ab
1255 1843 1403 1895 hoste,

294 1912 389 1954 Nec
415 1911 524 1954 nihil
547 1928 571 1954 a
593 1921 712 1956 tanta
738 1911 964 1957 nobilitate
989 1913 1136 1957 refert.

217 2054 248 2075 1.
267 2043 410 2075 Rictibus
429 2044 488 2077 his.
506 2043 631 2078 Omnis
647 2045 839 2078 custodum

159 2095 505 2139 amphitheatralium
520 2107 665 2131 conatus
682 2106 716 2131 et
735 2097 839 2132 indu-

160 2148 242 2181 stria
267 2160 339 2181 non
364 2150 481 2194 potuit
505 2158 621 2184 tauros
650 2163 668 2183 a
695 2152 839 2185 leonum

161 2199 265 2234 dente
286 2209 448 2245 praestare
468 2211 560 2236 tutos
578 2218 585 2236 :
606 2212 701 2237 tutus
724 2214 840 2238 autem

163 2265 227 2298 per
246 2266 280 2287 se
296 2255 411 2300 ipsum
428 2255 526 2301 lepus
538 2282 547 2297 ‚
568 2269 633 2302 per
647 2257 755 2292 rictus
775 2268 841 2292 ter-

160 2306 281 2340 ribiles
315 2307 461 2354 impune
486 2319 656 2344 commeat
681 2319 715 2344 et
741 2312 840 2345 inco-

161 2359 266 2393 lumis
285 2360 446 2394 elabitur.
463 2361 530 2394 En.

165 2465 192 2499 C
218 2425 253 2498 12.
274 2414 339 2446 Per
354 2427 430 2460 quos
445 2415 557 2460 praeda
567 2416 670 2458 furax
688 2417 787 2451 Junt.
808 2425 842 2450 et

195 2477 216 2499 Ο
233 2478 282 2498 ln.

220 2522 254 2558 [ι.
279 2519 384 2564 Quum
403 2522 450 2553 nil
469 2534 489 2552 α
508 2529 598 2553 tanta
613 2522 778 2556 nobilitate
792 2536 841 2555 re-

160 2571 228 2613 fert
255 2571 292 2605 in
321 2572 533 2618 quibusdam
558 2583 642 2609 vett.
670 2576 843 2609 mobilitate

166 2624 354 2669 legendum
366 2635 525 2661 autumat
537 2628 750 2663 Scriverius:
766 2642 843 2674 per-

898 2057 1020 2090 peram
1036 2071 1046 2086 ,
1068 2045 1186 2090 inquit
1206 2046 1289 2078 Ant.
1311 2044 1355 2078 de
1375 2046 1497 2090 Rooy3
1520 2058 1579 2077 no-

899 2099 1005 2131 bilitas
1032 2099 1207 2143 eleganter
1229 2099 1375 2144 ponitur
1400 2111 1464 2143 pro
1493 2099 1582 2130 leone

899 2152 1008 2185 nobili.
1026 2151 1120 2185 Vide
1139 2152 1231 2184 infra
1250 2151 1293 2184 ad
1312 2153 1374 2185 lib.
1398 2152 1443 2192 V,
1465 2152 1579 2196 epigr.

900 2217 1020 2246 xxxr1;
1040 2206 1184 2238 consule
1205 2217 1314 2250 porro
1332 2206 1406 2238 Cel.
1425 2205 1579 2249 Canneg.

900 2257 942 2291 ad
966 2258 1090 2291 Avian.
1117 2258 1202 2291 Fab.
1231 2259 1367 2299 XXIV,
1395 2271 1426 2291 2.
1449 2259 1583 2291 Contra

901 2312 1053 2355 ignobiles
1075 2313 1160 2354 siv-ze
1187 2310 1374 2351 dicuntur,
1400 2324 1478 2357 quae
1505 2323 1580 2344 nou

901 2363 987 2397 adeo
1003 2377 1177 2409 generosae
1197 2377 1235 2397 ac
1254 2365 1373 2398 fortes.
1393 2365 1496 2398 Curt.
1519 2364 1582 2397 lib.

901 2418 977 2458 III,
997 2429 1071 2462 cap.
1090 2419 1123 2451 8.
1142 2438 1194 2442 —
1213 2417 1281 2451 Nec
1301 2419 1389 2450 nihil.
1411 2418 1487 2450 Hoc
1509 2425 1581 2458 est,

901 2469 1053 2516 aliquid:
1068 2470 1159 2503 vires
1178 2471 1360 2504 alacriores
1383 2471 1455 2504 scil.
1479 2479 1584 2515 atque

901 2524 1034 2556 animos
1054 2523 1181 2569 accipit
1196 2536 1215 2557 a
1235 2524 1345 2557 leonis
1361 2522 1582 2557 fortitudine.

901 2577 970 2610 Alii
985 2577 1125 2622 legunt:
1146 2578 1251 2622 Quum
1270 2578 1352 2610 nihil
1368 2590 1387 2609 α
1404 2585 1493 2610 tanta
1516 2590 1583 2609 mo-

902 2631 1022 2663 bilitate
1039 2631 1156 2673 refert:
1172 2630 1262 2664 nihil
1279 2631 1432 2665 vulneris
1452 2629 1582 2664 scilicet
