2061 3288
477 209 1057 255 EPIGRAMMATUM
1095 209 1219 252 LIB.
1260 210 1292 251 Ι.

246 300 379 358 Quod
405 316 484 344 nec
508 301 733 361 Cecropiae
763 299 973 343 damnent
996 297 1229 342 Pandionis
1260 312 1405 349 arces,

312 371 404 415 Nec
430 370 585 415 sileant
608 372 745 415 nostri
771 378 1119 430 praetereantque
1144 385 1279 413 senes.

245 444 360 486 Ante
389 441 506 486 fores
531 451 719 486 stantem
745 441 918 486 dubitas
947 440 1177 485 admittere
1204 440 1388 493 famam,

315 514 463 575 Teque
488 514 606 574 piget
631 529 746 557 curae
772 513 951 574 praemia
976 512 1089 556 ferre
1114 510 1227 555 tuae?

246 586 350 628 Post
378 594 420 628 te
445 585 648 640 victurae,
677 600 756 645 per
785 594 827 628 tc
855 600 1030 645 quoque
1058 584 1206 626 vivere
1232 581 1394 626 chartae

315 656 535 716 Incipiant
561 673 569 698 :
598 656 731 700 cineri
756 654 893 717 gloria
917 670 1012 698 sera
1034 655 1165 697 venit.

232 794 264 828 3.
279 794 624 841 Cecropiae.Cecrops‚
639 803 741 840 gente
750 797 856 840 sEgy-

175 848 290 894 ptius,
307 847 470 893 migravit
489 860 570 881 cum
590 848 725 882 colonis
746 848 781 881 in
795 850 856 881 At-

176 901 298 941 ticam,
322 901 431 934 Aetaei
456 901 547 947 regis
571 901 800 943 affinitatem,
822 909 858 934 et

175 954 275 999 regni
292 955 549 988 successionem
565 955 697 988 virtute
715 967 857 1001 prome-

176 1008 264 1041 ritus
284 1016 351 1049 est;
372 1008 578 1041 monstravit
607 1008 707 1042 olivae
732 1021 857 1050 usum,

175 1060 338 1094 condidit
351 1073 466 1094 arcein
479 1087 488 1102 ‚
502 1069 536 1094 et
552 1061 675 1094 urbem
689 1062 856 1095 Athenas.

176 1113 340 1147 Pandion
358 1127 501 1160 quoque
519 1115 680 1160 regnavit
698 1114 857 1149 Athenis.

180 1167 407 1209 Reineccius,
428 1167 471 1201 de
491 1168 658 1201 Familiis.

234 1221 404 1260 4.Νωῐνι’.
426 1221 560 1262 Latini;
576 1222 682 1254 Poeta
702 1233 784 1266 ergo
807 1221 860 1253 in-

178 1273 304 1318 telligit
321 1286 410 1319 opus
429 1274 562 1308 Graecis
582 1282 616 1307 et
634 1274 767 1307 Latinis
783 1275 858 1307 lau-

176 1325 347 1360 dandum.
368 1348 420 1353 —-
436 1327 506 1361 Nec
519 1335 721 1372 praetereant.
741 1327 859 1360 Omne

176 1379 288 1413 laudis
303 1388 478 1426 punctum
497 1380 548 1413 illi
564 1381 732 1414 tribuant.
751 1381 861 1413 Meta-

177 1433 290 1478 phora
317 1446 335 1467 a
356 1434 532 1479 suffragiis
559 1446 637 1480 quae
661 1434 698 1467 in
725 1434 859 1467 tabulas

178 1498 294 1520 cereas
318 1487 561 1521 referebantur
586 1500 649 1533 per
668 1495 818 1532 puncta:
841 1499 860 1520 e

178 1539 304 1585 quibus
338 1540 574 1586 plurimorum
606 1553 714 1575 censu
749 1541 859 1587 magi-

916 802 1043 827 stratus
1074 795 1175 825 creari
1185 806 1198 833 ‚·
1226 792 1432 839 pauciorum
1449 816 1458 833 ‚
1486 804 1504 824 a
1532 803 1596 836 po-

915 846 1001 893 pulo
1036 848 1157 891 agitari
1174 860 1186 880 .·
1208 845 1388 879 nullorum
1401 872 1410 888 ,
1437 846 1597 890 proeterlri

917 899 1123 934 candidatus
1135 899 1329 934 dicebatur.
1343 899 1466 932 Horat.
1480 897 1525 931 ad
1539 898 1596 931 Pi-

916 966 1032 987 sones:
1047 954 1206 987 Centzcriae
1216 956 1369 986 seniorum
1380 954 1595 997 agitant,etc.

916 1006 1075 1041 —Senes.
1087 1007 1157 1049 Qui
1168 1004 1597 1051 inaturioresjudieii3ve1

917 1060 1041 1094 alludit
1069 1059 1113 1093 ad
1133 1060 1306 1094 centurias
1335 1059 1537 1101 seniorum,
1556 1066 1596 1092 ut

918 1113 1038 1147 modo.

971 1180 1006 1212 7.
1029 1168 1095 1200 Per
1129 1175 1169 1200 te.
1202 1166 1254 1200 Te
1284 1165 1359 1199 illas
1391 1165 1575 1210 evulgante
1589 1191 1599 1207 ‚

917 1220 1017 1266 quasi
1035 1220 1143 1254 vitam
1161 1220 1346 1265 accipiant.

975 1276 1011 1308 8.
1036 1273 1145 1307 Cineri
1159 1273 1279 1317 gloria.
1298 1272 1361 1305 His
1379 1271 1494 1305 verbis
1511 1271 1598 1304 hor-

920 1334 1013 1360 tatur
1028 1327 1238 1360 Faustinum
1249 1352 1258 1367 ‚
1278 1334 1317 1359 ut
1335 1325 1457 1358 vivens
1473 1332 1507 1357 et
1520 1338 1598 1358 sen-

920 1380 1008 1413 tiens
1031 1393 1093 1414 sua
1123 1380 1263 1413 fruatur
1293 1380 1383 1413 fama
1413 1386 1448 1410 et
1477 1378 1597 1423 gloria.

919 1432 1029 1475 Quod
1041 1433 1115 1479 ipse
1131 1432 1175 1466 de
1191 1445 1227 1466 se
1239 1440 1385 1466 testatus
1401 1440 1469 1473 est,
1487 1432 1596 1477 epigr.

920 1499 951 1519 11
975 1499 1077 1532 supra
1090 1513 1099 1529 ‚
1117 1487 1178 1520 lib.
1195 1486 1243 1525 V,
1263 1486 1373 1532 epigr.
1394 1497 1481 1526 xnr,
1501 1498 1532 1519 v.
1558 1489 1599 1525 513

920 1548 954 1574 et
973 1540 1036 1574 lib.
1058 1541 1132 1580 m,
1155 1538 1266 1586 epigr.
1287 1551 1365 1584 xcv,
1381 1551 1414 1572 v.
1437 1540 1471 1573 8.

750 1678 1033 1735 XXVII.

640 1823 708 1851 AD
747 1822 1142 1851 SEXTILIANUM.

253 1949 565 2004 SEXTILIANE,
590 1947 702 1992 bibis
731 1957 944 2009 quantum
971 1946 1174 1992 subsellia
1199 1948 1390 2008 quinque

322 2017 448 2063 Solus
476 2036 484 2062 :
511 2035 624 2080 aqua
650 2020 777 2063 toties
803 2019 949 2063 ebrius
978 2035 1072 2062 esse
1097 2028 1235 2079 potes.

252 2089 346 2133 Nec
372 2106 676 2134 consessorum
702 2091 844 2134 vicina
871 2091 1136 2134 numismata
1161 2098 1357 2143 tantum,

240 2229 269 2249 1.
305 2216 463 2250 Subsellia
498 2219 640 2264 quinque.
675 2218 752 2252 Hoc
784 2228 834 2252 est
849 2244 858 2256 ‚

182 2277 354 2314 quantum
369 2269 526 2315 quinque
549 2271 681 2316 equites
697 2271 757 2317 qui
776 2273 860 2305 sub-

180 2323 275 2355 sellia
308 2322 345 2355 in
376 2322 646 2369 quatuordecim
675 2324 860 2358 ordinibus

180 2376 415 2421 occupabant.
447 2376 509 2409 Est
538 2376 778 2422 Synecdoche.
808 2379 860 2412 De

181 2428 372 2462 Sextiliano
396 2431 467 2474 jam
492 2428 647 2472 dictum,
669 2431 777 2477 epigr.
805 2443 860 2464 xn

181 2481 386 2526 supra.Vid.
401 2483 464 2515 lib.
477 2483 522 2524 V,
533 2483 641 2529 epigr.
652 2496 722 2516 vn1
737 2483 860 2517 :nEdi-

181 2542 278 2567 ctum
301 2535 443 2569 Domini
463 2536 598 2581 Deique
626 2537 755 2578 nostri,
778 2537 859 2578 Quo

182 2587 341 2621 subsellia
377 2589 524 2622 certiora
556 2590 645 2623 fiunt
680 2590 723 2623 Et
755 2603 860 2636 puros

182 2652 286 2684 eques
305 2640 445 2676 ordines
466 2643 608 2688 recepit.
631 2661 644 2672 n

975 2231 1006 2252 2.
1021 2219 1239 2253 Musamber.
1256 2217 1339 2264 legit
1355 2231 1434 2252 cuin
1452 2219 1602 2253 interro-

919 2273 1058 2317 gatione
1075 2285 1084 2306 ε
1100 2285 1182 2318 aqua
1200 2274 1290 2305 toties
1302 2272 1404 2306 ebrius
1419 2286 1482 2305 esse
1490 2278 1600 2319 potes?

924 2346 972 2354 —-
988 2326 1086 2372 Aqua
1106 2327 1208 2359 toties.
1231 2325 1438 2372 Hyperbole
1456 2327 1600 2360 ironica.

975 2379 1009 2411 3.
1035 2379 1103 2412 Nec
1131 2391 1342 2412 concessorum
1366 2379 1404 2411 in
1423 2378 1477 2412 ed.
1498 2380 1601 2412 Plan-

921 2431 1051 2464 tiniana
1067 2457 1076 2472 ,
1099 2431 1122 2465 i.
1151 2444 1180 2465 e.
1200 2432 1255 2465 vel
1279 2444 1297 2465 a
1318 2444 1398 2477 rege
1421 2433 1575 2466 convivii
1593 2460 1601 2473 ⁷

919 2484 974 2517 vel
989 2497 1006 2517 a
1023 2483 1183 2530 principe
1201 2497 1209 2518 ε
1229 2486 1329 2518 Junt.
1347 2498 1402 2519 an.
1428 2486 1470 2520 15
1482 2498 1494 2519 1
1507 2500 1523 2518 2
1541 2486 1602 2519 ha-

920 2537 979 2570 bet
1004 2539 1233 2581 confhssorum,
1256 2551 1376 2572 errore
1400 2539 1600 2573 manifesto.

919 2611 972 2616 —-
1007 2592 1074 2624 Nec
1113 2604 1332 2626 consessorum.
1364 2592 1437 2626 Nec
1464 2601 1600 2626 tantum

920 2642 964 2676 ad
985 2644 1106 2678 vinum
1124 2657 1286 2679 nummos
1308 2658 1468 2690 corrogas
1487 2647 1528 2679 ab
1549 2658 1600 2678 as·
