2061 3288
471 230 568 285 418

855 229 917 272 M.
944 230 1083 272 VAL.
1123 229 1514 272 MARTIALIS

683 318 926 377 Argentum
950 326 1097 361 tamen
1120 317 1233 360 inter
1255 332 1408 372 omne⁷
1430 317 1588 371 miror,

683 389 832 444 Quare
854 404 944 431 non
968 386 1152 445 habeas,
1179 387 1393 443 Charine,
1417 403 1589 447 purum.
1852 415 1885 431 ,ο

469 528 537 561 bus
570 527 623 560 usi
653 526 790 559 fuerant
812 525 955 559 Charini
983 526 1144 571 majores.

525 592 581 613 10.
615 580 748 612 Pur-um.
785 579 851 612 Hic
886 578 1145 624 epigrammatis

465 645 611 667 acumen
624 640 658 666 et
679 644 826 678 scopu53
843 645 957 677 put-um
976 631 1069 665 enim
1089 644 1143 664 ar-

465 694 609 731 gentum
634 684 817 719 dicebatur
844 697 914 717 non
946 686 1142 717 contamina--

468 748 530 772 tum
545 764 555 780 ‚
577 738 615 773 id
637 748 708 778 est,
737 751 799 771 non
821 738 965 771 caelatum
988 746 1047 771 aut
1068 749 1141 771 non

1205 523 1263 558 alii
1273 524 1413 558 metallo
1425 527 1553 557 mixtum
1562 538 1575 564 ;
1592 523 1650 557 sed
1663 525 1706 557 ab
1718 524 1882 570 ambiguo

1204 578 1396 622 exprobrat
1421 577 1576 610 Charino
1596 574 1675 616 (lib.
1699 579 1740 616 I,
1769 578 1877 622 epigr.

1206 627 1367 670 Lxxvn1)
1386 632 1455 664 oris
1474 630 1711 676 impuritatem
1725 656 1733 669 ,
1765 643 1782 663 a
1807 643 1880 676 quo

1202 695 1279 717 vasa
1302 684 1374 716 haec
1397 683 1514 716 omnia
1534 684 1878 729 conspurcabantur,

1203 745 1236 770 et
1250 760 1260 776 ,
1278 745 1318 770 ut
1330 737 1377 770 ita
1393 735 1525 773 dicam,
1549 736 1824 782 impurahantur.

1101 884 1231 940 XL.

896 1042 970 1070 AD
1018 1021 1430 1071 POSTHUMUM.⁸

527 1172 678 1214 ATmA
705 1168 911 1211 Pisonum
938 1165 1111 1210 stabant
1137 1183 1238 1209 cum
1264 1175 1490 1210 stemmate
1512 1175 1627 1222 toto,

596 1242 654 1283 Et
677 1237 795 1282 docti
817 1238 991 1281 Senecae
1020 1246 1085 1280 ter
1115 1236 1387 1280 numeranda
1415 1236 1596 1291 domus;

506 1376 520 1390 ⁴¹
548 1378 719 1425 Neglectis
751 1377 919 1410 divitibus
947 1377 1104 1421 patronis
1125 1402 1133 1417 ,

455 1434 582 1467 Noster
605 1445 668 1478 per
690 1442 799 1464 annos
820 1430 963 1475 triginta
986 1428 1133 1475 diligen-

456 1488 586 1521 tissime
608 1486 763 1519 coluerat
786 1484 1020 1516 posthumum
1046 1494 1133 1527 pau-

454 1553 572 1586 perem
590 1554 598 1579 3
614 1538 674 1584 qui
691 1537 792 1570 tacita
807 1536 855 1569 sic
868 1548 940 1568 sese
955 1535 1051 1580 quasi
1069 1535 1131 1567 ob-

454 1594 639 1626 strinxerat
661 1589 872 1635 obligatione
894 1589 1045 1621 amicum
1061 1597 1132 1620 tam

453 1645 594 1680 fidelem
631 1640 879 1676 remunerandi
893 1668 902 1679 ,
936 1642 963 1674 si
991 1643 1131 1686 quando

454 1707 580 1744 potens
618 1697 717 1736 fieret
753 1708 790 1728 ac
826 1695 990 1739 locuples.
1026 1693 1131 1735 Quod

454 1764 562 1796 quum
581 1749 778 1789 accidisset,
799 1755 831 1781 et
849 1747 1060 1780 posthumus
1077 1745 1131 1779 di-

452 1817 511 1838 ves
524 1831 533 1846 ,
555 1802 641 1849 quid
659 1801 803 1834 deberet
819 1800 1031 1833 Posthumus
1048 1812 1133 1844 pau·

451 1870 516 1903 per
533 1883 542 1898 ‚
571 1855 858 1894 oblivisceretur,
888 1865 968 1885 eum
1003 1853 1131 1896 ingrati

451 1910 560 1944 animi
577 1921 678 1942 reum
697 1908 778 1940 facit
793 1904 962 1939 Martialis
974 1931 983 1945 ‚
1001 1905 1131 1938 Fortu.-

450 1975 602 2008 namque
632 1962 789 2000 incusat,
813 1971 892 2004 quae
921 1958 1020 1992 malae
1046 1957 1130 1991 fidei

450 2016 567 2050 virum
589 2014 762 2048 ditaverit.
783 2013 850 2045 EI).

509 2081 522 2102 1
535 2096 542 2103 .
555 2070 654 2102 Atria
669 2068 818 2100 Pisonum
829 2093 838 2106 ,
848 2072 913 2097 etc.
925 2063 1052 2097 Sensus
1060 2071 1126 2097 est:

450 2123 613 2155 Poteram
637 2120 726 2153 mihi
745 2127 910 2164 patronos
933 2125 967 2149 et
998 2117 1128 2149 amicos

449 2176 576 2221 eligere
604 2186 645 2207 ex
681 2172 787 2205 domo
825 2171 882 2203 illa
918 2169 1127 2214 Calpurnio-

449 2241 529 2262 rum
543 2252 551 2265 ,
572 2228 632 2261 cui
645 2237 839 2271 cognomen
857 2223 923 2256 fuit
938 2222 1103 2255 Pisonum
1116 2235 1124 2263 ;

448 2293 557 2326 quum
578 2280 672 2313 enim
693 2287 726 2311 te
742 2304 750 2320 ⁷
778 2277 986 2317 posthume,
1007 2283 1125 2320 patro-

447 2347 533 2367 num
573 2332 682 2377 elegi,
715 2331 863 2364 florebat
900 2329 957 2362 illa
993 2327 1124 2361 familia

446 2388 548 2432 longa
568 2386 727 2418 virorum
750 2382 1048 2417 nobilissimorum
1071 2393 1123 2414 se-

444 2440 496 2473 rie
509 2465 518 2481 ‚
537 2451 618 2472 cum
645 2445 719 2471 toto
744 2435 932 2481 splendore
951 2447 1013 2467 suo
1034 2434 1123 2467 anti-

444 2504 535 2539 quo;
560 2491 701 2537 patebat
727 2489 814 2522 mihi
844 2489 948 2521 etiam
977 2486 1121 2520 celebris

444 2546 655 2579 Senecarum
693 2541 822 2575 familia
845 2554 853 2575 :
889 2541 954 2574 hos
995 2539 1121 2573 divites

445 2610 566 2631 omnes
585 2596 650 2630 tihi
667 2594 850 2640 postposui
872 2593 1034 2639 pauperi,
1054 2602 1118 2626 etc.

443 2653 512 2686 En!
534 2671 586 2677 -—
618 2648 765 2682 Stabant.
793 2647 997 2682 Florebant.
1026 2645 1119 2678 Vide

1193 1375 1332 1421 Virgilii
1347 1374 1514 1409 AEneidos
1526 1376 1586 1409 lib.
1608 1374 1662 1417 II⁷
1675 1388 1724 1409 vs.
1745 1377 1790 1409 88
1806 1388 1815 1418 ;
1835 1383 1870 1409 et

1194 1428 1313 1461 Ovidii
1331 1429 1503 1461 Tristium
1516 1454 1525 1471 ,
1540 1429 1601 1462 lib.
1622 1430 1639 1460 I
1659 1428 1745 1473 eleg.
1768 1430 1800 1462 8.
1817 1450 1871 1455 --

1192 1482 1302 1515 Atria.
1329 1482 1369 1514 In
1398 1482 1485 1514 atrio
1513 1494 1573 1514 seu
1600 1481 1715 1527 primo
1742 1480 1870 1515 domus

1192 1533 1289 1567 aditu
1320 1535 1582 1568 collocabantur
1616 1543 1796 1567 stemmata
1834 1543 1869 1568 et

1191 1589 1363 1631 majorum
1386 1587 1564 1632 imagines.
1593 1588 1661 1620 En.
1688 1607 1741 1612 —-
1765 1587 1869 1620 Stem-

1191 1649 1284 1672 mate.
1307 1640 1460 1674 Stemma
1481 1649 1530 1674 est
1551 1639 1640 1673 ordo
1659 1640 1868 1686 genealogiae

1190 1693 1227 1726 in
1255 1693 1346 1738 picta
1367 1694 1491 1726 arbore
1518 1694 1660 1738 ejusque
1681 1693 1785 1726 ramis
1806 1692 1867 1726 de-

1190 1746 1354 1790 scriptus.
1378 1747 1517 1791 Στέμμα
1538 1746 1681 1791 proprie
1701 1758 1866 1779 coronam

1189 1798 1384 1843 significat3
1406 1811 1533 1844 nempe
1559 1811 1599 1832 ex
1621 1799 1753 1833 arboris
1773 1799 1866 1832 illius

1189 1851 1417 1896 genealogicae
1450 1851 1553 1884 ramis
1585 1851 1716 1885 fiebant
1743 1851 1864 1885 circuli

1188 1905 1224 1936 in
1244 1903 1388 1937 modum
1416 1917 1553 1938 coronae
1567 1930 1576 1945 ‚
1596 1905 1632 1937 in
1656 1905 1783 1949 quibus
1808 1905 1864 1937 vel

1187 1957 1302 2002 imago
1314 1983 1322 1998 ‚
1341 1958 1396 1990 vel
1412 1970 1540 2003 nomen
1557 1958 1702 2002 alicujus
1722 1971 1740 1991 e
1759 1959 1865 2003 majo-

1186 2010 1283 2043 ribus
1305 2018 1505 2054 poneretur.
1528 2010 1655 2044 Seneca
1677 2009 1722 2043 de
1740 2010 1861 2044 B‘enef.

1189 2063 1249 2096 lib.
1276 2063 1354 2105 III,
1376 2058 1543 2108 capf28:
1570 2081 1582 2092 υ
1607 2064 1677 2104 Qui
1696 2064 1862 2108 imagines

1186 2115 1221 2148 in
1244 2115 1332 2148 atrio
1360 2124 1541 2161 exponunt
1557 2141 1565 2157 ‚
1586 2125 1620 2148 et
1646 2116 1788 2149 nomina
1811 2116 1861 2150 fa-

1186 2168 1291 2201 miliae
1308 2181 1376 2201 suae
1392 2169 1497 2214 longo
1516 2168 1642 2202 ordine
1654 2194 1662 2210 ,
1684 2181 1722 2203 ac
1742 2169 1862 2203 multis

1185 2229 1405 2254 stemmatum
1447 2222 1577 2267 illigata
1615 2221 1755 2255 flexuris
1775 2248 1784 2264 ,
1823 2221 1859 2255 in

1183 2283 1282 2319 parte
1296 2275 1408 2319 prima
1426 2273 1554 2308 aedium
1572 2275 1765 2313 collocant,
1784 2275 1859 2308 noti

1183 2327 1291 2373 magis
1313 2340 1415 2372 quam
1436 2327 1572 2360 nobiles
1590 2328 1697 2360 fiunt.
1720 2345 1732 2356 u
1753 2328 1860 2360 Juve-

1183 2381 1270 2413 nalis
1282 2406 1290 2421 ,
1307 2389 1368 2413 sat.
1382 2381 1487 2421 VIII,
1500 2393 1549 2414 vs.
1572 2392 1584 2412 1
1604 2392 1612 2414 :
1640 2398 1652 2410 a
1667 2380 1858 2413 Stemmata

1182 2432 1270 2478 quid
1286 2433 1449 2466 faciunt?
1471 2450 1484 2462 n

1238 2499 1269 2519 2.
1288 2487 1337 2519 Et
1347 2487 1434 2518 docti
1448 2485 1573 2519 Seneca>
1591 2493 1637 2517 ter
1652 2485 1855 2518 numeranda.

1180 2540 1251 2572 Ter
1266 2539 1433 2579 celebri53
1451 2539 1504 2571 vel
1524 2546 1669 2584 propter
1688 2539 1855 2572 Senecam

1179 2592 1357 2625 rhetorem
1372 2616 1382 2631 ‚
1404 2600 1438 2624 et
1461 2592 1573 2624 filium
1595 2592 1667 2635 ejus
1694 2591 1854 2623 Philoso-

1178 2645 1286 2690 phum
1304 2672 1311 2686 ‚
1333 2653 1365 2678 et
1383 2646 1564 2678 Lucanum
1578 2650 1738 2688 nepotem
1754 2656 1762 2685 ;
1782 2642 1853 2677 vid.
