2061 3288
425 241 1018 286 EPIGRAMMATUM
1058 242 1182 286 LIB.
1222 243 1307 286 IV.

1480 242 1577 304 369

816 396 895 452 ΙΙ.

690 552 755 580 DE
800 551 1052 581 HORATIO.

370 680 642 723 SPECTABAT
665 678 797 722 modo
819 677 936 722 solus
958 680 1072 722 inter
1091 695 1244 723 omnes

370 750 519 810 Nigris
550 766 709 794 munus
735 750 943 794 Horatius
970 748 1177 805 lacernis,

371 821 520 878 Quum
548 820 696 882 plebs,
722 831 764 864 et
795 821 941 865 minor
971 821 1105 877 ordo,
1132 822 1436 884 maximusque

366 892 526 936 Sancto
553 909 651 935 cum
680 891 790 935 duce
817 891 1028 936 candidus
1054 892 1236 937 sederet.

367 963 481 1006 Toto
507 963 581 1006 nix
607 962 764 1007 cecidit
790 972 970 1024 repente
991 962 1097 1007 caelo
1119 981 1127 1007 :
1566 987 1580 1009 5

365 1032 484 1077 Albis
509 1043 678 1094 spectat
701 1035 910 1078 Horatius
931 1033 1128 1078 lacernis.

213 1185 245 1205 2.
261 1171 374 1216 Nigris
389 1174 530 1206 mimmus
544 1172 750 1206 Beverlandi
763 1173 835 1207 MS.

164 1226 299 1258 Gratius
322 1225 357 1258 in
387 1224 469 1259 edd.
496 1235 580 1259 vett.
605 1235 639 1260 et
664 1227 711 1259 sic
729 1240 779 1259 vs.
804 1230 836 1259 (ἱ.

157 1299 210 1305 —-
227 1279 340 1323 Nigris
363 1292 481 1312 mamm.
507 1278 637 1313 Adesse
656 1289 838 1325 spectacu-

156 1331 199 1364 lis
209 1344 280 1364 non
292 1332 430 1371 licebat,
443 1332 509 1366 nisi
524 1333 564 1365 iis
576 1333 639 1378 qui
653 1342 746 1366 veste
762 1333 838 1366 alba

158 1383 275 1418 induti
296 1394 432 1427 essent;
459 1385 519 1419 sed
539 1385 729 1419 Domitiani
750 1394 837 1419 tem-

157 1450 243 1482 pore
256 1451 338 1471 usus
352 1438 566 1479 invaluerat,
583 1447 622 1471 ut
634 1437 839 1471 indecenter

157 1490 321 1536 quidem,
342 1490 403 1524 sed
428 1500 544 1525 tamen
565 1491 711 1536 impune
737 1491 838 1525 ludos

157 1551 354 1589 spectarent
385 1545 499 1578 atrati.
528 1544 621 1578 Vide
651 1545 712 1578 lib.
736 1545 838 1587 XIV,

157 1597 266 1643 epigr.
289 1610 443 1631 cxxxvn.
472 1598 602 1632 Munus.
625 1597 747 1643 Accipi
780 1597 841 1632 de-

157 1650 217 1683 bet
235 1663 302 1696 pro
324 1651 482 1696 quolibet
503 1663 630 1696 genere
658 1660 838 1697 spectacu-

157 1703 275 1736 lorum
295 1716 303 1736 :
326 1712 476 1737 attamen
504 1704 683 1749 praecipue
709 1704 839 1738 intelli-

157 1756 252 1800 gitur
283 1769 411 1790 munus
444 1756 707 1803 gladiatorum:
738 1759 839 1802 cujus

159 1808 277 1843 editor
298 1810 518 1843 munerarius
555 1809 697 1843 dicitur.
723 1810 838 1843 Forsi-

159 1870 218 1895 tan
236 1863 484 1897 naumachiam
499 1863 690 1909 significat‚
710 1862 754 1895 de
773 1876 840 1909 qua

158 1928 197 1949 re
221 1917 323 1950 infra.
343 1916 409 1949 ED.
429 1938 481 1943 ——
500 1917 661 1950 Lucernis.
678 1918 841 1949 Lacernae

159 1978 271 2002 vestes
301 1979 401 2003 erant
427 1970 610 2003 crassiores
635 1979 757 2004 contra
779 1970 840 2003 fri-

159 2035 222 2067 gus
259 2031 318 2056 aut
351 2023 507 2068 pluviam
543 2032 750 2069 comparatae
766 2048 775 2063 ‚
808 2031 842 2056 et

161 2076 297 2120 imponi
317 2077 403 2121 togis
425 2076 535 2110 solitae
550 2102 560 2117 ‚
580 2077 736 2122 primum
763 2077 841 2122 qui-

162 2127 243 2161 dem
260 2129 295 2161 in
312 2129 449 2171 castris,
466 2138 545 2175 post
563 2130 666 2163 etiam
683 2131 717 2163 in
731 2130 837 2171 urbe;

162 2181 204 2214 iis
223 2194 304 2214 vero
320 2194 409 2227 opus
426 2191 498 2216 erat
517 2183 683 2216 Romanis
703 2182 746 2216 ad
769 2196 841 2229 spe-

163 2233 308 2268 ctandos
342 2234 463 2277 ludos,
500 2249 610 2281 quum
642 2236 777 2269 theatra
804 2236 841 2269 in

162 2287 354 2333 propatulo
384 2289 447 2321 sita
479 2296 600 2322 contra
628 2289 703 2322 caeli
733 2289 841 2323 incle-

163 2341 331 2374 mentiam
358 2341 443 2375 velis
473 2350 611 2375 tantum
640 2350 674 2375 et
694 2342 843 2376 carbasis

163 2401 447 2439 protegerentur:
466 2395 707 2428 Domitianum
725 2403 843 2428 autem

163 2447 386 2480 naumachias
417 2448 614 2481 exhibuisse
640 2459 703 2493 per
732 2449 842 2481 maxi-

164 2512 240 2533 mos
267 2501 396 2533 imbres
420 2508 590 2534 testantur
617 2501 842 2546 xiphilinus,

165 2561 199 2586 et
221 2553 429 2595 Suetonius,
451 2566 526 2600 cap.
551 2557 584 2594 4.

221 2607 254 2640 3.
271 2607 380 2639 Minoi·
395 2607 482 2640 ordo.
502 2607 681 2652 Equestris
697 2619 842 2652 nempe3

166 2659 335 2693 maximus
379 2673 463 2693 vero
507 2661 719 2694 senatorius.
755 2661 843 2693 Tres

242 2763 278 2802 I.

901 1182 999 1207 erant
1013 1175 1132 1207 Romae
1148 1174 1278 1208 civium
1297 1174 1459 1210 ordines:
1481 1189 1580 1211 sena-

899 1235 952 1259 tus
966 1253 974 1269 ,
993 1227 1126 1272 equites
1141 1253 1150 1269 ‚
1172 1228 1348 1273 populus,
1369 1231 1470 1276 cujus
1500 1244 1579 1277 pars

898 1280 1019 1313 infima
1036 1281 1233 1325 proletarii.
1253 1282 1322 1315 ΕΙ).

954 1337 986 1373 4.
1008 1333 1126 1367 Sancto
1146 1347 1215 1366 cum
1239 1334 1329 1368 duce.
1352 1335 1556 1369 Domitiano
1572 1364 1580 1379 ‚

898 1398 1004 1431 quem
1039 1395 1197 1421 sanctum
1234 1396 1333 1421 vocat
1351 1414 1359 1427 ,
1398 1389 1452 1421 vel
1485 1390 1579 1435 quod

898 1451 1077 1471 summum
1094 1440 1333 1485 magistratum
1349 1450 1504 1486 gereret,
1519 1444 1582 1489 qui

898 1499 1038 1524 sanctus
1051 1500 1144 1533 erat,
1162 1493 1217 1525 vel
1234 1494 1316 1538 quia
1329 1493 1433 1526 deum
1448 1507 1483 1528 se
1496 1509 1583 1541 prae·

898 1543 1173 1579 dicabat.—Vel
1186 1546 1267 1591 quia
1281 1560 1401 1592 aequus
1412 1556 1446 1581 et
1463 1548 1581 1583 bonus

898 1606 972 1631 erat
988 1598 1153 1644 princeps
1169 1614 1177 1639 ;
1198 1599 1295 1645 quod
1316 1601 1465 1634 innuere
1482 1601 1581 1636 vide-

899 1660 958 1684 tur
979 1651 1162 1686 Martialis.
1184 1653 1360 1686 Caeterum
1381 1666 1398 1687 a
1418 1653 1583 1689 laudato-

897 1704 996 1738 ribus
1009 1705 1159 1738 maxima
1175 1718 1322 1752 quaeque
1339 1707 1415 1740 laus
1430 1710 1581 1743 merenti

899 1765 958 1790 aut
977 1757 1176 1792 immerenti
1198 1759 1432 1793 condonatur.
1450 1761 1516 1794 En.
1529 1784 1582 1789 -—-

902 1809 1078 1844 Candidus.
1088 1812 1166 1845 Lib.
1178 1812 1279 1854 XIV,
1292 1813 1400 1859 epigr.
1414 1826 1560 1848 cxxxvn
1572 1841 1582 1857 ‚

900 1865 999 1908 cujus
1022 1864 1148 1897 lemma
1161 1891 1169 1906 ,
1190 1865 1326 1898 lacer-nce
1346 1867 1429 1899 alboe
1444 1894 1453 1907 ,
1479 1867 1583 1901 docet

899 1916 935 1948 in
951 1915 1044 1950 ludis
1063 1917 1294 1951 theatralibus
1312 1919 1445 1953 albatos
1461 1933 1582 1954 omnes

900 1968 1036 2011 sedere3
1050 1978 1084 2002 at
1103 1982 1200 2004 secus
1217 1980 1289 2004 erat
1307 1971 1342 2004 in
1356 1973 1580 2019 municipiis,

900 2023 960 2056 ubi
987 2021 1146 2056 aedilibus
1171 2018 1291 2058 ‘solum
1320 2024 1583 2060 concedebatur

902 2075 1006 2109 ludos
1037 2088 1117 2109 cum
1145 2077 1271 2111 tunicis
1305 2078 1392 2111 albis
1412 2087 1579 2124 spectare.

899 2129 1029 2162 Juven.
1043 2130 1189 2171 sat.III‚
1208 2143 1257 2164 vs.
1278 2143 1348 2176 177
1363 2143 1371 2165 :
1388 2149 1402 2162 «
1419 2133 1581 2178 AEquales

900 2182 1041 2215 habitus
1052 2181 1124 2216 illic
1137 2183 1358 2229 similemque
1368 2183 1505 2219 videbis
1517 2186 1582 2219 Or-

901 2235 1073 2269 che-stram
1085 2245 1119 2270 et
1131 2237 1303 2282 populum
1311 2250 1320 2279 ;
1329 2238 1411 2271 clari
1422 2239 1581 2273 velamen

900 2289 1045 2322 honoris
1077 2289 1265 2324 Sufficiunt
1285 2291 1415 2325 tunicae
1433 2293 1580 2326 summis

901 2340 1060 2375 aedilibus
1080 2342 1175 2375 albae.
1201 2359 1214 2371 ι)

958 2394 990 2428 5.
1028 2394 1153 2427 Cecidit
1181 2403 1304 2440 repente
1334 2397 1421 2430 coelo.
1456 2397 1581 2443 Inique

902 2448 1059 2481 tulerunt
1077 2447 1136 2480 Dii
1155 2448 1262 2493 pullis
1288 2450 1444 2483 vestibus
1473 2450 1578 2484 indu-

902 2509 976 2533 tum
1012 2499 1178 2534 assedisse
1214 2501 1400 2535 Horatium
1433 2501 1528 2537 ludis
1564 2517 1581 2536 a

903 2553 1106 2586 Domitiano
1135 2552 1264 2596 editis,
1292 2563 1327 2588 et
1359 2556 1474 2589 subita
1498 2557 1581 2590 nive

903 2605 1103 2640 dealbatum
1127 2606 1308 2640 hominem
1334 2609 1468 2642 caeteris
1490 2608 1581 2642 adsi-

903 2660 1122 2693 milaverunt.

1272 2764 1333 2815 24
