2061 3288
416 206 477 251 88

788 205 850 248 Μ.
877 204 1012 249 VAL.
1051 205 1440 251 MARTIALIS

549 290 763 337 Dulcibus
793 302 869 337 aut
892 302 1061 337 certant
1085 310 1179 351 quae
1203 293 1417 338 melimela
1443 295 1579 340 favis:

481 364 585 409 Non
610 379 738 424 pyra,
764 379 859 424 quae
885 362 999 407 lenta
1026 364 1216 424 pendent
1242 364 1420 425 religata
1445 367 1634 426 genista,
1811 387 1826 411 5

554 436 643 478 Aut
670 434 838 478 imitata
869 434 1023 478 breves
1050 436 1208 495 punica
1233 435 1347 479 mala
1374 453 1507 481 rosas.

485 505 667 548 Rustica
692 503 900 548 lactantes
931 522 1010 549 nec
1041 506 1157 549 misit
1181 505 1332 549 fiscina
1360 516 1517 563 metas,

556 576 650 620 Nec
680 575 734 619 de
763 576 931 619 Picenis
963 577 1080 620 venit
1105 575 1219 620 oliva
1245 576 1374 620 cadis.

485 645 642 691 Nudus
669 662 797 707 aper;
825 645 901 689 sed
924 656 967 690 et
987 647 1058 690 hic
1088 648 1313 702 minimus,
1335 647 1558 709 qualisque
1582 649 1726 692 necari

556 717 594 760 A
620 733 709 761 non
733 726 900 761 armato
928 717 1164 777 pumilione
1188 727 1346 778 potest.

488 789 545 832 Et
571 787 677 831 nihil
708 787 807 831 inde
835 787 985 831 datum
1012 797 1096 844 est3
1117 797 1287 832 tantuin
1314 789 1604 849 spectavimus
1633 805 1796 833 omnes.

557 859 723 902 Ponere
748 874 904 918 aprum
930 858 1055 902 nobis
1079 860 1139 903 sic
1160 869 1203 902 et
1223 875 1352 903 arena
1376 857 1495 903 solet.

420 1004 492 1038 fere
512 1017 624 1051 usque
646 1004 689 1038 ad
713 1005 930 1050 putationem
956 1007 1094 1040 vitium.

421 1058 501 1092 Lib.
527 1059 599 1100 ΙΙΙ,
621 1059 730 1104 epigr.
753 1071 862 1100 LVIII,
883 1072 916 1093 v.
944 1061 976 1093 8.
998 1077 1011 1089 α
1031 1060 1098 1093 Hic

422 1119 501 1156 post
534 1113 740 1145 novembres
760 1138 769 1153 ,
797 1112 1002 1146 imminente
1027 1114 1098 1158 jam

422 1164 566 1205 bruma,
585 1164 682 1198 Seras
701 1173 843 1210 putator
858 1164 1025 1199 horridus
1043 1178 1098 1199 re-

423 1216 491 1250 fert
508 1229 602 1250 uvas.
624 1234 638 1247 n
663 1218 752 1250 Nam
769 1217 804 1251 id
823 1227 895 1252 erat
913 1218 1100 1264 proprium

423 1269 550 1303 vitium
567 1270 807 1316 putandarum
825 1279 973 1317 tempus.
992 1271 1100 1305 Colli-

425 1334 466 1367 ge
481 1335 521 1356 ex
536 1323 604 1356 hoc
615 1336 717 1357 versu
732 1324 929 1357 famelicum
943 1324 1010 1357 hoc
1021 1337 1102 1357 con-

424 1375 560 1409 vivium
593 1376 744 1410 hiberno
779 1385 939 1422 tempore
976 1377 1100 1417 fuisse;

424 1440 506 1461 nam
526 1438 776 1462 enumerantur
797 1430 930 1462 fructus
949 1429 1009 1474 qui
1030 1442 1101 1463 ser·

425 1481 499 1514 vari
515 1482 637 1515 solent.
653 1482 875 1515 Ramiresius.

484 1539 517 1575 4.
532 1534 622 1568 Edd.
636 1535 735 1568 Junt.
753 1536 867 1569 Colin.
883 1543 916 1568 et
930 1535 1003 1568 aliae
1017 1543 1100 1569 vett.

427 1586 559 1620 hahent
572 1588 746 1621 melimella.
761 1609 813 1614 —
827 1588 996 1621 Melimela.
1015 1588 1103 1621 Sunt

427 1651 530 1685 poma
541 1639 699 1685 quaedam
711 1641 831 1686 exigua
841 1667 850 1682 ‚
863 1653 938 1685 quae
950 1653 966 1673 a
977 1642 1103 1674 melleo

430 1704 552 1738 sapore
570 1694 731 1738 μελίμηλα
750 1688 763 1737 (
778 1695 867 1738 μέλι,
883 1694 973 1733 miel,·
987 1697 1103 1738 μῆλον,

427 1744 572 1790 pomme)
599 1755 680 1780 sunt
707 1755 839 1780 vocata.
865 1747 1037 1780 Nonnulli
1066 1759 1105 1779 ea

429 1807 559 1844 putant
579 1810 651 1833 esse
674 1812 777 1845 poma
801 1812 878 1845 quae
904 1800 1024 1845 gallice
1051 1798 1105 1832 di-

431 1861 560 1885 cuntur
576 1853 719 1885 Pommes
739 1853 777 1885 de
798 1853 946 1885 Paradz's.

490 1905 522 1938 5.
558 1905 646 1938 Sunt
679 1906 740 1951 qui
774 1918 840 1951 pro
878 1907 962 1938 lenta
991 1906 1107 1951 legant

434 1958 545 2002 longa‚·
559 1967 592 1991 et
605 1959 652 1991 sic
666 1958 702 1991 in
714 1959 848 1992 Beverl.
864 1959 938 1992 MS.
950 1959 1025 1992 Non
1032 1961 1107 2003 pira

432 2024 503 2057 quse
519 2011 603 2043 lenta
616 2010 696 2044 Ald.
714 2012 814 2044 Junt.
834 2011 972 2056 Gryph.
989 2011 1104 2045 Colin.

432 2064 572 2097 aliae.-—
585 2065 696 2097 Lenta.
708 2064 941 2097 Flexibili.—
952 2065 1106 2098 Pendeat.

432 2117 473 2150 In
499 2117 596 2150 cella.
624 2139 676 2144 —-
699 2116 850 2157 Gerzista,
882 2117 1008 2157 Gem2·t;
1034 2118 1107 2150 fru-

431 2170 510 2204 ticis
524 2182 632 2216 genus
644 2171 749 2203 molle
763 2179 795 2203 et
808 2182 959 2215 sequax,
972 2179 1011 2203 ut
1023 2170 1108 2203 salix

434 2232 467 2256 et
483 2232 636 2270 spartum
653 2249 662 2265 ‚
678 2222 773 2256 unde
789 2223 880 2256 fiunt
895 2222 980 2256 nodi
999 2236 1038 2257 ac
1052 2235 1106 2256 re·

431 2276 592 2310 tinacula.

488 2331 522 2362 6.
542 2329 742 2363 Gronovius
756 2341 797 2362 ex
809 2328 941 2374 optima
959 2330 1106 2362 membr.

432 2382 570 2416 Thuan.
580 2382 783 2427 legitpzmica
794 2394 899 2426 grana
911 2409 919 2422 ,
935 2383 1107 2427 probante

433 2435 578 2468 Heinsio
610 2433 652 2467 ad
680 2434 785 2468 Ovid.
816 2435 901 2468 Met.
933 2436 965 2469 X
977 2460 986 2476 ‚
1019 2434 1105 2480 736.

434 2488 606 2521 Punicum
624 2488 752 2520 malum
776 2496 956 2533 granatum
974 2496 1036 2521 est.
1056 2510 1107 2514 —-

433 2542 563 2574 Imitata
578 2541 689 2573 breves.
706 2541 785 2573 Flos
801 2541 883 2574 mali
902 2541 1021 2585 punici
1040 2541 1109 2573 exi-

433 2607 508 2639 guae
529 2605 615 2626 rosae
637 2593 757 2625 similis
779 2602 850 2634 est,
870 2593 1021 2625 inclusus
1038 2594 1107 2638 pri-

433 2659 528 2681 mum
550 2645 680 2680 cortice
695 2643 852 2687 duriori,
869 2658 949 2679 mox
968 2647 1003 2679 in
1025 2647 1105 2679 cali·

1157 1019 1213 1040 ces
1232 1018 1303 1040 sese
1319 1006 1636 1052 aperiens....etc....
1651 1006 1743 1051 Ergo
1760 1017 1831 1038 non

1158 1060 1328 1104 intelligas
1368 1060 1493 1105 punica
1533 1059 1622 1091 mala
1662 1059 1834 1092 brevitate

1159 1113 1327 1158 temporis
1345 1112 1473 1145 imitari
1496 1124 1589 1145 rosas
1605 1136 1613 1148 ‚
1639 1110 1700 1144 sed
1724 1111 1834 1157 figura

1159 1167 1274 1211 potius
1305 1174 1339 1198 et
1369 1166 1498 1198 colore.
1525 1164 1581 1197 Sic
1610 1165 1834 1198 Ramiresius.

1160 1217 1317 1252 Raderus
1341 1227 1478 1259 autem,
1502 1226 1587 1251 teste
1612 1217 1747 1259 Plinio,
1771 1217 1833 1250 lib.

1160 1272 1249 1304 XVI
1271 1296 1281 1312 ‚
1318 1283 1394 1316 cap.
1433 1275 1479 1311 44
1497 1296 1506 1311 ,
1539 1270 1727 1303 arbitratur
1761 1283 1833 1302 non

1161 1325 1263 1357 aliam
1297 1325 1344 1356 ob
1377 1336 1512 1357 causam
1542 1323 1676 1356 dictum
1707 1323 1836 1368 punica

1161 1377 1267 1417 malaj.
1280 1376 1407 1409 imitari
1437 1377 1559 1409 breves
1586 1389 1702 1416 rosas,
1730 1388 1835 1421 quain

1161 1428 1256 1474 quod
1266 1429 1395 1461 malum
1406 1429 1578 1473 punicum
1590 1428 1633 1461 sit
1645 1429 1761 1462 brevis
1773 1429 1835 1462 aevi

1161 1482 1197 1514 in
1210 1494 1339 1527 genere
1353 1483 1520 1514 arborum
1533 1507 1542 1522 ‚
1555 1489 1595 1513 ut
1609 1494 1683 1514 rosa
1692 1481 1836 1515 florum.

1162 1556 1212 1560 —-
1245 1536 1370 1568 Punica
1402 1535 1497 1567 mala.
1532 1531 1641 1567 Poma
1674 1542 1813 1579 granata
1828 1560 1837 1576 ‚

1162 1587 1287 1633 quaein
1301 1600 1382 1632 agro
1393 1586 1668 1632 Carthaginiensi
1676 1587 1837 1633 insignia.

1218 1653 1251 1685 7.
1285 1640 1498 1674 Pulmannus
1513 1665 1522 1681 ,
1557 1640 1714 1673 lactentes.
1748 1640 1835 1674 Cod.

1163 1692 1370 1726 Beverlandi
1392 1702 1425 1726 et
1447 1693 1585 1726 Thuan.
1602 1694 1710 1737 fhsz'na
1728 1701 1836 1726 metas.

1164 1767 1215 1771 —-
1245 1747 1373 1779 Rustica
1403 1747 1554 1778 lactantes
1570 1772 1579 1786 ‚
1619 1754 1677 1779 etc.
1708 1747 1781 1779 Nec
1820 1759 1838 1779 e

1164 1799 1298 1832 calatho
1311 1800 1441 1832 rustico
1451 1826 1459 1840 ‚
1477 1800 1512 1832 in
1526 1811 1595 1844 quo
1610 1800 1839 1832 servabantur

1165 1860 1223 1885 aut
1243 1853 1391 1885 formam
1410 1852 1643 1897 accipiebant,
1671 1852 1836 1891 extracti,

1166 1905 1201 1937 in
1224 1918 1378 1938 mensam
1401 1905 1493 1938 allati
1520 1904 1616 1937 fuere
1643 1904 1732 1938 casei
1750 1905 1839 1938 lacte

1166 1958 1354 1999 stillantes,
1380 1957 1423 1991 ad
1450 1956 1714 1991 similitudinem
1738 1966 1838 1990 metae

1166 2011 1328 2044 circensis
1346 2037 1355 2053 ,
1380 2010 1417 2043 id
1441 2019 1511 2051 est,
1529 2010 1657 2043 inversi
1688 2011 1840 2044 turbinis

1166 2076 1225 2096 seu
1244 2062 1456 2109 pyramidis,
1475 2063 1658 2108 coagulati.
1675 2062 1760 2097 Vid.
1774 2063 1836 2096 lib.

1167 2117 1239 2157 III,
1259 2117 1368 2162 epigr.
1389 2128 1481 2149 11v111
1495 2142 1503 2156 ,
1524 2129 1556 2149 v.
1577 2116 1637 2149 35.
1657 2116 1723 2149 ED.

1221 2172 1253 2203 8.
1278 2171 1412 2202 Picenis.
1440 2171 1529 2214 Ager
1555 2169 1705 2202 Picenus
1730 2176 1779 2202 est
1799 2168 1837 2201 in

1166 2222 1284 2262 Italia,
1315 2221 1358 2255 ad
1386 2235 1484 2255 oram
1513 2221 1617 2254 maris
1644 2220 1840 2262 Adriatici;

1165 2274 1272 2308 hodie
1285 2276 1316 2307 la
1334 2276 1466 2308 Mai-elle
1477 2275 1658 2309 d’Ancdtze.
1673 2275 1727 2308 Ibi
1740 2275 1839 2307 olivae

1164 2328 1396 2361 nobilissimae.

1221 2394 1254 2425 9.
1267 2381 1381 2415 Nudus
1394 2394 1481 2426 aper.
1492 2382 1573 2413 Sine
1585 2380 1659 2413 aliis
1672 2379 1839 2412 obsoniis.

1225 2447 1237 2467 1
1247 2447 1280 2467 o.
1293 2435 1327 2467 Α
1338 2447 1398 2467 non
1408 2442 1530 2465 armato
1536 2433 1714 2477 pumilione.
1725 2432 1840 2472 Quem

1166 2486 1358 2520 homuncio
1377 2499 1487 2519 nanus
1498 2512 1506 2527 ‚
1517 2486 1618 2518 etiam
1635 2492 1842 2525 exarmatus,

1166 2553 1224 2573 sua
1244 2552 1347 2572 manu
1367 2540 1436 2572 sola
1456 2537 1613 2572 occidere
1629 2545 1756 2582 posset.
1773 2538 1841 2569 ΕΙ).

1225 2606 1237 2626 1
1252 2605 1281 2626 1.
1300 2593 1387 2625 Inde.
1409 2593 1459 2624 Ex
1479 2603 1575 2636 apro.

1224 2658 1279 2679 12.
1300 2646 1422 2678 Ponere
1444 2656 1563 2690 aprum.
1590 2643 1666 2676 Hoc
1692 2650 1762 2683 est,
1780 2655 1841 2675 ex-
