<?xml version="1.0" encoding="UTF-8"?>
<!DOCTYPE html PUBLIC "-//W3C//DTD XHTML 1.0 Transitional//EN"
    "http://www.w3.org/TR/xhtml1/DTD/xhtml1-transitional.dtd">
<html xmlns="http://www.w3.org/1999/xhtml" xml:lang="en" lang="en">
 <head>
  <title>
</title>
<meta http-equiv="Content-Type" content="text/html;charset=utf-8" />
  <meta name='ocr-system' content='tesseract 3.04.00' />
  <meta name='ocr-capabilities' content='ocr_page ocr_carea ocr_par ocr_line ocrx_word'/>
</head>
<body>
  <div class='ocr_page' id='page_1' title='image "./epigrammata01martuoft_0045.png"; bbox 0 0 2061 3288; ppageno 0'>
   <div class='ocr_carea' id='block_1_1' title="bbox 421 218 1572 266">
    <p class='ocr_par' dir='ltr' id='par_1_1' title="bbox 421 218 1572 266">
     <span class='ocr_line' id='line_1_1' title="bbox 421 218 1572 266; baseline -0.006 0"><span class='ocrx_word' id='word_1_1' title='bbox 421 224 503 266; x_wconf 87' lang='lat' dir='ltr'>ET</span> <span class='ocrx_word' id='word_1_2' title='bbox 542 220 889 264; x_wconf 78' lang='lat' dir='ltr'>OPERIBUS</span> <span class='ocrx_word' id='word_1_3' title='bbox 928 218 1326 261; x_wconf 80' lang='lat' dir='ltr'><strong>MARTIALIS.</strong></span> <span class='ocrx_word' id='word_1_4' title='bbox 1439 232 1572 259; x_wconf 81' lang='lat' dir='ltr'>xxvii</span> 
     </span>
    </p>
   </div>
   <div class='ocr_carea' id='block_1_2' title="bbox 164 303 1590 1576">
    <p class='ocr_par' dir='ltr' id='par_1_2' title="bbox 165 303 1578 709">
     <span class='ocr_line' id='line_1_2' title="bbox 166 303 1573 366; baseline -0.006 -10"><span class='ocrx_word' id='word_1_5' title='bbox 166 314 391 356; x_wconf 85' lang='lat' dir='ltr'>nuntiatur</span> <span class='ocrx_word' id='word_1_6' title='bbox 415 321 458 354; x_wconf 89' lang='lat' dir='ltr'>et</span> <span class='ocrx_word' id='word_1_7' title='bbox 483 308 831 359; x_wconf 81' lang='lat' dir='ltr'>commendatur,</span> <span class='ocrx_word' id='word_1_8' title='bbox 857 316 985 366; x_wconf 86' lang='lat' dir='ltr'>atquc</span> <span class='ocrx_word' id='word_1_9' title='bbox 1012 304 1176 349; x_wconf 78' lang='lat' dir='ltr'>solenni</span> <span class='ocrx_word' id='word_1_10' title='bbox 1205 303 1346 364; x_wconf 80' lang='lat' dir='ltr'>elogio</span> <span class='ocrx_word' id='word_1_11' title='bbox 1373 319 1423 347; x_wconf 89' lang='lat' dir='ltr'>ca</span> <span class='ocrx_word' id='word_1_12' title='bbox 1446 320 1573 364; x_wconf 84' lang='lat' dir='ltr'>pero-</span> 
     </span>
     <span class='ocr_line' id='line_1_3' title="bbox 165 375 1574 441; baseline -0.006 -15"><span class='ocrx_word' id='word_1_13' title='bbox 165 384 275 426; x_wconf 84' lang='lat' dir='ltr'>ratio</span> <span class='ocrx_word' id='word_1_14' title='bbox 295 392 383 426; x_wconf 87' lang='lat' dir='ltr'>est:</span> <span class='ocrx_word' id='word_1_15' title='bbox 407 401 427 422; x_wconf 85' lang='lat'>«</span> <span class='ocrx_word' id='word_1_16' title='bbox 447 382 600 441; x_wconf 86' lang='lat' dir='ltr'>Neque</span> <span class='ocrx_word' id='word_1_17' title='bbox 627 379 825 423; x_wconf 80' lang='lat' dir='ltr'>laudibus</span> <span class='ocrx_word' id='word_1_18' title='bbox 850 378 1008 421; x_wconf 85' lang='lat' dir='ltr'>nostris</span> <span class='ocrx_word' id='word_1_19' title='bbox 1034 375 1350 426; x_wconf 73' lang='lat' dir='ltr'>diffidendum3</span> <span class='ocrx_word' id='word_1_20' title='bbox 1371 376 1574 418; x_wconf 79' lang='lat' dir='ltr'>Eremitis</span> 
     </span>
     <span class='ocr_line' id='line_1_4' title="bbox 166 447 1576 507; baseline -0.006 -9"><span class='ocrx_word' id='word_1_21' title='bbox 166 453 503 498; x_wconf 75' lang='lat' dir='ltr'>Cacodaemoncs</span> <span class='ocrx_word' id='word_1_22' title='bbox 535 451 712 494; x_wconf 78' lang='lat' dir='ltr'>minime</span> <span class='ocrx_word' id='word_1_23' title='bbox 745 449 951 493; x_wconf 75' lang='lat' dir='ltr'>favemus.</span> <span class='ocrx_word' id='word_1_24' title='bbox 973 467 994 489; x_wconf 72' lang='lat'>2)</span> <span class='ocrx_word' id='word_1_25' title='bbox 1013 447 1065 490; x_wconf 84' lang='lat' dir='ltr'>Id</span> <span class='ocrx_word' id='word_1_26' title='bbox 1095 456 1243 490; x_wconf 85' lang='lat' dir='ltr'>noster</span> <span class='ocrx_word' id='word_1_27' title='bbox 1271 447 1455 507; x_wconf 81' lang='lat' dir='ltr'>aenigma</span> <span class='ocrx_word' id='word_1_28' title='bbox 1484 463 1576 489; x_wconf 78' lang='lat' dir='ltr'>csse</span> 
     </span>
     <span class='ocr_line' id='line_1_5' title="bbox 165 516 1577 580; baseline -0.006 -12"><span class='ocrx_word' id='word_1_29' title='bbox 165 524 414 579; x_wconf 76' lang='lat' dir='ltr'>arbitratur,</span> <span class='ocrx_word' id='word_1_30' title='bbox 440 539 521 566; x_wconf 84' lang='lat' dir='ltr'>nee</span> <span class='ocrx_word' id='word_1_31' title='bbox 552 521 676 565; x_wconf 89' lang='lat' dir='ltr'>facile</span> <span class='ocrx_word' id='word_1_32' title='bbox 706 522 795 564; x_wconf 84' lang='lat' dir='ltr'>sine</span> <span class='ocrx_word' id='word_1_33' title='bbox 821 519 986 580; x_wconf 78' lang='lat' dir='ltr'>OEdipi</span> <span class='ocrx_word' id='word_1_34' title='bbox 1017 518 1196 578; x_wconf 82' lang='lat' dir='ltr'>alicujus</span> <span class='ocrx_word' id='word_1_35' title='bbox 1224 516 1383 560; x_wconf 81' lang='lat' dir='ltr'>auxilio</span> <span class='ocrx_word' id='word_1_36' title='bbox 1411 516 1577 560; x_wconf 83' lang='lat' dir='ltr'>nodum</span> 
     </span>
     <span class='ocr_line' id='line_1_6' title="bbox 167 586 1578 655; baseline -0.006 -17"><span class='ocrx_word' id='word_1_37' title='bbox 167 594 328 649; x_wconf 79' lang='lat' dir='ltr'>solvet3</span> <span class='ocrx_word' id='word_1_38' title='bbox 350 595 510 655; x_wconf 84' lang='lat' dir='ltr'>quippe</span> <span class='ocrx_word' id='word_1_39' title='bbox 530 609 658 653; x_wconf 88' lang='lat' dir='ltr'>quem</span> <span class='ocrx_word' id='word_1_40' title='bbox 678 592 789 653; x_wconf 83' lang='lat' dir='ltr'>fugit</span> <span class='ocrx_word' id='word_1_41' title='bbox 804 590 934 634; x_wconf 87' lang='lat' dir='ltr'>tribui</span> <span class='ocrx_word' id='word_1_42' title='bbox 957 606 1067 650; x_wconf 89' lang='lat' dir='ltr'>opus</span> <span class='ocrx_word' id='word_1_43' title='bbox 1088 589 1305 649; x_wconf 80' lang='lat' dir='ltr'>scriptori,</span> <span class='ocrx_word' id='word_1_44' title='bbox 1325 589 1398 648; x_wconf 90' lang='lat' dir='ltr'>qui</span> <span class='ocrx_word' id='word_1_45' title='bbox 1422 586 1512 631; x_wconf 88' lang='lat' dir='ltr'>aliis</span> <span class='ocrx_word' id='word_1_46' title='bbox 1535 589 1578 630; x_wconf 86' lang='lat' dir='ltr'>iu</span> 
     </span>
     <span class='ocr_line' id='line_1_7' title="bbox 167 662 978 709; baseline -0.006 0"><span class='ocrx_word' id='word_1_47' title='bbox 167 665 317 709; x_wconf 76' lang='lat' dir='ltr'>libellis</span> <span class='ocrx_word' id='word_1_48' title='bbox 344 665 445 709; x_wconf 90' lang='lat' dir='ltr'>olim</span> <span class='ocrx_word' id='word_1_49' title='bbox 474 665 712 708; x_wconf 82' lang='lat' dir='ltr'>Eremitam</span> <span class='ocrx_word' id='word_1_50' title='bbox 738 679 782 706; x_wconf 87' lang='lat' dir='ltr'>se</span> <span class='ocrx_word' id='word_1_51' title='bbox 810 662 978 705; x_wconf 78' lang='lat' dir='ltr'>dixerit.</span> 
     </span>
    </p>

    <p class='ocr_par' dir='ltr' id='par_1_3' title="bbox 164 729 1587 1417">
     <span class='ocr_line' id='line_1_8' title="bbox 238 729 1581 796; baseline -0.005 -17"><span class='ocrx_word' id='word_1_52' title='bbox 238 736 344 780; x_wconf 82' lang='lat' dir='ltr'>[nde</span> <span class='ocrx_word' id='word_1_53' title='bbox 374 735 587 796; x_wconf 85' lang='lat' dir='ltr'>arripiunt</span> <span class='ocrx_word' id='word_1_54' title='bbox 622 733 863 777; x_wconf 81' lang='lat' dir='ltr'>Aristarchi</span> <span class='ocrx_word' id='word_1_55' title='bbox 897 732 1032 775; x_wconf 82' lang='lat' dir='ltr'>nostri</span> <span class='ocrx_word' id='word_1_56' title='bbox 1067 730 1267 775; x_wconf 90' lang='lat' dir='ltr'>Italicum</span> <span class='ocrx_word' id='word_1_57' title='bbox 1299 729 1506 790; x_wconf 88' lang='lat' dir='ltr'>Orphea,</span> <span class='ocrx_word' id='word_1_58' title='bbox 1537 739 1581 773; x_wconf 91' lang='lat' dir='ltr'>et</span> 
     </span>
     <span class='ocr_line' id='line_1_9' title="bbox 167 801 1579 858; baseline -0.006 -7"><span class='ocrx_word' id='word_1_59' title='bbox 167 808 220 851; x_wconf 84' lang='lat' dir='ltr'>de</span> <span class='ocrx_word' id='word_1_60' title='bbox 233 824 285 851; x_wconf 88' lang='lat' dir='ltr'>eo</span> <span class='ocrx_word' id='word_1_61' title='bbox 305 816 544 851; x_wconf 89' lang='lat' dir='ltr'>scommata</span> <span class='ocrx_word' id='word_1_62' title='bbox 563 804 873 849; x_wconf 89' lang='lat' dir='ltr'>scommatibus</span> <span class='ocrx_word' id='word_1_63' title='bbox 888 804 1167 858; x_wconf 83' lang='lat' dir='ltr'>continuant,</span> <span class='ocrx_word' id='word_1_64' title='bbox 1181 801 1314 845; x_wconf 88' lang='lat' dir='ltr'>modo</span> <span class='ocrx_word' id='word_1_65' title='bbox 1328 801 1554 844; x_wconf 85' lang='lat' dir='ltr'>hortantes</span> <span class='ocrx_word' id='word_1_66' title='bbox 1569 834 1579 853; x_wconf 84' lang='lat'>,</span> 
     </span>
     <span class='ocr_line' id='line_1_10' title="bbox 174 874 1582 939; baseline -0.003 -21"><span class='ocrx_word' id='word_1_67' title='bbox 174 897 194 918; x_wconf 74' lang='lat' dir='ltr'>&lt;c</span> <span class='ocrx_word' id='word_1_68' title='bbox 212 877 380 939; x_wconf 89' lang='lat' dir='ltr'>linquat</span> <span class='ocrx_word' id='word_1_69' title='bbox 403 877 526 921; x_wconf 83' lang='lat' dir='ltr'>famae</span> <span class='ocrx_word' id='word_1_70' title='bbox 549 876 697 919; x_wconf 89' lang='lat' dir='ltr'>tubam</span> <span class='ocrx_word' id='word_1_71' title='bbox 711 911 722 930; x_wconf 88' lang='lat'>,</span> <span class='ocrx_word' id='word_1_72' title='bbox 749 874 900 919; x_wconf 88' lang='lat' dir='ltr'>saltem</span> <span class='ocrx_word' id='word_1_73' title='bbox 924 890 1078 930; x_wconf 86' lang='lat' dir='ltr'>unam,</span> <span class='ocrx_word' id='word_1_74' title='bbox 1097 889 1183 934; x_wconf 88' lang='lat' dir='ltr'>qua</span> <span class='ocrx_word' id='word_1_75' title='bbox 1204 874 1337 934; x_wconf 88' lang='lat' dir='ltr'>ipsius</span> <span class='ocrx_word' id='word_1_76' title='bbox 1357 888 1517 915; x_wconf 88' lang='lat' dir='ltr'>nomen</span> <span class='ocrx_word' id='word_1_77' title='bbox 1539 881 1582 915; x_wconf 84' lang='lat' dir='ltr'>et</span> 
     </span>
     <span class='ocr_line' id='line_1_11' title="bbox 168 942 1580 1010; baseline -0.005 -17"><span class='ocrx_word' id='word_1_78' title='bbox 168 948 315 993; x_wconf 87' lang='lat' dir='ltr'>laudes</span> <span class='ocrx_word' id='word_1_79' title='bbox 338 950 523 1010; x_wconf 82' lang='lat' dir='ltr'>posteris</span> <span class='ocrx_word' id='word_1_80' title='bbox 549 947 692 990; x_wconf 86' lang='lat' dir='ltr'>tradat</span> <span class='ocrx_word' id='word_1_81' title='bbox 714 966 754 1001; x_wconf 87' lang='lat'>»,</span> <span class='ocrx_word' id='word_1_82' title='bbox 782 945 913 990; x_wconf 88' lang='lat' dir='ltr'>modo</span> <span class='ocrx_word' id='word_1_83' title='bbox 937 965 958 986; x_wconf 88' lang='lat'>«</span> <span class='ocrx_word' id='word_1_84' title='bbox 980 945 1198 1005; x_wconf 85' lang='lat' dir='ltr'>tympanis</span> <span class='ocrx_word' id='word_1_85' title='bbox 1226 953 1380 1005; x_wconf 86' lang='lat' dir='ltr'>parcat</span> <span class='ocrx_word' id='word_1_86' title='bbox 1405 942 1580 986; x_wconf 81' lang='lat' dir='ltr'>audien-</span> 
     </span>
     <span class='ocr_line' id='line_1_12' title="bbox 167 1014 1582 1075; baseline -0.004 -13"><span class='ocrx_word' id='word_1_87' title='bbox 167 1020 275 1063; x_wconf 85' lang='lat' dir='ltr'>tium</span> <span class='ocrx_word' id='word_1_88' title='bbox 306 1029 349 1063; x_wconf 89' lang='lat' dir='ltr'>et</span> <span class='ocrx_word' id='word_1_89' title='bbox 374 1021 459 1064; x_wconf 87' lang='lat' dir='ltr'>suis</span> <span class='ocrx_word' id='word_1_90' title='bbox 482 1039 520 1062; x_wconf 66' lang='grc' dir='ltr'>υ.</span> <span class='ocrx_word' id='word_1_91' title='bbox 540 1019 658 1062; x_wconf 85' lang='lat' dir='ltr'>Num</span> <span class='ocrx_word' id='word_1_92' title='bbox 683 1017 802 1061; x_wconf 81' lang='lat' dir='ltr'>vides</span> <span class='ocrx_word' id='word_1_93' title='bbox 830 1016 885 1060; x_wconf 87' lang='lat' dir='ltr'>ad</span> <span class='ocrx_word' id='word_1_94' title='bbox 911 1017 1004 1060; x_wconf 80' lang='lat' dir='ltr'>haee</span> <span class='ocrx_word' id='word_1_95' title='bbox 1034 1016 1226 1060; x_wconf 80' lang='lat' dir='ltr'>hiantem</span> <span class='ocrx_word' id='word_1_96' title='bbox 1253 1025 1296 1059; x_wconf 83' lang='lat' dir='ltr'>et</span> <span class='ocrx_word' id='word_1_97' title='bbox 1323 1014 1582 1075; x_wconf 83' lang='lat' dir='ltr'>caligantem</span> 
     </span>
     <span class='ocr_line' id='line_1_13' title="bbox 164 1086 1582 1150; baseline -0.003 -18"><span class='ocrx_word' id='word_1_98' title='bbox 164 1090 404 1150; x_wconf 74' lang='lat' dir='ltr'>juvenem?</span> <span class='ocrx_word' id='word_1_99' title='bbox 425 1105 565 1150; x_wconf 88' lang='lat' dir='ltr'>neque</span> <span class='ocrx_word' id='word_1_100' title='bbox 593 1090 708 1132; x_wconf 88' lang='lat' dir='ltr'>enim</span> <span class='ocrx_word' id='word_1_101' title='bbox 742 1087 810 1131; x_wconf 80' lang='lat' dir='ltr'>ille</span> <span class='ocrx_word' id='word_1_102' title='bbox 842 1089 966 1131; x_wconf 87' lang='lat' dir='ltr'>novit</span> <span class='ocrx_word' id='word_1_103' title='bbox 1002 1086 1242 1148; x_wconf 79' lang='lat' dir='ltr'>percelebri</span> <span class='ocrx_word' id='word_1_104' title='bbox 1273 1087 1368 1129; x_wconf 74' lang='lat' dir='ltr'>viro</span> <span class='ocrx_word' id='word_1_105' title='bbox 1400 1086 1582 1129; x_wconf 90' lang='lat' dir='ltr'>nimium</span> 
     </span>
     <span class='ocr_line' id='line_1_14' title="bbox 170 1156 1583 1222; baseline -0.004 -17"><span class='ocrx_word' id='word_1_106' title='bbox 170 1161 317 1205; x_wconf 78' lang='lat' dir='ltr'>forsan</span> <span class='ocrx_word' id='word_1_107' title='bbox 349 1160 520 1222; x_wconf 86' lang='lat' dir='ltr'>placere</span> <span class='ocrx_word' id='word_1_108' title='bbox 548 1170 750 1221; x_wconf 84' lang='lat' dir='ltr'>ruptum,</span> <span class='ocrx_word' id='word_1_109' title='bbox 779 1160 957 1203; x_wconf 87' lang='lat' dir='ltr'>scissum</span> <span class='ocrx_word' id='word_1_110' title='bbox 985 1174 1008 1200; x_wconf 91' lang='lat' dir='ltr'>a</span> <span class='ocrx_word' id='word_1_111' title='bbox 1033 1158 1249 1219; x_wconf 84' lang='lat' dir='ltr'>tympanis</span> <span class='ocrx_word' id='word_1_112' title='bbox 1275 1166 1318 1200; x_wconf 89' lang='lat' dir='ltr'>et</span> <span class='ocrx_word' id='word_1_113' title='bbox 1347 1156 1463 1200; x_wconf 87' lang='lat' dir='ltr'>tubis</span> <span class='ocrx_word' id='word_1_114' title='bbox 1496 1174 1583 1200; x_wconf 88' lang='lat' dir='ltr'>me-</span> 
     </span>
     <span class='ocr_line' id='line_1_15' title="bbox 168 1227 1583 1292; baseline -0.003 -18"><span class='ocrx_word' id='word_1_115' title='bbox 168 1230 260 1286; x_wconf 82' lang='lat' dir='ltr'>los3</span> <span class='ocrx_word' id='word_1_116' title='bbox 284 1248 425 1292; x_wconf 85' lang='lat' dir='ltr'>neque</span> <span class='ocrx_word' id='word_1_117' title='bbox 449 1231 656 1292; x_wconf 85' lang='lat' dir='ltr'>perspicit</span> <span class='ocrx_word' id='word_1_118' title='bbox 682 1230 937 1290; x_wconf 83' lang='lat' dir='ltr'>ambiguum</span> <span class='ocrx_word' id='word_1_119' title='bbox 967 1245 1140 1272; x_wconf 82' lang='lat' dir='ltr'>sensum</span> <span class='ocrx_word' id='word_1_120' title='bbox 1168 1230 1210 1271; x_wconf 90' lang='lat' dir='ltr'>in</span> <span class='ocrx_word' id='word_1_121' title='bbox 1238 1227 1454 1280; x_wconf 74' lang='lat' dir='ltr'>clausula,</span> <span class='ocrx_word' id='word_1_122' title='bbox 1479 1227 1583 1271; x_wconf 85' lang='lat' dir='ltr'>dum</span> 
     </span>
     <span class='ocr_line' id='line_1_16' title="bbox 170 1298 1587 1360; baseline -0.004 -14"><span class='ocrx_word' id='word_1_123' title='bbox 170 1312 212 1346; x_wconf 87' lang='lat' dir='ltr'>et</span> <span class='ocrx_word' id='word_1_124' title='bbox 243 1318 367 1346; x_wconf 84' lang='lat' dir='ltr'>aures</span> <span class='ocrx_word' id='word_1_125' title='bbox 399 1312 442 1346; x_wconf 86' lang='lat' dir='ltr'>et</span> <span class='ocrx_word' id='word_1_126' title='bbox 469 1304 757 1346; x_wconf 85' lang='lat' dir='ltr'>instrumenta</span> <span class='ocrx_word' id='word_1_127' title='bbox 794 1301 958 1344; x_wconf 89' lang='lat' dir='ltr'>musica</span> <span class='ocrx_word' id='word_1_128' title='bbox 992 1299 1190 1360; x_wconf 82' lang='lat' dir='ltr'>designat</span> <span class='ocrx_word' id='word_1_129' title='bbox 1225 1298 1330 1342; x_wconf 86' lang='lat' dir='ltr'>illud</span> <span class='ocrx_word' id='word_1_130' title='bbox 1360 1302 1587 1360; x_wconf 63' lang='lat' dir='ltr'>{wnpmzl&#39;s</span> 
     </span>
     <span class='ocr_line' id='line_1_17' title="bbox 169 1373 655 1417; baseline -0.002 -1"><span class='ocrx_word' id='word_1_131' title='bbox 169 1373 444 1417; x_wconf 73' lang='lat' dir='ltr'>amlz&#39;entimn</span> <span class='ocrx_word' id='word_1_132' title='bbox 475 1384 521 1417; x_wconf 77' lang='lat' dir='ltr'>et</span> <span class='ocrx_word' id='word_1_133' title='bbox 549 1376 655 1416; x_wconf 73' lang='lat' dir='ltr'>suis.</span> 
     </span>
    </p>

    <p class='ocr_par' dir='ltr' id='par_1_4' title="bbox 171 1439 1590 1576">
     <span class='ocr_line' id='line_1_18' title="bbox 242 1439 1590 1505; baseline -0.001 -20"><span class='ocrx_word' id='word_1_134' title='bbox 242 1444 360 1502; x_wconf 84' lang='lat' dir='ltr'>Quid</span> <span class='ocrx_word' id='word_1_135' title='bbox 380 1461 514 1505; x_wconf 90' lang='lat' dir='ltr'>quum</span> <span class='ocrx_word' id='word_1_136' title='bbox 537 1443 593 1487; x_wconf 86' lang='lat' dir='ltr'>illi</span> <span class='ocrx_word' id='word_1_137' title='bbox 611 1444 820 1504; x_wconf 85' lang='lat' dir='ltr'>optimam</span> <span class='ocrx_word' id='word_1_138' title='bbox 839 1443 1016 1486; x_wconf 85' lang='lat' dir='ltr'>mimam</span> <span class='ocrx_word' id='word_1_139' title='bbox 1036 1440 1283 1494; x_wconf 83' lang='lat' dir='ltr'>laudantes,</span> <span class='ocrx_word' id='word_1_140' title='bbox 1302 1439 1456 1485; x_wconf 78' lang='lat' dir='ltr'>Gallici</span> <span class='ocrx_word' id='word_1_141' title='bbox 1479 1442 1590 1484; x_wconf 82' lang='lat' dir='ltr'>vatis</span> 
     </span>
     <span class='ocr_line' id='line_1_19' title="bbox 171 1512 1415 1576; baseline -0.003 -18"><span class='ocrx_word' id='word_1_142' title='bbox 171 1514 480 1576; x_wconf 86' lang='lat' dir='ltr'>lepidissimum</span> <span class='ocrx_word' id='word_1_143' title='bbox 504 1514 738 1559; x_wconf 83' lang='lat' dir='ltr'>distichum</span> <span class='ocrx_word' id='word_1_144' title='bbox 762 1514 975 1568; x_wconf 83' lang='lat' dir='ltr'>excitant,</span> <span class='ocrx_word' id='word_1_145' title='bbox 997 1512 1119 1572; x_wconf 85' lang='lat' dir='ltr'>cujus</span> <span class='ocrx_word' id='word_1_146' title='bbox 1145 1512 1215 1555; x_wconf 88' lang='lat' dir='ltr'>hic</span> <span class='ocrx_word' id='word_1_147' title='bbox 1238 1529 1388 1556; x_wconf 87' lang='lat' dir='ltr'>sensus</span> <span class='ocrx_word' id='word_1_148' title='bbox 1407 1529 1415 1554; x_wconf 75' lang='grc' dir='ltr'><strong><em>ε</em></strong></span> 
     </span>
    </p>
   </div>
   <div class='ocr_carea' id='block_1_3' title="bbox 277 1627 1459 1810">
    <p class='ocr_par' dir='ltr' id='par_1_5' title="bbox 277 1627 1459 1810">
     <span class='ocr_line' id='line_1_20' title="bbox 277 1627 1370 1678; baseline -0.003 -10"><span class='ocrx_word' id='word_1_149' title='bbox 277 1632 375 1668; x_wconf 83' lang='lat' dir='ltr'>Huic</span> <span class='ocrx_word' id='word_1_150' title='bbox 398 1645 441 1668; x_wconf 86' lang='lat' dir='ltr'>ca</span> <span class='ocrx_word' id='word_1_151' title='bbox 461 1632 533 1678; x_wconf 86' lang='lat' dir='ltr'>vis,</span> <span class='ocrx_word' id='word_1_152' title='bbox 557 1644 600 1667; x_wconf 85' lang='lat' dir='ltr'>ea</span> <span class='ocrx_word' id='word_1_153' title='bbox 620 1644 695 1666; x_wconf 80' lang='lat' dir='ltr'>vox</span> <span class='ocrx_word' id='word_1_154' title='bbox 710 1659 719 1675; x_wconf 85' lang='lat'>,</span> <span class='ocrx_word' id='word_1_155' title='bbox 739 1643 782 1666; x_wconf 78' lang='lat' dir='ltr'>ea</span> <span class='ocrx_word' id='word_1_156' title='bbox 806 1643 910 1666; x_wconf 85' lang='lat' dir='ltr'>mens</span> <span class='ocrx_word' id='word_1_157' title='bbox 927 1642 1009 1678; x_wconf 81' lang='lat' dir='ltr'>quae</span> <span class='ocrx_word' id='word_1_158' title='bbox 1030 1627 1214 1678; x_wconf 83' lang='lat' dir='ltr'>plaudere</span> <span class='ocrx_word' id='word_1_159' title='bbox 1235 1628 1370 1677; x_wconf 63' lang='lat' dir='ltr'>vulgus</span> 
     </span>
     <span class='ocr_line' id='line_1_21' title="bbox 277 1693 1459 1746; baseline -0.002 -15"><span class='ocrx_word' id='word_1_160' title='bbox 277 1699 464 1746; x_wconf 79' lang='lat' dir='ltr'>Imperat3</span> <span class='ocrx_word' id='word_1_161' title='bbox 480 1696 569 1733; x_wconf 89' lang='lat' dir='ltr'>huic</span> <span class='ocrx_word' id='word_1_162' title='bbox 587 1695 747 1732; x_wconf 66' lang='lat' dir='ltr'>Veneris</span> <span class='ocrx_word' id='word_1_163' title='bbox 767 1695 878 1731; x_wconf 70' lang='lat' dir='ltr'>facies</span> <span class='ocrx_word' id='word_1_164' title='bbox 893 1722 901 1738; x_wconf 86' lang='lat'>,</span> <span class='ocrx_word' id='word_1_165' title='bbox 921 1694 1030 1742; x_wconf 82' lang='lat' dir='ltr'>lepor</span> <span class='ocrx_word' id='word_1_166' title='bbox 1050 1702 1163 1742; x_wconf 81' lang='lat' dir='ltr'>atque</span> <span class='ocrx_word' id='word_1_167' title='bbox 1178 1693 1377 1742; x_wconf 80' lang='lat' dir='ltr'>juventus.</span> <span class='ocrx_word' id='word_1_168' title='bbox 1398 1721 1405 1728; x_wconf 92' lang='lat'><strong>.</strong></span> <span class='ocrx_word' id='word_1_169' title='bbox 1424 1723 1431 1729; x_wconf 89' lang='lat'><strong>.</strong></span> <span class='ocrx_word' id='word_1_170' title='bbox 1451 1721 1459 1729; x_wconf 90' lang='lat'><strong>.</strong></span> 
     </span>
     <span class='ocr_line' id='line_1_22' title="bbox 284 1752 1300 1810; baseline 0 -14"><span class='ocrx_word' id='word_1_171' title='bbox 284 1762 554 1810; x_wconf 50' lang='lat' dir='ltr'>Cannis-iisque</span> <span class='ocrx_word' id='word_1_172' title='bbox 576 1764 698 1797; x_wconf 80' lang='lat' dir='ltr'>caret¹</span> <span class='ocrx_word' id='word_1_173' title='bbox 720 1764 726 1796; x_wconf 75' lang='lat'>1</span> <span class='ocrx_word' id='word_1_174' title='bbox 1297 1752 1300 1756; x_wconf 21' lang='grc' dir='ltr'><strong><em>Δ</em></strong></span> 
     </span>
    </p>
   </div>
   <div class='ocr_carea' id='block_1_4' title="bbox 172 1872 1595 2431">
    <p class='ocr_par' dir='ltr' id='par_1_6' title="bbox 172 1872 1595 2431">
     <span class='ocr_line' id='line_1_23' title="bbox 172 1872 1592 1936; baseline -0.001 -18"><span class='ocrx_word' id='word_1_175' title='bbox 172 1875 309 1919; x_wconf 85' lang='lat' dir='ltr'>Nobis</span> <span class='ocrx_word' id='word_1_176' title='bbox 335 1876 509 1936; x_wconf 85' lang='lat' dir='ltr'>quidem</span> <span class='ocrx_word' id='word_1_177' title='bbox 537 1877 744 1920; x_wconf 83' lang='lat' dir='ltr'>continuo</span> <span class='ocrx_word' id='word_1_178' title='bbox 772 1884 891 1936; x_wconf 85' lang='lat' dir='ltr'>patet</span> <span class='ocrx_word' id='word_1_179' title='bbox 915 1874 1067 1917; x_wconf 84' lang='lat' dir='ltr'>ultima</span> <span class='ocrx_word' id='word_1_180' title='bbox 1094 1874 1186 1917; x_wconf 85' lang='lat' dir='ltr'>haec</span> <span class='ocrx_word' id='word_1_181' title='bbox 1212 1873 1348 1917; x_wconf 85' lang='lat' dir='ltr'>verba</span> <span class='ocrx_word' id='word_1_182' title='bbox 1373 1872 1493 1916; x_wconf 86' lang='lat' dir='ltr'>idem</span> <span class='ocrx_word' id='word_1_183' title='bbox 1520 1890 1592 1916; x_wconf 88' lang='lat' dir='ltr'>so-</span> 
     </span>
     <span class='ocr_line' id='line_1_24' title="bbox 174 1944 1588 2001; baseline -0.002 -12"><span class='ocrx_word' id='word_1_184' title='bbox 174 1962 278 1989; x_wconf 89' lang='lat' dir='ltr'>nare</span> <span class='ocrx_word' id='word_1_185' title='bbox 298 1963 347 1990; x_wconf 90' lang='lat' dir='ltr'>ac</span> <span class='ocrx_word' id='word_1_186' title='bbox 368 1948 401 1990; x_wconf 90' lang='lat' dir='ltr'>si</span> <span class='ocrx_word' id='word_1_187' title='bbox 423 1947 608 2001; x_wconf 75' lang='lat' dir='ltr'>diceres,</span> <span class='ocrx_word' id='word_1_188' title='bbox 629 1968 649 1987; x_wconf 85' lang='lat'>«</span> <span class='ocrx_word' id='word_1_189' title='bbox 673 1947 834 1990; x_wconf 85' lang='lat' dir='ltr'>Pudica</span> <span class='ocrx_word' id='word_1_190' title='bbox 856 1956 920 1989; x_wconf 88' lang='lat' dir='ltr'>est</span> <span class='ocrx_word' id='word_1_191' title='bbox 942 1966 982 1999; x_wconf 65' lang='lat'>³),</span> <span class='ocrx_word' id='word_1_192' title='bbox 1007 1965 1028 1985; x_wconf 71' lang='grc' dir='ltr'>α</span> <span class='ocrx_word' id='word_1_193' title='bbox 1048 1944 1191 1988; x_wconf 90' lang='lat' dir='ltr'>Proba</span> <span class='ocrx_word' id='word_1_194' title='bbox 1214 1954 1278 1987; x_wconf 87' lang='lat' dir='ltr'>est</span> <span class='ocrx_word' id='word_1_195' title='bbox 1301 1961 1349 1999; x_wconf 78' lang='lat'>»3</span> <span class='ocrx_word' id='word_1_196' title='bbox 1371 1961 1450 1987; x_wconf 89' lang='lat' dir='ltr'>nos</span> <span class='ocrx_word' id='word_1_197' title='bbox 1472 1944 1588 1987; x_wconf 89' lang='lat' dir='ltr'>enim</span> 
     </span>
     <span class='ocr_line' id='line_1_25' title="bbox 175 2014 1591 2079; baseline -0.002 -19"><span class='ocrx_word' id='word_1_198' title='bbox 175 2017 333 2061; x_wconf 86' lang='lat' dir='ltr'>scimus</span> <span class='ocrx_word' id='word_1_199' title='bbox 353 2017 396 2060; x_wconf 86' lang='lat' dir='ltr'>id</span> <span class='ocrx_word' id='word_1_200' title='bbox 420 2017 726 2079; x_wconf 84' lang='lat' dir='ltr'>pervulgatum</span> <span class='ocrx_word' id='word_1_201' title='bbox 753 2016 870 2079; x_wconf 85' lang='lat' dir='ltr'>apud</span> <span class='ocrx_word' id='word_1_202' title='bbox 899 2016 1109 2077; x_wconf 73' lang='lat' dir='ltr'>improbae</span> <span class='ocrx_word' id='word_1_203' title='bbox 1140 2014 1301 2075; x_wconf 77' lang='lat' dir='ltr'>linguae</span> <span class='ocrx_word' id='word_1_204' title='bbox 1330 2024 1591 2076; x_wconf 74' lang='lat' dir='ltr'>nugatores,</span> 
     </span>
     <span class='ocr_line' id='line_1_26' title="bbox 175 2085 1590 2132; baseline -0.001 -3"><span class='ocrx_word' id='word_1_205' title='bbox 175 2087 327 2130; x_wconf 85' lang='lat' dir='ltr'>donari</span> <span class='ocrx_word' id='word_1_206' title='bbox 354 2091 511 2132; x_wconf 88' lang='lat' dir='ltr'>amicas</span> <span class='ocrx_word' id='word_1_207' title='bbox 541 2088 652 2132; x_wconf 85' lang='lat' dir='ltr'>solas</span> <span class='ocrx_word' id='word_1_208' title='bbox 681 2089 736 2132; x_wconf 91' lang='lat' dir='ltr'>ab</span> <span class='ocrx_word' id='word_1_209' title='bbox 762 2087 1009 2132; x_wconf 88' lang='lat' dir='ltr'>amantibus</span> <span class='ocrx_word' id='word_1_210' title='bbox 1036 2087 1137 2129; x_wconf 86' lang='lat' dir='ltr'>viris</span> <span class='ocrx_word' id='word_1_211' title='bbox 1158 2085 1389 2129; x_wconf 88' lang='lat' dir='ltr'>mamillari</span> <span class='ocrx_word' id='word_1_212' title='bbox 1419 2086 1590 2129; x_wconf 88' lang='lat' dir='ltr'>Casmi-</span> 
     </span>
     <span class='ocr_line' id='line_1_27' title="bbox 177 2157 1592 2220; baseline -0.001 -20"><span class='ocrx_word' id='word_1_213' title='bbox 177 2159 323 2213; x_wconf 83' lang='lat' dir='ltr'>riano;</span> <span class='ocrx_word' id='word_1_214' title='bbox 347 2160 402 2203; x_wconf 82' lang='lat' dir='ltr'>ita</span> <span class='ocrx_word' id='word_1_215' title='bbox 430 2170 476 2203; x_wconf 86' lang='lat' dir='ltr'>ut</span> <span class='ocrx_word' id='word_1_216' title='bbox 506 2163 731 2218; x_wconf 80' lang='grc' dir='ltr'>συνώνυμον</span> <span class='ocrx_word' id='word_1_217' title='bbox 757 2160 848 2220; x_wconf 86' lang='lat' dir='ltr'>jam</span> <span class='ocrx_word' id='word_1_218' title='bbox 878 2157 1127 2201; x_wconf 87' lang='lat' dir='ltr'>Mamillare</span> <span class='ocrx_word' id='word_1_219' title='bbox 1158 2157 1482 2201; x_wconf 88' lang='lat' dir='ltr'>Casmirianum</span> <span class='ocrx_word' id='word_1_220' title='bbox 1516 2157 1592 2200; x_wconf 84' lang='lat' dir='ltr'>ha-</span> 
     </span>
     <span class='ocr_line' id='line_1_28' title="bbox 178 2228 1595 2290; baseline -0.001 -19"><span class='ocrx_word' id='word_1_221' title='bbox 178 2228 330 2272; x_wconf 87' lang='lat' dir='ltr'>beatur</span> <span class='ocrx_word' id='word_1_222' title='bbox 346 2229 543 2274; x_wconf 76' lang='lat' dir='ltr'>Adulteri</span> <span class='ocrx_word' id='word_1_223' title='bbox 569 2240 611 2274; x_wconf 87' lang='lat' dir='ltr'>et</span> <span class='ocrx_word' id='word_1_224' title='bbox 636 2231 814 2275; x_wconf 84' lang='lat' dir='ltr'>Moechi.</span> <span class='ocrx_word' id='word_1_225' title='bbox 838 2233 895 2274; x_wconf 90' lang='lat' dir='ltr'>At</span> <span class='ocrx_word' id='word_1_226' title='bbox 925 2228 1042 2290; x_wconf 87' lang='lat' dir='ltr'>quod</span> <span class='ocrx_word' id='word_1_227' title='bbox 1074 2245 1153 2272; x_wconf 91' lang='lat' dir='ltr'>nos</span> <span class='ocrx_word' id='word_1_228' title='bbox 1184 2228 1381 2288; x_wconf 88' lang='lat' dir='ltr'>apprime</span> <span class='ocrx_word' id='word_1_229' title='bbox 1410 2228 1595 2278; x_wconf 80' lang='lat' dir='ltr'>scimus,</span> 
     </span>
     <span class='ocr_line' id='line_1_29' title="bbox 176 2297 1595 2362; baseline 0 -21"><span class='ocrx_word' id='word_1_230' title='bbox 176 2298 244 2342; x_wconf 88' lang='lat' dir='ltr'>ille</span> <span class='ocrx_word' id='word_1_231' title='bbox 274 2301 465 2360; x_wconf 76' lang='lat' dir='ltr'>ignorat,</span> <span class='ocrx_word' id='word_1_232' title='bbox 490 2317 628 2361; x_wconf 85' lang='lat' dir='ltr'>neque</span> <span class='ocrx_word' id='word_1_233' title='bbox 661 2318 765 2362; x_wconf 81' lang='lat' dir='ltr'>ergo</span> <span class='ocrx_word' id='word_1_234' title='bbox 794 2301 930 2362; x_wconf 85' lang='lat' dir='ltr'>probe</span> <span class='ocrx_word' id='word_1_235' title='bbox 950 2301 1151 2360; x_wconf 81' lang='lat' dir='ltr'>jocosum</span> <span class='ocrx_word' id='word_1_236' title='bbox 1184 2314 1362 2342; x_wconf 86' lang='lat' dir='ltr'>carmen</span> <span class='ocrx_word' id='word_1_237' title='bbox 1392 2297 1595 2359; x_wconf 78' lang='lat' dir='ltr'>intelligit</span> 
     </span>
     <span class='ocr_line' id='line_1_30' title="bbox 181 2370 1181 2431; baseline -0.002 -18"><span class='ocrx_word' id='word_1_238' title='bbox 181 2370 296 2429; x_wconf 75' lang='lat' dir='ltr'>quo&#39;d</span> <span class='ocrx_word' id='word_1_239' title='bbox 330 2372 445 2414; x_wconf 88' lang='lat' dir='ltr'>circa</span> <span class='ocrx_word' id='word_1_240' title='bbox 476 2372 515 2414; x_wconf 87' lang='lat' dir='ltr'>id</span> <span class='ocrx_word' id='word_1_241' title='bbox 547 2373 770 2415; x_wconf 77' lang='lat' dir='ltr'>axiomatis</span> <span class='ocrx_word' id='word_1_242' title='bbox 803 2388 938 2431; x_wconf 82' lang='lat' dir='ltr'>genus</span> <span class='ocrx_word' id='word_1_243' title='bbox 969 2379 1181 2413; x_wconf 72' lang='lat' dir='ltr'>versatur,</span> 
     </span>
    </p>
   </div>
   <div class='ocr_carea' id='block_1_5' title="bbox 342 2489 1462 2629">
    <p class='ocr_par' dir='ltr' id='par_1_7' title="bbox 342 2489 1462 2629">
     <span class='ocr_line' id='line_1_31' title="bbox 342 2489 1301 2536; baseline -0.002 -12"><span class='ocrx_word' id='word_1_244' title='bbox 342 2504 369 2524; x_wconf 92' lang='lat'>1.</span> <span class='ocrx_word' id='word_1_245' title='bbox 390 2492 465 2525; x_wconf 77' lang='lat' dir='ltr'>Elie</span> <span class='ocrx_word' id='word_1_246' title='bbox 486 2505 503 2523; x_wconf 84' lang='lat' dir='ltr'>a</span> <span class='ocrx_word' id='word_1_247' title='bbox 519 2504 572 2524; x_wconf 85' lang='lat' dir='ltr'>ces</span> <span class='ocrx_word' id='word_1_248' title='bbox 588 2490 715 2536; x_wconf 82' lang='lat' dir='ltr'>grands</span> <span class='ocrx_word' id='word_1_249' title='bbox 732 2492 855 2524; x_wconf 80' lang='lat' dir='ltr'>talcnts</span> <span class='ocrx_word' id='word_1_250' title='bbox 870 2504 941 2536; x_wconf 82' lang='lat' dir='ltr'>que</span> <span class='ocrx_word' id='word_1_251' title='bbox 958 2491 989 2524; x_wconf 84' lang='lat' dir='ltr'>le</span> <span class='ocrx_word' id='word_1_252' title='bbox 1006 2490 1127 2536; x_wconf 85' lang='lat' dir='ltr'>public</span> <span class='ocrx_word' id='word_1_253' title='bbox 1144 2489 1276 2523; x_wconf 83' lang='lat' dir='ltr'>admire</span> <span class='ocrx_word' id='word_1_254' title='bbox 1293 2516 1301 2530; x_wconf 93' lang='lat'>‚</span> 
     </span>
     <span class='ocr_line' id='line_1_32' title="bbox 388 2543 1351 2589; baseline -0.002 -13"><span class='ocrx_word' id='word_1_255' title='bbox 388 2546 438 2577; x_wconf 82' lang='lat' dir='ltr'>De</span> <span class='ocrx_word' id='word_1_256' title='bbox 457 2545 489 2577; x_wconf 79' lang='lat' dir='ltr'>la</span> <span class='ocrx_word' id='word_1_257' title='bbox 509 2545 650 2585; x_wconf 67' lang='lat' dir='ltr'>beaute,</span> <span class='ocrx_word' id='word_1_258' title='bbox 665 2545 759 2589; x_wconf 57' lang='lat' dir='ltr'>x‘ingt</span> <span class='ocrx_word' id='word_1_259' title='bbox 778 2557 838 2577; x_wconf 75' lang='lat' dir='ltr'>ans</span> <span class='ocrx_word' id='word_1_260' title='bbox 856 2572 859 2576; x_wconf 92' lang='lat'>.</span> <span class='ocrx_word' id='word_1_261' title='bbox 878 2572 883 2577; x_wconf 90' lang='lat'><strong><em>.</em></strong></span> <span class='ocrx_word' id='word_1_262' title='bbox 921 2572 925 2576; x_wconf 85' lang='lat'><em>.</em></span> <span class='ocrx_word' id='word_1_263' title='bbox 947 2553 979 2576; x_wconf 70' lang='lat' dir='ltr'>ct</span> <span class='ocrx_word' id='word_1_264' title='bbox 997 2557 1055 2589; x_wconf 81' lang='lat' dir='ltr'>pas</span> <span class='ocrx_word' id='word_1_265' title='bbox 1074 2557 1119 2576; x_wconf 86' lang='lat' dir='ltr'>un</span> <span class='ocrx_word' id='word_1_266' title='bbox 1137 2543 1351 2576; x_wconf 68' lang='lat' dir='ltr'>cachemire!</span> 
     </span>
     <span class='ocr_line' id='line_1_33' title="bbox 1059 2598 1462 2629; baseline -0.002 0"><span class='ocrx_word' id='word_1_267' title='bbox 1059 2598 1213 2629; x_wconf 36' lang='lat' dir='ltr'>(immun</span> <span class='ocrx_word' id='word_1_268' title='bbox 1235 2598 1462 2629; x_wconf 64' lang='lat' dir='ltr'>Dnmvmxlz.</span> 
     </span>
    </p>
   </div>
   <div class='ocr_carea' id='block_1_6' title="bbox 1125 2648 1597 2687">
    <p class='ocr_par' dir='ltr' id='par_1_8' title="bbox 1125 2648 1597 2687">
     <span class='ocr_line' id='line_1_34' title="bbox 1125 2648 1597 2687; baseline 0.004 -6"><span class='ocrx_word' id='word_1_269' title='bbox 1125 2649 1200 2687; x_wconf 55' lang='lat' dir='ltr'>(lm</span> <span class='ocrx_word' id='word_1_270' title='bbox 1229 2650 1422 2683; x_wconf 50' lang='lat' dir='ltr'>(imte&#39;zliens.</span> <span class='ocrx_word' id='word_1_271' title='bbox 1451 2651 1525 2681; x_wconf 79' lang='lat' dir='ltr'>Act.</span> <span class='ocrx_word' id='word_1_272' title='bbox 1551 2649 1564 2680; x_wconf 91' lang='lat' dir='ltr'>I</span> <span class='ocrx_word' id='word_1_273' title='bbox 1588 2648 1597 2683; x_wconf 49' lang='lat' dir='ltr'>l</span> 
     </span>
    </p>
   </div>
  </div>
 </body>
</html>
