2061 3288
446 217 471 264 5
489 235 501 263 1
515 234 544 263 o
1020 222 1057 264 Τ
1065 223 1102 266 Α
1111 223 1145 266 Β
1155 224 1197 268 U
1208 224 1304 268 LA.

537 305 656 340 XXV.
684 307 738 341 De
757 305 911 341 Leandri
928 309 1127 354 spectaculo
1158 331 1673 346 ....................
1705 315 1789 362 Pag.
1823 318 1871 353 38

540 355 675 393 XXV.“
685 361 739 394 De
758 359 923 394 Leandro
943 382 1784 401 ................................
1823 369 1871 415 39

517 413 655 447 XXVI.
684 414 738 447 De
756 414 976 448 natatoribus
999 438 1786 454 ..............................
1823 424 1871 469 39

502 466 659 501 XXVII.
687 468 741 500 De
763 466 999 513 Carpophoro
1029 490 1785 507 .............................
1824 481 1869 517 41

478 519 651 553 XXVIII.
682 521 737 553 De
754 521 964 554 naumachia
980 530 1016 555 et
1033 521 1182 557 diversis
1203 524 1409 570 spectaculis
1426 525 1463 559 in
1482 538 1571 572 aqua
1590 527 1755 563 exhibitis
1780 551 1790 560 .
1826 529 1873 570 43

519 573 656 608 ΧΧΙΧ.
684 575 738 607 De
758 574 880 608 Prisco
901 583 935 608 et
953 576 1052 609 Vero
1070 576 1328 622 gladiatoribus
1352 601 1788 614 ·················
1825 582 1871 624 45

534 627 652 661 ΧΧΧ.
680 626 735 661 Ad
758 627 930 662 Caesarem
947 645 1787 666 ................................
1824 640 1872 680 47

514 679 651 714 ΧΧΧῙ.
681 681 844 714 Alterum
866 703 1786 718 ...................................
1824 692 1871 733 47

496 732 651 767 XXXII.
679 735 733 768 De
752 733 855 768 dama
875 743 909 768 et
927 735 1075 770 canibus
1086 758 1202 768 .....
1219 760 1228 767 .
1247 758 1712 772 ..................
1730 755 1739 771 ’.
1757 762 1766 772 .
1783 763 1792 772 .
1824 742 1872 782 48

478 786 651 821 XXXIII.
679 786 787 821 Aliud
805 812 816 829 ‚
840 787 935 834 apud
954 789 1139 835 antiquum
1161 791 1181 824 J
1187 791 1344 825 uvenalis
1367 791 1579 826 scholiasten
1589 815 1785 826 ........
1823 798 1872 839 49

527 946 578 981 Μ.
597 947 711 981 VAL.
739 947 1052 982 MARTIALIS
1080 949 1536 986 EPIGRAMMATUM
1565 953 1730 987 LIBER
1758 954 1789 988 Ι.

443 1047 654 1069 EPlSToLA
679 1047 732 1069 AD
762 1047 987 1070 LECTOREM
997 1058 1784 1071 ..............................
1823 1041 1871 1075 50

628 1106 659 1140 I.
686 1105 744 1140 Ad
763 1106 935 1140 Catonem
946 1129 1784 1141 ................................
1823 1110 1869 1145 52

612 1160 659 1193 II,
689 1158 746 1193 Ad
768 1160 936 1194 lectorem
946 1183 1787 1194 ................................
1825 1165 1870 1199 53

593 1214 659 1246 ΙΙΙ.
689 1212 746 1246 Ad
764 1214 958 1256 lectorem,
979 1214 1042 1248 ubi
1061 1214 1143 1248 libri
1164 1215 1303 1249 venales
1321 1236 1784 1248 .................
1823 1217 1871 1257 54

594 1267 659 1300 IV.
689 1265 746 1300 Ad
768 1267 899 1300 librum
921 1280 1044 1310 suum,
1064 1267 1102 1301 in
1125 1268 1242 1302 lucem
1260 1267 1407 1315 prodire
1427 1269 1634 1315 gestientem
1646 1291 1788 1301 ......
1826 1269 1871 1305 55

615 1320 662 1354 V.
690 1319 746 1353 Ad
766 1321 936 1354 Caesarem
947 1342 1784 1355 ................................
1824 1324 1871 1369 57

595 1373 660 1407 VI.
690 1372 895 1419 Respondet
916 1374 1070 1408 Martiali
1091 1375 1287 1421 Imperator
1297 1397 1785 1408 ...................
1824 1376 1871 1411 58

576 1427 660 1461 VII.
690 1427 743 1460 De
760 1427 864 1460 leone
881 1427 1026 1462 Caesaris
1056 1449 1788 1460 ............................
1826 1429 1872 1463 58

559 1481 662 1514 VIII.
690 1479 746 1513 Ad
766 1480 960 1514 Maximum
972 1507 982 1523 ‚
1004 1479 1049 1514 de
1067 1481 1231 1515 columba
1249 1481 1365 1516 Stellae
1375 1503 1784 1513 ................
1824 1482 1871 1526 59

597 1534 661 1567 IX.
692 1533 839 1567 Deciani
861 1533 988 1579 dogma
1006 1533 1125 1568 laudat
1135 1556 1785 1566 .........................
1823 1538 1870 1569 60

610 1587 657 1620 X.
688 1587 731 1619 In
753 1587 895 1620 Cottam
924 1608 1785 1619 .................................
1823 1590 1868 1622 61

594 1640 658 1673 XI.
687 1640 740 1673 De
758 1640 920 1673 Gemello
940 1648 975 1674 et
989 1641 1178 1674 Maronilla
1188 1662 1786 1672 .......................
1823 1643 1867 1675 61

579 1694 662 1726 XII.
691 1692 747 1726 Ad
766 1692 997 1727 Sextilianum
1012 1702 1177 1740 potorem
1189 1715 1785 1725 ·······················
1823 1696 1868 1729 62

557 1746 658 1780 XIII.
688 1747 741 1780 De
761 1747 914 1792 Regulo,
932 1748 1090 1792 porticus
1109 1748 1214 1781 ruina
1231 1760 1303 1781 non
1321 1759 1490 1794 oppresso
1509 1769 1784 1779 ...........
1822 1749 1869 1783 63

559 1800 662 1833 XIV.
692 1800 745 1833 De
763 1800 866 1833 Arria
885 1808 919 1834 et
937 1801 1032 1834 Paeto
1054 1821 1784 1833 ............................
1823 1803 1872 1845 64

579 1854 663 1888 XV.
692 1852 815 1887 Ludus
836 1853 948 1887 leonis
970 1867 1051 1888 cum
1073 1855 1196 1901 lepore
1220 1854 1257 1887 in
1280 1866 1384 1888 arena
1404 1875 1787 1885 ...............
1824 1855 1871 1889 65

557 1907 659 1941 XVI.
689 1905 746 1939 Ad
763 1906 903 1940 Julium
922 1929 1787 1939 .................................
1825 1911 1873 1941 66

544 1961 664 1994 XVII.
692 1959 750 1993 Ad
770 1960 915 1994 Avitum
929 1987 939 2003 ‚
961 1959 1005 1994 de
1021 1961 1092 1995 suis
1109 1960 1369 2008 epigrammatis
1380 1981 1789 1993 ................
1826 1964 1873 2006 67

526 2014 664 2047 XVIII.
692 2012 747 2046 Ad
765 2013 887 2047 Titum
897 2034 1787 2045 ..................................
1825 2015 1872 2059 67

564 2068 664 2100 XIX.
691 2065 749 2099 Ad
768 2067 922 2101 Tuccam
947 2087 1786 2098 ................................
1825 2069 1873 2102 68

582 2120 659 2154 ΧΧ.
687 2119 744 2153 Ad
765 2120 894 2153 [Eliam
926 2117 960 2151 ..
979 2141 1790 2152 ...............................
1828 2122 1875 2165 69

568 2173 663 2206 XXI.
694 2172 751 2206 Ad
772 2173 998 2207 Caecilianum
1029 2199 1396 2208 ..........
1427 2200 1435 2206 .
1467 2199 1793 2207 .........
1825 2176 1874 2218 69

547 2226 665 2262 XXII.
694 2227 746 2259 De
765 2227 921 2261 Porsena
942 2235 975 2260 et
995 2227 1120 2261 Mucio
1142 2226 1299 2261 Scaevola
1313 2251 1798 2261 .............
1829 2239 1876 2272 7ο

528 2278 664 2312 XXIII.
693 2281 747 2313 De
766 2280 869 2313 leone
888 2288 923 2314 et
938 2280 1059 2327 lepore
1073 2304 1798 2315 ...................
1829 2292 1876 2324 7ο

528 2332 666 2367 XXIV.
695 2332 753 2366 Ad
774 2333 913 2367 Cottam
947 2358 1793 2368 ......................
1822 2344 1869 2378 71

550 2385 666 2420 XXV.
694 2385 751 2419 Ad
772 2386 966 2420 Decianum
988 2411 1795 2422 .....................
1826 2398 1873 2431 7²

531 2437 669 2473 XXVI.
698 2439 754 2474 Ad
771 2439 979 2474 Faustinum
989 2462 1796 2475 .....................
1827 2451 1873 2483 72

514 2491 668 2525 XXVII.
696 2492 753 2526 Ad
772 2492 1005 2527 Sextilianum
1028 2513 1794 2528 ....................
1827 2491 1874 2536 73

491 2543 665 2578 XXVIII.
694 2545 750 2579 Ad
771 2546 961 2580 Procillum
975 2572 984 2589 ,
1003 2547 1187 2581 convivam
1205 2545 1312 2579 nimis
1330 2557 1525 2580 memorem
1548 2566 1795 2579 .......
1826 2543 1874 2588 75

535 2597 668 2632 XXIX.
698 2600 750 2632 De
773 2601 904 2632 Acerra
951 2622 1796 2635 ......................
1827 2599 1875 2641 76

554 2650 655 2682 XXX

660 2679 669 2686 .
698 2651 754 2686 Ad
774 2652 1026 2693 Fidenfinum,
1048 2653 1259 2699 plagiarium
1272 2676 1797 2687 ..............
1828 2650 1876 2693 76

538 2704 671 2739 XXXI.
702 2706 754 2739 De
773 2706 900 2739 Diaulo
919 2706 1057 2740 medico
1076 2729 1796 2740 ...................
1828 2714 1876 2747 77
