2061 3288
473 190 570 232 230

844 191 907 233 M.
932 191 1074 234 VAL.
1115 192 1507 237 MARTIALIS

1087 342 1261 400 XIX.

791 490 857 518 DE
896 490 1096 519 VIPERA
1136 492 1190 521 IN
1229 492 1331 520 ORE
1371 473 1558 523 missa*

535 609 760 652 PROXIMA
786 610 979 653 centenis
1002 610 1247 654 ostenditur
1272 627 1374 655 ursa
1400 611 1638 669 columnis,

605 679 834 722 Exornant
859 679 971 725 fictae
994 697 1077 742 qua
1102 680 1343 725 Platanona
1368 681 1480 726 ferae.

536 748 677 808 Hujus
706 749 810 793 dum
841 750 1013 811 patulos
1042 751 1239 796 alludens
1267 762 1406 797 tentat
1431 753 1574 797 hiatus

605 819 794 864 Pulcher
818 820 973 881 Hylas,
1000 831 1197 867 teneram
1221 824 1373 868 mersit
1394 825 1438 868 in
1463 840 1539 868 ora
1565 839 1757 868 manum.

533 949 734 1005 Hac-&Soc
764 953 861 1017 ἄγχι
887 959 982 1008 ecio-⁷
1009 960 1282 1008 ἑκατονςύλου
1312 958 1459 1019 ἄρκτος
1485 963 1652 1019 ὁρᾶται,

604 1015 658 1067 Hr-
686 1029 903 1070 πλατανὼν
935 1026 1100 1086 ‹laevis-mg
1128 1029 1261 1090 θηρσὶν
1292 1032 1403 1080 ἐπιςε
1389 1031 1548 1089 [cysa-ott,

533 1077 592 1145 Ης
620 1100 670 1146 ὡς
697 1095 840 1155 ἑψιόων
871 1094 1029 1159 πείραζε
1060 1102 1107 1143 τὸ
1135 1101 1300 1160 χάσμα
1327 1101 1474 1148 κνθῆκε

604 1168 759 1225 Κουρος
786 1157 893 1220 Ῠλας
921 1170 1075 1218 ἀταλῆν
1103 1176 1216 1230 χεῖρα
1242 1171 1350 1215 κατὰ
1377 1173 1581 1231 ςόματος·

515 1291 531 1307 ”
549 1298 610 1332 Est
630 1297 755 1333 flebilis
778 1302 933 1334 narratio
958 1315 1056 1335 casus
1083 1314 1144 1336 cu-

459 1349 598 1396 jusdam
613 1364 684 1397 quo
699 1353 804 1398 periit
819 1355 1020 1399 pulchellus
1033 1367 1142 1400 puer:

462 1404 598 1438 stabant
625 1405 721 1450 apud
749 1407 942 1451 Vipsanam
968 1408 1142 1453 porticum

463 1456 587 1490 fictiles
612 1458 693 1491 ferae
716 1458 759 1491 ad
781 1469 1026 1494 oruamentum
1051 1462 1118 1495 loci
1134 1487 1143 1503 ,

462 1510 590 1554 apertis
599 1510 766 1553 rictibus,
786 1513 924 1557 positae;
940 1514 974 1546 in
994 1526 1142 1558 quarum

461 1562 577 1596 hiatus
616 1563 836 1599 ludibundus
868 1578 959 1611 puer
998 1580 1142 1600 inanum

461 1615 698 1658 iinmittebat3
729 1618 819 1651 forte
845 1620 987 1653 accessit
1011 1620 1054 1654 ad
1083 1634 1142 1653 ur-

461 1681 531 1701 sam
562 1669 750 1714 quamdam
773 1672 809 1704 in
841 1673 938 1716 cujus
973 1686 1034 1705 ore
1064 1674 1142 1707 viva

460 1721 591 1755 latebat
618 1724 757 1768 xipera3
784 1737 860 1769 quae
882 1725 1016 1760 irritata
1040 1727 1143 1771 pueri

461 1787 571 1808 manu
588 1788 666 1809 eum
688 1769 813 1810 acriter
838 1778 1031 1812 momordit
1046 1805 1055 1820 ,
1077 1779 1142 1812 im-

462 1828 567 1861 misso
589 1842 727 1862 veneno
746 1830 845 1863 brevi
862 1832 1071 1876 periturum.

520 1893 548 1914 1.
574 1883 725 1915 Pravima
749 1887 906 1922 centenis,
936 1893 1000 1918 etc,
1028 1886 1142 1932 Prope

462 1934 652 1979 Vipsanam
669 1937 843 1981 porticum
863 1936 932 1977 (de
946 1951 1015 1983 quo
1029 1939 1089 1972 lib.
1105 1941 1121 1972 I
1133 1965 1141 1981 ‚

461 1987 570 2032 epigr.
592 2001 668 2026 elx,
693 2003 725 2022 v.
752 1990 789 2031 33
812 1999 845 2024 et
867 1991 926 2024 lib.
952 1993 985 2024 ll
1000 2020 1008 2033 ‚
1031 1992 1140 2038 epigr.

461 2052 538 2083 λιν,
555 2055 602 2075 vs·
625 2040 691 2085 9),
709 2055 788 2088 quae
810 2053 951 2078 centum
970 2045 1142 2079 columnis

462 2093 546 2127 fulta
567 2104 635 2136 est,
657 2096 692 2128 in
715 2096 792 2130 loco
811 2098 958 2143 platanis
980 2100 1116 2132 consito
1134 2126 1142 2140 ,

460 2146 623 2181 visuntur
651 2150 768 2182 multae
800 2151 951 2184 ferarum
975 2152 1141 2197 imagines

462 2212 502 2232 ex
530 2202 693 2243 metallo,
713 2215 774 2235 seu
796 2216 991 2246 marmore,
1013 2217 1073 2238 seu
1095 2206 1143 2238 la-

461 2253 544 2297 pide
561 2267 746 2299 expressae,
763 2256 856 2289 inter
874 2270 957 2302 quas
978 2266 1028 2290 est
1047 2271 1138 2292 ursa.

460 2327 513 2331 —-
530 2307 683 2352 Scaliger
701 2308 951 2355 interpretatur
972 2311 1069 2343 hunc
1087 2312 1139 2344 lo-

460 2370 541 2391 cum
574 2359 617 2393 de
647 2360 758 2395 stadio
790 2362 889 2408 quod
923 2373 996 2397 erat
1028 2377 1139 2410 prope

460 2411 635 2445 theatrum
659 2414 838 2460 Pompeii,
860 2417 1004 2462 regione
1025 2430 1116 2450 nona
1130 2445 1139 2459 ⁷

460 2472 494 2497 et
514 2466 732 2511 temporibus
750 2469 921 2502 Martialis
939 2471 1003 2503 sub
1017 2471 1138 2503 Domi-

462 2517 557 2551 tiano
585 2527 799 2555 exstructum
830 2522 916 2564 fuit,
945 2522 1041 2568 quod
1067 2524 1138 2556 Eu-

459 2571 575 2604 sebius
609 2573 642 2604 in
666 2573 843 2608 Chronico
866 2584 966 2609 vocat
996 2577 1136 2610 hecato»

461 2624 587 2669 stylon.

1248 1316 1265 1336 2
1273 1330 1281 1337 .
1292 1304 1464 1336 E.r01·nant
1471 1306 1566 1349 pictae
1575 1302 1653 1336 Ald.
1662 1303 1732 1336 Jun
1738 1311 1759 1337 t.
1767 1304 1881 1337 Colin.

1204 1356 1343 1402 Gryph.
1375 1357 1461 1390 aliae.
1491 1378 1543 1383 —
1576 1357 1690 1390 Fictoe.
1726 1356 1882 1402 Fingunt

1204 1409 1360 1442 statuarii
1369 1434 1379 1450 .,
1397 1410 1553 1454 pingunt
1567 1410 1729 1454 pictores.
1742 1430 1793 1435 —-
1803 1410 1882 1442 Pla-

1204 1470 1333 1495 tanona.
1357 1463 1493 1495 Locum
1519 1462 1665 1507 platanis
1692 1475 1732 1496 ex
1754 1461 1881 1496 ordine

1202 1515 1386 1548 consitum.

1258 1568 1290 1600 3.
1313 1567 1432 1601 Codex
1449 1568 1589 1601 Thuan.
1613 1576 1744 1613 temptat
1764 1569 1879 1602 hiatus.

1201 1621 1389 1653 Pulmanni
1426 1619 1535 1653 codex
1563 1633 1570 1654 ;
1605 1621 1745 1653 alludere
1781 1629 1883 1654 tentat

1202 1674 1317 1706 lilatus.
1348 1696 1399 1700 —
1431 1675 1546 1706 Tentat
1571 1675 1685 1707 hiatus.
1713 1675 1881 1707 Faucium

1202 1725 1423 1760 altitudinem
1441 1727 1616 1772 explorat,
1636 1727 1733 1773 quasi
1751 1740 1879 1773 provo-

1203 1788 1296 1813 caret
1320 1792 1357 1813 ac
1377 1779 1509 1813 diceret
1527 1792 1534 1813 :
1557 1779 1702 1822 Moule,
1731 1781 1803 1813 fera
1820 1806 1829 1821 ‚
1851 1781 1879 1814 si

1202 1834 1316 1877 potes!

1258 1891 1290 1926 4.
1316 1887 1433 1931 Hylas.
1466 1886 1547 1919 Fuit
1580 1898 1686 1931 puer,
1715 1885 1878 1919 Theoda-

1201 1952 1266 1972 mae
1292 1940 1403 1981 filius,
1426 1939 1638 1984 egregiaeque
1661 1940 1851 1972 venustatis
1869 1966 1877 1981 ,

1201 1992 1343 2027 Herculi
1357 1991 1548 2026 admodum
1564 2005 1672 2026 carus
1689 1993 1808 2033 Quum
1823 1993 1879 2025 Ja-

1200 2058 1319 2079 sonem
1348 2055 1381 2079 et
1411 2047 1630 2091 Argonautas
1658 2053 1807 2091 uterque
1834 2045 1877 2079 ad

1199 2099 1309 2132 vellus
1339 2111 1484 2132 aureum
1518 2098 1725 2145 rapiendum
1754 2100 1877 2132 comit-

1201 2160 1341 2190 aretur,
1371 2153 1479 2198 Hylas
1512 2164 1624 2198 prope
1652 2152 1808 2194 fontem,
1834 2152 1877 2185 ad

1199 2217 1304 2250 quem
1322 2213 1508 2238 accesserat
1527 2217 1653 2251 aquam
1671 2205 1874 2246 hausturus,

1199 2270 1217 2290 a
1232 2259 1398 2304 nymphis
1417 2258 1482 2291 fuit
1498 2266 1632 2304 raptus.
1653 2258 1821 2291 Hercules
1841 2259 1876 2291 in

1198 2310 1282 2344 litus
1305 2310 1507 2353 descendit,
1532 2319 1566 2344 et
1584 2311 1711 2357 Hylam
1731 2309 1793 2343 diu
1814 2324 1876 2344 vo·

1198 2373 1313 2397 catum
1330 2365 1377 2398 ita
1394 2364 1491 2397 flevit
1508 2364 1671 2397 amissum
1683 2390 1692 2406 ‚
1712 2371 1752 2396 ut
1763 2365 1874 2409 Argo·-

1197 2425 1318 2451 nautas
1328 2418 1465 2463 longius
1477 2415 1577 2462 sequi
1590 2416 1742 2450 noluerit
1751 2428 1758 2449 :
1768 2429 1876 2461 quum

1198 2479 1312 2504 autem
1326 2469 1603 2516 pulchritudinis
1617 2468 1720 2502 laude
1736 2469 1875 2502 efflore-

1198 2531 1250 2556 ret
1262 2524 1368 2569 Hylas
1378 2550 1386 2564 ,
1396 2524 1513 2570 Hylan
1527 2532 1627 2556 vocat
1640 2535 1789 2567 puerum
1800 2522 1875 2567 pul-

1197 2577 1348 2610 chellum
1365 2575 1646 2620 Martialis.Virg.
1664 2575 1792 2620 Georg.
1802 2575 1854 2607 III
1864 2600 1873 2615 ‚

1200 2631 1219 2659 (ἰ
1240 2639 1247 2658 2
1277 2647 1289 2659 ι
1312 2630 1376 2662 Cui
1403 2643 1473 2662 non
1498 2627 1611 2662 (lictus
1633 2628 1741 2676 Hylas
1760 2628 1873 2673 puer?
