2061 3288
445 215 1037 262 EPIGRAMMATUM
1076 215 1204 259 LIB.
1245 216 1309 258 ΙΙ.

1493 221 1582 274 241

245 309 307 352 Os
331 306 407 351 tibi
432 306 684 368 praecisum,
706 313 871 365 quanto
895 320 983 347 non
1007 304 1098 364 ipse
1123 305 1304 348 Latinus

314 376 428 423 Vilia
455 375 681 421 Panniculi
709 376 899 437 pereutit
927 390 1004 419 ora
1033 391 1141 419 sono
1165 392 1173 418 :

243 448 463 510 Quodque
486 449 626 509 magis
649 447 808 490 mirum
830 456 913 502 est,
932 455 1155 490 auctorem
1178 447 1370 492 criminis
1392 448 1522 510 hujus
1579 473 1592 495 5

314 519 538 566 Caecilium
562 528 653 563 tota
676 535 827 562 rumor
852 518 896 561 in
919 517 1027 562 urbe
1051 527 1188 562 sonat.

244 593 350 636 Esse
375 608 507 653 negas
536 589 698 634 factum
728 607 737 633 ε

765 590 830 634 vis
859 589 944 634 hoc
975 605 1044 633 me
1071 588 1281 634 credere?
1303 591 1446 635 credo.

313 662 433 720 Quid
461 661 579 723 quod
603 661 736 705 habet
764 670 918 717 testes,
943 660 1182 704 Posthume
1197 696 1208 717 ‚
1241 660 1467 707 Caecilius?

230 809 262 842 3.
295 808 342 842 Os
371 807 428 840 tibi
443 810 611 852 praecisum
637 807 735 839 Junt.
760 817 852 838 anno

181 860 276 894 1512
297 874 306 904 ;
328 860 446 894 Colin.
468 873 561 894 anno
596 860 715 901 1528;
738 858 852 891 Plant.

178 914 299 959 1579;
319 915 426 959 Lang.
460 921 525 946 etc.
557 914 604 946 Os
631 913 688 945 tihi
700 914 854 957 percisum

175 966 255 1000 Ald.
273 967 461 1000 Turnebus
478 993 487 1008 ‚
506 967 568 1000 lib.
583 967 671 1007 VII,
690 978 764 1011 cap.
790 977 852 1007 123

173 1019 264 1054 Scal.
282 1020 318 1053 in
336 1021 511 1054 Catalecta
526 1019 689 1065 Virgilii3
713 1019 854 1052 Gruter.

174 1073 345 1106 Ramires.
366 1073 476 1107 Scriv.
494 1073 642 1106 Farnab.
661 1081 695 1106 et
709 1072 854 1105 Schrev.

174 1127 228 1158 De
256 1126 513 1172 permutatione
533 1139 603 1171 prce
625 1134 658 1160 et
676 1139 754 1170 per,
779 1135 856 1170 quae

173 1179 384 1225 plerumque
401 1180 501 1213 litera
513 1192 536 1225 p
555 1180 591 1212 in
606 1177 710 1213 codd.
734 1185 856 1212 notare

175 1233 333 1266 solebant
360 1233 516 1275 librarii,
539 1233 696 1279 quamvis
717 1232 856 1278 signum

175 1284 382 1327 adderetur,
407 1298 478 1331 quo
512 1284 683 1330 distingui
723 1285 858 1318 facilius

174 1347 316 1383 possent
328 1365 337 1380 ‚
354 1337 436 1372 vide
451 1351 514 1372 nos
530 1337 573 1371 ad
590 1339 722 1372 Tibull.
742 1340 758 1371 I
773 1365 781 1381 ‚
801 1350 857 1379 10,

177 1392 345 1433 68;ΙΙΙ,
370 1404 401 1432 1,
427 1399 547 1433 11,et
568 1392 648 1432 III,
670 1391 713 1433 3,
734 1404 775 1435 9;
799 1392 858 1423 In-

175 1452 290 1490 terpp.
313 1443 356 1478 ad
380 1444 478 1490 Virg.
505 1447 585 1478 AEin.
612 1446 650 1485 Ι,
678 1456 746 1489 721
767 1457 776 1486 ;
801 1445 855 1485 ΙΙ,

177 1497 273 1540 566;
296 1497 340 1531 ad
368 1498 499 1532 Justin.
528 1498 712 1539 XXVIII,
743 1510 760 1530 2
777 1523 786 1539 ,
810 1498 855 1538 53

176 1551 345 1584 Arntzen.
369 1550 412 1584 ad
435 1552 578 1585 Catonis
595 1550 761 1595 disticha,
777 1564 855 1597 pag.

182 1616 195 1637 1
206 1606 266 1645 46,
279 1605 402 1639 Burm.
418 1604 462 1638 ad
475 1605 618 1639 Anthol.
634 1605 692 1638 lat.
709 1613 793 1638 tom.
809 1606 856 1644 II,

176 1669 212 1701 p.
235 1659 329 1702 627;
359 1666 393 1691 et
419 1659 598 1691 Drakenb.
629 1657 672 1691 ad
698 1658 758 1691 Sil.
786 1659 856 1696 VI,

180 1710 240 1749 43.
264 1711 394 1744 Anton.
410 1711 449 1743 de
466 1712 559 1756 Rooy
583 1711 681 1745 malit
701 1723 709 1744 :
731 1712 778 1744 Os
803 1711 860 1743 tibi

173 1776 372 1808 percussum;
398 1764 494 1797 haud
524 1764 659 1809 ingrata
700 1763 857 1808 ejusdem

912 806 1007 839 vocis
1037 807 1258 852 repetitione.
1290 807 1372 841 Vid.
1406 809 1468 843 lib.
1501 811 1571 844 VII
1585 838 1594 854 ‚

913 859 1020 904 epigr.
1048 872 1148 902 xc1v3
1172 869 1205 893 ct
1222 860 1326 894 Ovid.
1348 862 1488 896 Metam.
1516 864 1593 907 III,

916 912 987 946 330
999 937 1008 953 ,
1027 911 1081 946 ed.
1095 913 1196 947 Basil.
1210 935 1264 940 —-
1278 914 1325 949 Os
1341 915 1571 961 tibipr·oecisum
1584 931 1596 957 ;

914 965 972 999 alii
1002 968 1168 1011 percisum.
1202 967 1388 1002 Percidere
1421 969 1515 1003 enim
1546 978 1598 1003 est

916 1019 1081 1061 batuere‚
1112 1019 1273 1054 tundere.
1301 1022 1491 1056 Turnebus
1507 1050 1515 1064 ,
1536 1023 1596 1057 lib.

917 1072 987 1104 ῩΙΙ
999 1099 1008 1114 ,
1024 1085 1101 1118 cap.
1128 1085 1141 1105 1
1154 1087 1185 1106 2.
1200 1095 1252 1099 —
1269 1074 1399 1119 Quanto
1412 1102 1421 1115 ,
1444 1085 1508 1110 etc.
1526 1077 1600 1110 Ma-

914 1126 990 1171 jore
1016 1138 1121 1168 sono,
1151 1139 1257 1172 quam
1288 1128 1350 1161 ubi
1379 1129 1523 1163 Latinus
1560 1130 1600 1163 il-

914 1179 946 1212 le
968 1178 1095 1213 mimus
1122 1180 1229 1226 alapis
1263 1180 1364 1215 caedit
1391 1182 1597 1217 ministrum

917 1244 1034 1266 suum.
1055 1233 1182 1267 Juven.
1199 1234 1270 1268 Sat.
1290 1235 1366 1268 VI:
1388 1253 1402 1265 ι
1422 1236 1501 1277 Qua
1523 1249 1598 1270 sor-

917 1286 996 1319 beat
1013 1299 1090 1319 aera
1110 1299 1229 1321 sanna.
1251 1305 1264 1317 ι)
1285 1308 1336 1314 --
1355 1289 1488 1322 Latinus
1508 1290 1599 1322 Vilia

918 1339 1100 1373 Panniculi.
1119 1341 1170 1372 De
1182 1341 1308 1374 Latino
1326 1340 1477 1375 diximus
1492 1343 1554 1376 lib.
1568 1344 1598 1386 I,

918 1391 1029 1437 epigr.
1054 1405 1092 1432 v,
1119 1393 1176 1426 cui
1201 1393 1414 1428 Panniculus
1438 1395 1599 1429 minister

919 1453 992 1478 erat
1011 1443 1055 1478 ad
1072 1446 1183 1479 risum
1203 1447 1484 1491 conciliandum,
1507 1449 1598 1483 sine-

918 1498 1047 1543 batque
1069 1512 1104 1532 se
1130 1499 1237 1546 alapis
1257 1502 1394 1546 percuti
1418 1515 1437 1535 a
1457 1502 1596 1536 Latino.

917 1551 995 1585 Lib.
1014 1553 1060 1593 V,
1085 1553 1195 1598 epigr.
1218 1566 1301 1588 LXI:
1327 1572 1340 1584 α
1361 1555 1392 1588 O
1416 1568 1521 1601 quam
1544 1555 1598 1589 di-

917 1617 1004 1650 gnus
1024 1617 1098 1639 eras
1115 1606 1242 1652 alapis,
1265 1607 1439 1650 Mastane,
1456 1609 1572 1642 Latini
1590 1610 1597 1642 !

917 1659 970 1692 Te
994 1671 1235 1694 successurum
1256 1660 1362 1694 credo
1385 1674 1450 1710 ego
1471 1662 1600 1696 Panni-

920 1713 1011 1746 culo.
1027 1729 1039 1742 ι
1057 1735 1109 1739 ——-
1122 1714 1239 1747 Testes.
1256 1715 1364 1749 Jocus
1375 1724 1426 1749 est
1440 1716 1474 1748 in
1492 1716 1600 1749 ambi-

919 1765 1049 1809 guitate
1069 1779 1187 1800 sensus
1212 1767 1316 1812 hujus
1335 1769 1443 1803 vocis.
1462 1769 1529 1802 En.

734 1912 1043 1968 LXXIII.

733 2069 790 2096 IN
843 2068 1041 2097 LYRIM.

253 2194 381 2250 Qun)
413 2194 541 2236 faciat
570 2191 663 2235 vult
689 2193 798 2236 scire
830 2193 956 2251 Lyris
983 2208 991 2233 ε
1020 2191 1154 2252 quid?
1175 2193 1319 2236 sobria
1346 2193 1474 2239 fellat,

242 2349 271 2369 1.
291 2336 361 2369 Alii
379 2336 499 2381 legunt
525 2350 531 2367 ε
559 2336 784 2380 Quidsaciat,
809 2339 860 2368 vis

181 2392 261 2422 scire
289 2390 382 2436 Lyris
398 2394 417 2421 Ρ
444 2389 748 2422 Musambertius:
774 2389 865 2433 Quid

176 2444 283 2484 faciut
304 2445 354 2475 vis
376 2445 454 2475 scire
474 2443 568 2488 Isrrc's
589 2455 708 2489 quoque
729 2442 863 2474 sobria?

176 2497 284 2537 fellat.
307 2496 405 2529 Junt.
436 2504 470 2529 et
498 2495 613 2529 Colin.
643 2495 728 2541 quod
747 2495 862 2528 sobria.

183 2549 277 2582 Huic
299 2549 416 2583 versui
438 2557 698 2593 pentametrum
727 2549 867 2593 subjicit

186 2601 297 2635 codex
325 2601 541 2636 Bodleianus
563 2614 570 2635 ε
598 2601 734 2635 Gaudeo
760 2615 770 2634 :
793 2601 870 2647 quid

181 2656 282 2696 fite-ies
301 2656 385 2688 ebria
396 2657 488 2697 suctu
512 2657 604 2701 Lj‘m's
619 2660 636 2686 .³
656 2677 707 2681 —
725 2655 760 2688 Si
779 2655 869 2687 hanc

266 2731 298 2769 l.

920 2336 1112 2370 retinemus
1134 2337 1320 2371 lectionem
1342 2339 1576 2385 intelligemus
1591 2368 1601 2383 ‚

921 2390 1057 2435 Lyrim,
1068 2403 1145 2435 quae
1161 2391 1254 2424 ebria
1271 2400 1370 2425 antea
1384 2393 1524 2428 fellabat
1535 2407 1606 2438 ‚so-

924 2442 1037 2475 briam
1075 2444 1244 2477 fellavisse
1259 2471 1268 2486 ‚
1303 2454 1343 2478 ut
1376 2459 1445 2480 suae
1476 2448 1602 2481 mentis

924 2507 1068 2541 compos
1083 2522 1092 2537 ,
1113 2497 1214 2530 sciret
1232 2498 1318 2543 quid
1338 2499 1477 2534 faceret.
1497 2522 1548 2528 —-
1567 2501 1602 2534 Si

926 2549 1073 2593 legimus
1097 2561 1105 2582 :
1130 2567 1143 2579 κ
1168 2550 1265 2592 Quid
1283 2552 1383 2586 faciat
1410 2554 1462 2587 vis
1493 2554 1580 2587 scire
1596 2580 1604 2595 ‚

927 2601 1055 2647 Lyris?
1077 2603 1175 2648 qnod
1195 2605 1309 2638 sobria
1337 2618 1344 2638 :
1371 2606 1465 2640 fellat
1485 2624 1497 2636 ι·
1518 2634 1526 2648 ,
1552 2608 1606 2640 in-

930 2655 1154 2700 telligemus:
1182 2658 1246 2691 Vis
1277 2659 1366 2692 scire
1390 2659 1476 2705 quid
1508 2661 1609 2693 faciat

1308 2731 1363 2774 16
