2061 3288
569 203 659 246 DE
698 201 1185 248 SPECTACULIS.

1519 201 1580 248 33

310 292 505 347 Dicitur,
538 290 755 345 exhibuit,
788 294 954 344 Caesar,
984 306 1115 334 arena
1145 290 1233 334 tibi.

238 365 486 424 Repserunt
512 359 701 422 scopuli,
728 361 1011 423 mirandaque
1041 360 1161 421 sylva
1191 362 1409 418 cucurrit,

308 431 448 490 Quale
479 432 610 476 fuisse
640 448 794 476 nemus
825 432 1016 477 creditur
1042 430 1346 492 Hesperidum.

238 503 663 548 Adfuit—immixtum
693 502 911 564 pecudum
943 519 1080 563 genus
1102 518 1231 546 omne
1263 501 1478 559 ferarum,

306 576 363 618 Et
385 590 517 634 supra
547 582 691 616 vatem
724 573 859 618 multa
889 572 1096 634 pependit
1127 573 1232 616 avis.

236 648 334 706 Ipse
360 644 434 688 sed
465 646 636 705 ingrato
662 644 800 705 jacuit
829 643 1041 688 laceratus
1072 643 1126 687 ab
1159 660 1274 688 urso.

307 717 410 759 Haec
435 725 579 758 tamen
609 724 658 758 ut
687 730 755 760 res
785 724 850 759 est
874 714 1013 770 facta,
1039 716 1099 758 ita
1124 713 1225 758 ficta
1255 712 1337 758 alia
1362 724 1438 758 est.

307 851 396 891 Πᾶν
423 867 509 903 σοι,
541 851 724 910 Καῖσαρ,
752 844 846 893 ἰδεῖν
875 843 979 892 δῶκε
1006 852 1251 911 κυνηγέσιον.

236 922 369 980 Οὔρεα
394 919 553 974 κινήθη,
581 920 647 963 καὶ
674 914 838 963 δάσκιον
864 913 1033 980 ἔδραμεν
1064 919 1204 970 ἄλσος·

307 987 402 1033 Οἷον
429 992 494 1037 ἔην
519 992 698 1050 Νυμφῶν
726 982 960 1050 Εσπερίδων
987 992 1163 1050 τέμενος.

236 1063 351 1104 Φῡλα
381 1067 511 1120 παρ-ῆν
541 1061 667 1121 θηρῶν
696 1055 945 1121 ἀνοιμίγδην,
972 1061 1038 1104 καὶ
1067 1060 1172 1116 βοτὰ
1198 1061 1335 1105 πάντα

306 1131 452 1179 [It-avo?
479 1131 512 1173 θ’
542 1131 675 1191 ὕπερθ’
701 1126 808 1186 ᾠδοῦ
835 1133 984 1191 κρατὸς
1013 1133 1194 1192 ἐπἠόρια.

236 1196 353 1244 Αλλὰ
381 1196 640 1251 διασπασθεὶς
667 1203 745 1245 ὑπὸ
772 1203 908 1252 νηλέος
938 1200 1089 1262 ἄρκτου
1121 1204 1271 1245 ἔκειτο·

305 1274 359 1314 X’
387 1275 437 1322 ὡς
467 1266 556 1314 Τόδ’
583 1271 724 1321 ἀληθὲς
750 1273 836 1325 ἔην,
863 1271 914 1322 ὣς
943 1267 1040 1315 τάδε
1068 1274 1224 1322 πλαςὸν
1253 1272 1334 1332 ἔφυ.

165 1415 320 1461 scopulis
329 1415 389 1461 qui
400 1414 441 1448 ad
451 1414 647 1461 Rhodopen
656 1427 843 1461 arrepsere,

166 1482 277 1515 quum
294 1469 329 1501 in
349 1481 388 1502 ea
404 1477 544 1502 caneret
562 1468 739 1513 Orpheus.

220 1522 254 1555 3.
264 1521 561 1567 Repseruutscopuli
567 1548 573 1555 .
583 1520 738 1554 Mediam
748 1534 845 1554 nem·

166 1587 210 1621 pe
231 1588 296 1621 per
310 1587 449 1608 arenam
469 1575 573 1620 sylvae
590 1583 623 1608 et
636 1587 713 1608 saxa
728 1575 843 1608 trahe-

166 1628 294 1661 bantur
304 1641 367 1673 per
382 1628 660 1661 machinamenta
672 1626 842 1673 quaedam,

167 1689 226 1714 aut
246 1682 287 1714 ab
308 1681 508 1713 hominibus
530 1681 567 1713 in
590 1681 722 1713 truncis
742 1681 843 1714 arbo-

168 1747 247 1767 rum
262 1734 484 1779 scopulisque
498 1733 724 1766 latitantibus.
744 1735 811 1767 En.

224 1791 257 1826 4.
289 1787 406 1819 Nemus
431 1786 650 1831 Hesperidum.
685 1787 843 1827 Quarum

167 1840 264 1873 horti
286 1838 538 1873 describuntur
555 1852 570 1872 a
589 1839 740 1884 Virgilio
752 1866 760 1880 ,
774 1840 843 1872 Pli-

167 1893 240 1935 nio,
250 1892 368 1926 Solino
379 1892 416 1925 in
428 1893 843 1937 MauritaniaTingitana.

168 1946 282 1991 Prope
297 1946 425 1979 Lixum
440 1946 565 1979 urbem
586 1957 593 1978 z
612 1946 659 1978 ita
677 1945 839 1978 Ortelius.

168 2000 210 2032 In
221 1999 289 2031 illis
303 1998 413 2032 hortis
427 2011 529 2044 poma
549 2007 647 2031 erant
667 2011 770 2031 aurea
782 2024 791 2039 ‚
808 1998 843 2031 id

169 2060 217 2085 est
235 2054 359 2093 citrea,
370 2064 523 2097 quorum
535 2053 748 2085 mentionem
765 2052 846 2085 facit

170 2105 360 2138 Athenaeus
371 2127 380 2142 7
395 2104 444 2137 lib
458 2105 527 2145 HI,
540 2117 614 2150 cap.
633 2105 666 2138 5.

225 2158 258 2190 5.
294 2157 415 2200 Adjicit
445 2159 599 2190 immistum
626 2160 732 2202 pecori
764 2158 846 2203 legit

170 2209 263 2243 idem
282 2210 462 2243 Mai-cilius
484 2222 492 2242 ε
511 2213 618 2255 pecori
641 2211 744 2243 etiam
764 2211 847 2255 legit

170 2262 328 2296 Raderus
346 2285 356 2302 ‚
386 2263 558 2308 probante
593 2263 747 2297 Grutero
768 2289 776 2303 ,
813 2271 846 2296 et

169 2316 332 2349 confirm.
360 2314 462 2348 codd.
488 2316 622 2349 Beverl.
649 2324 683 2348 et
703 2316 844 2349 Thuan.

171 2369 366 2414 Cagnerius
380 2368 581 2413 distinguit,
596 2368 717 2411 Adfuit
727 2371 847 2401 immic-

172 2430 235 2454 tum
256 2422 408 2467 pecudum
433 2435 551 2465 geuus;
574 2434 661 2453 omne
677 2422 820 2464 serenum
834 2448 843 2461 ‚

172 2483 235 2508 etc.
254 2475 320 2507 Alii
336 2499 345 2514 ,
362 2475 515 2519 pecudum
532 2487 630 2519 gellus
648 2481 740 2519 utque
754 2475 845 2515 seru-

173 2541 252 2560 rum.
276 2529 356 2560 Aut.
379 2527 422 2560 de
443 2529 545 2572 Rooy
566 2528 656 2571 conj.
682 2527 801 2568 Adfuit
818 2536 848 2558 et

174 2583 303 2612 mixtum
318 2581 431 2625 pecudi
447 2593 546 2623 genus
560 2607 568 2620 ,
584 2589 649 2613 etc.
664 2578 758 2612 Vide
775 2580 850 2613 Cal-

174 2645 279 2677 purn.
295 2634 367 2667 Ecl.
385 2634 419 2666 II
432 2659 441 2674 ,
464 2646 504 2666 10
521 2645 591 2677 seq.
612 2655 660 2660 „-
677 2633 847 2665 Pecualum.

248 2707 282 2747 I.

902 1415 978 1449 Hoc
992 1424 1055 1458 est,
1069 1429 1174 1449 omne
1186 1429 1297 1461 genus
1309 1418 1461 1451 ferarum
1475 1429 1581 1454 cantu

902 1469 1220 1502 mansuefactarum
1231 1468 1354 1504 adfuit.
1363 1471 1464 1504 Pecus
1476 1474 1580 1518 vulgo

902 1522 1077 1568 significat
1097 1535 1202 1556 omne
1227 1523 1353 1556 animal
1381 1524 1479 1570 quod
1504 1539 1580 1571 gre-

901 1576 1008 1620 gatim
1018 1575 1173 1621 pascitur
1183 1572 1326 1614 (Justin.
1336 1579 1421 1611 Inst.
1433 1577 1477 1611 de
1487 1579 1579 1624 Lege

901 1622 1069 1673 Aquilia),
1084 1628 1193 1662 veluti
1210 1630 1336 1671 boves,
1354 1631 1451 1676 equi,
1472 1632 1579 1674 asini,

903 1689 967 1714 ete.
980 1681 1075 1714 Ferae
1088 1691 1202 1715 autem
1220 1682 1254 1715 in
1276 1695 1415 1728 gregem
1434 1697 1505 1717 nou
1523 1697 1580 1718 co-

902 1743 1008 1768 eunt:
1028 1735 1134 1780 igitur
1153 1747 1271 1769 sensus
1290 1736 1348 1769 hic
1370 1744 1420 1769 est
1438 1749 1445 1770 :
1469 1736 1582 1771 adfuit

902 1787 1054 1820 ferarum
1067 1789 1180 1829 turha,
1191 1800 1281 1822 voce
1293 1797 1327 1822 et
1338 1789 1479 1824 citharae
1494 1804 1580 1824 sono

901 1840 948 1873 ita
959 1841 1205 1882 mansuefacta,
1218 1835 1323 1875 ut'eas
1336 1843 1424 1876 feras
1437 1842 1581 1877 dixisses

902 1906 974 1926 esse
989 1893 1140 1939 pecudes
1157 1908 1164 1925 τ
1186 1907 1268 1927 nam
1287 1903 1326 1928 ut
1343 1907 1449 1941 pecus
1467 1905 1585 1941 pasto-

902 1958 994 1987 rem,
1008 1946 1056 1979 sic
1070 1955 1253 1980 canentem
1271 1948 1504 1993 sequebantur
1517 1950 1583 1982 Or-

904 1999 1046 2041 pheum.
1067 1999 1134 2032 En.

958 2054 993 2086 6.
1023 2053 1129 2086 Μιιὶία
1149 2053 1299 2098 pependit
1321 2055 1398 2087 avis.
1422 2053 1499 2087 Filo
1527 2056 1580 2088 vel

904 2105 970 2138 reti
992 2106 1149 2139 coercitae
1171 2104 1374 2138 tenuissimo
1401 2119 1445 2139 ne
1467 2108 1582 2140 avola-

905 2166 1003 2199 rent,
1027 2170 1104 2191 aves
1125 2158 1254 2192 multae.
1272 2158 1328 2191 Sic
1348 2159 1453 2193 Ovid.
1472 2175 1484 2186 «ι
1497 2161 1583 2194 Tale

906 2224 1032 2244 nemus
1046 2221 1139 2245 vates
1155 2220 1356 2247 attraxerat,
1373 2213 1481 2258 inque
1497 2214 1584 2247 fera-

906 2277 985 2296 rum
1012 2265 1182 2303 ConciliQ
1197 2263 1333 2296 medius
1354 2266 1459 2298 turba
1483 2267 1582 2299 volu-

905 2329 1075 2362 crumque
1093 2315 1244 2349 sedebat.
1265 2334 1278 2346 n

961 2382 994 2413 7.
1014 2371 1146 2413 lugi-uto
1164 2370 1203 2401 ub
1220 2383 1302 2403 ursa.
1323 2369 1393 2410 Qui
1408 2371 1495 2404 vatis
1511 2385 1586 2405 mu-

905 2422 1009 2455 sicam
1029 2421 1236 2455 crudelitate
1249 2425 1498 2467 compensavit.

962 2477 995 2509 8.
1014 2475 1082 2507 Nec
1106 2483 1207 2507 tumen
1234 2475 1437 2509 Beverland.
1462 2479 1515 2510 Ita
1532 2482 1588 2522 pi-

910 2529 1005 2559 cloriu·
1018 2527 1235 2572 Tliuan.fia'u
1246 2529 1310 2560 ulia
1322 2538 1367 2561 est
1377 2529 1583 2563 Beverlandi

909 2580 984 2613 MS.
1011 2581 1112 2613 Hunc
1136 2593 1274 2614 versum
1299 2594 1370 2614 non
1399 2595 1470 2616 esse
1491 2583 1583 2616 Mar-

910 2633 999 2667 tialis
1011 2660 1019 2675 ‚
1037 2634 1160 2667 scribit
1176 2635 1393 2675 Gronovius,
1407 2634 1466 2668 sed
1485 2637 1593 2670 alieu-

1354 2705 1377 2750 3
