2061 3288
446 234 1030 279 EPIGRAMMATUM
1066 235 1189 277 LIB.
1230 236 1293 277 ΙΙ.

1482 252 1571 298 179

813 389 922 446 ΧΙ.

383 526 450 555 AD
490 526 680 555 RUFUM
722 527 785 554 DE
825 524 979 554 SELIO
1017 505 1362 555 (3οΕΝΙΡ1«ἹΤΑ.”ι

302 646 446 703 QUOD
470 645 614 689 fronte
637 644 797 689 Selium
823 643 970 688 nubila
993 644 1136 700 vides,
1159 645 1295 702 Rufe,

303 716 438 774 Quod
467 715 714 760 ambulator
738 716 955 777 porticum
982 716 1081 759 terit
1107 732 1252 770 serus3

304 787 514 848 Lugubre
544 787 751 848 quiddam
780 786 899 847 quod
933 795 1047 830 tacet
1074 788 1198 848 piger
1227 786 1402 843 vultus3

304 858 438 916 Quod
464 874 586 919 paene
613 868 773 902 terram
797 858 937 918 tangit
960 857 1163 902 indecens
1185 874 1337 911 nasus3

303 929 438 987 Quod
461 929 611 973 dextra
638 939 791 990 pectus
814 927 979 989 pulsat,
1002 938 1046 972 et
1071 945 1242 973 comam
1266 929 1385 974 vellit
1406 947 1416 985 ;
1565 951 1578 974 5

303 1001 406 1043 Non
431 999 500 1043 ille
526 1001 652 1043 amici
680 999 768 1044 fata
792 998 937 1060 luget,
965 1009 1040 1043 aut
1063 999 1207 1044 fratris
1231 1018 1240 1043 ε

303 1072 502 1131 Uterque
533 1081 660 1115 natus
689 1071 817 1124 vivit,
842 1079 885 1114 et
915 1086 1072 1131 precor
1096 1071 1244 1115 vivat:

305 1141 434 1185 Salva
459 1151 523 1186 est
547 1152 590 1185 et
611 1158 742 1195 uxor,
767 1141 1052 1202 sarcinaeque,
1080 1142 1278 1202 servique
1301 1159 1309 1184 t

303 1212 424 1256 Nihil
456 1211 662 1267 colonus,
683 1210 938 1272 villicusque
968 1212 1152 1256 decoxit.

305 1284 508 1327 Moeroris
533 1284 665 1343 igitur
686 1298 816 1326 causa
842 1282 966 1343 quae?
987 1282 1107 1326 domi
1131 1294 1285 1327 coenat.

218 1406 232 1419 ¹
255 1410 396 1443 Lemma
418 1409 454 1441 in
486 1407 567 1441 edd.
592 1417 675 1441 vett.
697 1416 773 1441 est:
802 1409 841 1441 In

164 1462 295 1496 Selium.
313 1463 451 1496 Thuan.
466 1462 625 1495 exhibet:
648 1462 707 1494 Ad
723 1462 840 1504 Rufum

163 1516 202 1548 de
215 1517 296 1549 Silio
310 1519 470 1561 coem'peta.

217 1570 319 1603 —Ut
334 1570 576 1614 Menogenem,
592 1568 651 1601 lib.
666 1568 737 1600 XII
748 1594 756 1609 ‚
770 1567 842 1613 epi-

163 1634 309 1668 gramm.
335 1635 474 1663 Lxxxxv‚
502 1621 551 1654 sic
582 1621 712 1654 Selium
734 1621 839 1654 coeni-

164 1684 301 1721 petam,
327 1675 371 1708 de
401 1688 470 1721 quo
498 1675 588 1707 infra
612 1675 678 1707 erit
706 1675 841 1707 mentio

165 1729 275 1774 epigr.
305 1741 365 1762 xiv
387 1737 422 1762 et
440 1739 561 1768 xxvn,
583 1726 719 1760 deridet
746 1728 841 1760 Mar-

164 1783 255 1815 tialis
268 1790 484 1823 moerentem,
493 1779 589 1827 quod
600 1780 696 1813 domi
707 1793 842 1813 coenare

165 1844 322 1881 cogatur.
340 1836 408 1868 En.

225 1901 254 1921 1.
267 1889 474 1932 Quodsi-onte
487 1886 600 1920 Sillnm
613 1884 720 1919 codex
735 1885 840 1919 idem.

166 1941 264 1984 Ruffe
278 1942 377 1974 Junt.
395 1950 429 1974 et
445 1940 559 1974 Colin.
581 1961 628 1964 —
648 1940 768 1972 Fronte
783 1952 844 1971 nu-

167 1994 243 2028 bila.
279 1994 446 2028 Tristitiae
477 1992 573 2026 nube
604 1992 700 2025 velut
729 1991 842 2025 obdu-

166 2056 232 2081 cta.
252 2048 318 2080 En.

224 2113 256 2133 2.
278 2098 485 2133 Beverlandi
510 2097 585 2131 MS.
614 2111 694 2131 sera.
723 2097 843 2131 Codex

168 2153 274 2186 Palat.
289 2165 388 2185 seram
401 2166 412 2191 ;
427 2160 461 2185 et
475 2151 571 2184 sicin
590 2150 669 2184 cod.
686 2151 842 2184 Heraldi.

168 2228 221 2232 —-
246 2206 419 2238 Porticum.
451 2203 633 2237 Porticum
661 2204 843 2250 Europes,

168 2259 205 2291 in
233 2271 300 2304 qua
327 2257 525 2292 ambulabat
546 2269 649 2290 mane
674 2257 807 2299 Selius,
825 2270 844 2290 a

168 2312 334 2345 Romanis
347 2312 382 2343 in
393 2322 515 2354 campo
528 2310 657 2343 Martio
666 2322 738 2343 sese
750 2323 845 2343 exer-

167 2365 327 2398 centibus
352 2362 595 2396 invitationem
623 2375 784 2408 sperans,
808 2363 844 2396 in

168 2430 274 2464 quam
286 2429 430 2462 vespere
442 2414 599 2456 redibat,
615 2424 654 2449 ut
666 2415 712 2448 ait
726 2416 845 2457 Poeta,

168 2471 281 2516 epigr.
300 2483 372 2511 ΧΠ,
394 2469 503 2511 infra,
518 2481 553 2502 v.
578 2468 621 2502 15
643 2480 651 2502 :
681 2485 694 2498 α
715 2468 751 2501 Si
768 2469 845 2514 quis

169 2524 218 2557 ibi
240 2536 356 2557 serum
381 2530 499 2568 carpat
520 2521 650 2554 amicus
672 2521 749 2555 iter.
776 2522 844 2556 ED.

225 2575 258 2610 3.
278 2577 446 2621 Languor-e
470 2575 603 2621 quodam
626 2573 736 2608 codex
754 2574 846 2608 Bod-

170 2630 313 2662 leianus.
346 2630 491 2674 Langore
521 2626 739 2661 Beverlandi.
770 2627 844 2661 MS.

171 2682 372 2725 -Lugubre
381 2681 541 2728 quiddam,
552 2689 616 2715 etc.
627 2682 669 2714 In
676 2680 774 2714 vultu
784 2694 846 2715 suo
878 2703 881 2707 -

900 1408 1030 1449 Selius,
1044 1407 1190 1442 tacendo
1206 1421 1277 1454 prae
1295 1422 1330 1442 se
1343 1410 1410 1444 fert
1429 1411 1576 1456 lugubre

900 1460 1069 1507 quiddam
1089 1474 1106 1505 ἐ
1137 1462 1253 1495 vultus
1290 1463 1389 1508 piger
1422 1463 1553 1498 dicitur
1568 1493 1577 1508 ,

900 1516 980 1560 quia
993 1515 1081 1548 inest
1094 1515 1129 1547 in
1142 1515 1282 1548 tristitia
1294 1516 1428 1550 lentum
1442 1519 1576 1564 aliquid

900 1577 933 1601 et
951 1568 1101 1613 pigrum.

957 1625 988 1660 4.
1006 1621 1128 1655 Codex
1143 1622 1357 1656 Vaticanus:
1378 1623 1476 1667 Quod
1486 1638 1577 1669 paene

901 1683 1013 1707 tert-:1712
1031 1677 1136 1719 tergit.
1155 1674 1239 1708 Vid.
1254 1676 1373 1709 Heius.
1391 1676 1434 1709 ad
1451 1677 1576 1712 Claud.

899 1728 1000 1761 Praef.
1032 1728 1093 1761 lib.
1126 1729 1160 1769 I,
1182 1728 1219 1760 in
1251 1729 1370 1762 Rufin.
1398 1751 1450 1757 —
1481 1731 1580 1774 Quod

895 1794 988 1825 prem>
1017 1789 1130 1813 terram
1161 1784 1267 1826 tangit
1279 1809 1288 1822 ,
1319 1790 1386 1815 etc.
1420 1783 1553 1818 Gallice
1567 1811 1576 1826 ‚

900 1835 933 1866 Il
945 1848 963 1865 α
983 1847 1024 1866 zm
1036 1835 1112 1877 pied
1124 1835 1163 1866 de
1180 1847 1247 1868 nez.
1265 1835 1333 1869 ED.
1350 1857 1401 1862 —-
1418 1836 1488 1877 Qui
1504 1850 1575 1882 prae

900 1886 1037 1931 pudore
1051 1896 1083 1919 et
1096 1887 1236 1919 tristitia
1253 1888 1372 1920 oculos
1387 1901 1424 1921 ac
1440 1890 1576 1923 vultum

901 1938 1068 1985 dejiciunt
1082 1966 1090 1981 ‚
1109 1940 1176 1972 illis
1187 1952 1289 1972 nasus
1305 1939 1500 1974 demittitur
1514 1968 1523 1982 ,
1542 1952 1577 1976 et

901 2001 1044 2038 apparet
1063 1992 1222 2037 longior;
1242 2005 1280 2025 ac
1301 1993 1390 2026 forte
1407 1993 1463 2027 isti
1483 1995 1576 2029 Selio

898 2047 969 2091 jam
991 2054 1064 2078 erat
1085 2057 1148 2091 per
1165 2057 1201 2078 se
1220 2045 1308 2078 bene
1327 2046 1464 2091 longus.

957 2100 989 2133 8.
1015 2098 1227 2144 Sarcinoeque.
1259 2098 1424 2144 Supellex
1455 2099 1576 2135 dome-

901 2152 1009 2185 stica:
1038 2164 1155 2184 sensus
1175 2159 1254 2184 est:
1278 2152 1374 2186 Nihil
1402 2152 1453 2185 illi
1481 2154 1576 2188 fures

901 2200 1132 2238 abstulerunt.
1143 2209 1148 2214 '

955 2271 990 2302 9.
1021 2257 1170 2291 Colonus.
1199 2258 1270 2300 Qui
1296 2270 1416 2303 agrum
1441 2258 1577 2292 condu-

900 2319 997 2344 ctum
1014 2319 1048 2344 et
1068 2311 1220 2344 alienum
1243 2311 1339 2345 colit.
1357 2332 1410 2338 -—
1430 2312 1468 2344 V
1465 2313 1576 2346 illic-us.

902 2363 972 2405 Qui
986 2364 1077 2397 villae
1093 2376 1211 2396 curam
1226 2363 1343 2397 habet.
1361 2384 1413 2389 —
1427 2365 1576 2399 Decoxit.

901 2415 1079 2457 Perdidit,
1099 2415 1219 2449 damni
1239 2415 1348 2450 dedit.
1372 2417 1578 2463 Metaphora

903 2468 1045 2502 ducitur
1061 2470 1104 2502 ab
1122 2469 1163 2503 iis
1180 2469 1376 2515 liquoribus
1391 2470 1449 2516 qui
1467 2483 1576 2517 quum

903 2522 1136 2568 imponuntur
1149 2522 1219 2568 igni
1233 2548 1242 2565 ‚
1262 2524 1492 2557 absumuntur
1505 2537 1580 2559 sen-

904 2576 969 2608 sim
997 2584 1030 2608 et
1052 2575 1273 2609 minuuntur.
1300 2577 1507 2622 Decoquere
1528 2586 1579 2611 est

905 2627 1094 2674 aliquando
1105 2630 1193 2672 faire
1208 2630 1427 2675 banqueroute.

965 2694 1020 2715 10.
1055 2682 1203 2715 Illoeroris
1234 2685 1334 2727 igitur
1359 2696 1476 2724 causa,
1502 2683 1587 2730 quod

1291 2754 1376 2799 12²
