2061 3288
452 193 1036 238 EPIGRAMMATUM
1075 194 1196 235 Llss.
1237 193 1319 235 IV.

1491 193 1588 246 483

395 284 456 327 Ut
485 282 615 327 docto
642 281 813 343 placeas
837 279 1087 343 Apollinari.

396 353 467 398 Nil
491 353 705 409 exactius,
730 352 1024 413 eruditiusque
1046 361 1136 406 est,

396 423 480 468 Sed
511 440 591 468 nec
619 423 870 479 candidius,
897 423 1236 484 benigniusque,

397 495 442 538 Si
464 504 505 538 te
525 504 724 555 pectore,
748 495 782 538 si
804 494 966 537 tenebit
989 510 1063 537 ore
1077 529 1087 548 ‚

396 567 489 610 Nec
517 565 706 609 ronches
736 574 901 608 metues
926 563 1230 625 maligniorum
1246 600 1257 618 ,

398 635 489 680 'Nec
511 635 721 680 scombris
742 635 908 679 tunicas
929 634 1050 678 dahis
1070 633 1284 679 molestas.

399 707 442 749 Si
473 705 767 761 damnaverit,
793 705 845 750 ad
873 704 1127 749 salariorum

187 846 274 880 pore
286 833 503 867 venustiores
521 834 762 867 censebantur.
773 833 863 877 Lege

187 887 317 920 librum
339 886 400 932 qui
418 886 587 920 tribuitur
608 886 797 927 Ciceroni,
818 884 863 919 de

188 940 321 986 optimo
341 951 468 985 genere
487 947 677 972 oratorum.

242 997 274 1034 4.
293 993 355 1027 Nil
367 994 507 1025 exactius
520 1018 528 1031 ,
551 1000 616 1025 etc.
636 992 722 1033 Qui,
743 997 782 1024 ut
801 1004 861 1036 ap-

186 1046 298 1092 prime
324 1045 435 1079 exacti
459 1053 510 1078 est
533 1043 657 1089 judicii
688 1052 722 1078 et
742 1043 860 1078 erudi-

187 1098 292 1132 tionis
317 1097 360 1132 ad
390 1096 682 1138 examinandum,
702 1097 749 1130 ita
779 1097 861 1130 miri

187 1150 345 1185 candoris
365 1159 400 1185 et
420 1150 565 1196 benigni
582 1150 713 1196 ingenii
735 1149 779 1183 ad
800 1163 860 1195 ap—

186 1203 420 1250 probandum.
448 1225 500 1231 --
525 1204 690 1236 Eractz'us.
725 1204 777 1237 De
797 1204 861 1237 hac

186 1257 392 1303 metaphora
403 1255 486 1291 vide
501 1268 577 1302 quae
590 1255 742 1290 diximus
755 1269 861 1302 supra

187 1310 295 1356 epigr.
310 1322 447 1344 Lxxxni
462 1335 471 1351 ‚
489 1322 538 1343 vs.
565 1313 598 1349 4.
618 1310 686 1343 ED.

242 1366 277 1397 6.
299 1363 337 1397 Si
358 1371 386 1396 te
402 1370 550 1408 pectore,
576 1370 640 1395 etc.
661 1362 695 1396 Si
714 1369 747 1395 te
764 1374 859 1395 com-

187 1416 358 1462 plectetur
383 1428 422 1450 ac
440 1414 592 1461 deponet
612 1415 649 1448 in
674 1416 800 1449 sinum.
823 1416 860 1448 In

186 1470 258 1503 sinu
273 1470 362 1512 ferre
377 1496 385 1508 ,
410 1467 506 1514 quod
536 1467 594 1501 hic
614 1467 739 1502 eodem
759 1480 861 1501 sensu

188 1534 227 1556 ac
255 1522 398 1568 gallice,
429 1524 534 1555 ,ςανοὶν
551 1534 613 1566 par
640 1534 746 1560 coeur;
778 1521 860 1554 alias

188 1576 277 1609 sumi
292 1575 530 1621 metaphorice
546 1586 613 1619 pro
629 1587 734 1607 carum
750 1573 861 1606 habere

189 1627 342 1662 diximus
362 1628 424 1661 lib.
450 1628 485 1661 II
500 1653 509 1669 ,
528 1627 775 1673 epigrammate
798 1640 834 1660 vr
851 1653 859 1667 ‚

189 1693 240 1715 vs.
259 1694 279 1726 7
297 1706 307 1723 ‚
325 1679 421 1727 quod
442 1679 585 1726 quidem
603 1688 636 1713 et
657 1680 730 1713 aliis
746 1680 781 1712 in
808 1681 860 1713 lo-

188 1734 237 1768 cis
259 1733 464 1767 notandum.
487 1732 572 1766 Vid.
597 1733 658 1767 lib.
681 1733 735 1766 III
750 1758 759 1774 ‚
786 1733 860 1778 epi-

189 1799 334 1832 gramm.
361 1799 399 1820 v1
414 1810 424 1827 ‚
447 1799 496 1820 vs.
523 1799 555 1830 7,
583 1793 647 1819 etc.
670 1786 736 1818 En.
755 1806 806 1812 -—
825 1786 862 1819 Si

191 1840 306 1873 tenebit
321 1853 384 1873 ore.
399 1839 435 1873 Si
448 1838 558 1873 oculis
575 1837 683 1872 avidis
694 1865 702 1879 ‚
715 1847 748 1872 et
763 1838 860 1884 quasi

190 1905 251 1926 ore
265 1901 339 1926 toto
360 1901 394 1927 te
411 1892 501 1938 leget
519 1904 557 1925 ac
578 1892 738 1932 vorabit3
761 1892 814 1925 vel
833 1891 860 1924 si

190 1945 255 1979 tibi
273 1946 366 1980 basia
383 1944 533 1979 dederit.
543 1943 625 1978 Vid.
648 1945 709 1978 lib.
727 1945 743 1977 I
755 1970 764 1986 ,
787 1945 860 1991 epi-

190 2011 336 2044 gramm.
357 2011 413 2039 1v,
434 2011 483 2032 vs.
506 2011 539 2043 7.
557 1997 623 2031 En.

244 2065 279 2096 7.
302 2051 370 2085 Nec
386 2052 516 2084 ronchos
533 2058 645 2083 metues
659 2078 666 2091 ‚
690 2058 754 2084 etc.
776 2050 860 2084 Sen-

192 2116 248 2138 sus
266 2113 317 2138 est
332 2116 340 2138 ε
355 2105 447 2137 Tum
462 2102 599 2137 abunde
613 2112 708 2137 tutus
726 2103 808 2143 eris,
827 2112 861 2136 et

192 2165 287 2190 extra
300 2157 429 2203 plebeii
444 2155 565 2201 judicii
581 2157 689 2190 aleam
706 2164 860 2190 contem-

191 2218 363 2255 ptumque
393 2210 544 2255 positus;
566 2221 719 2242 censurae
749 2208 860 2242 haud-

192 2275 366 2308 quaquam
376 2271 510 2308 patens‚
523 2274 632 2307 quum
641 2274 743 2295 nemo
754 2262 863 2307 possit

192 2327 334 2360 carpere
364 2314 460 2360 quod
479 2315 689 2360 Apollinaris
718 2314 862 2347 laudan-

192 2367 277 2400 dum
297 2367 504 2413 judicaverit
522 2381 531 2409 ;
552 2368 606 2401 vel
627 2366 780 2413 ejusdem
804 2380 863 2413 ap-

192 2420 400 2466 probatione
419 2429 452 2454 te
468 2421 706 2453 consolaturus
720 2446 728 2463 ‚
743 2421 771 2453 si
787 2421 864 2466 quis

193 2485 318 2506 censor
328 2472 491 2507 adfuerit.
501 2473 767 2506 En.—Ronclzos.
780 2473 866 2506 Sub-

194 2525 426 2559 sannationes.
458 2526 623 2559 Ronchus
653 2534 703 2559 est
734 2527 866 2559 sonitus

195 2579 254 2623 qui
269 2577 388 2612 editur
401 2591 487 2612 naso
503 2591 520 2611 a
538 2579 779 2619 stertentibus,
797 2592 867 2625 quo

195 2643 284 2676 saepe
297 2640 444 2666 utuntur
455 2632 516 2677 qui
531 2631 616 2677 quid
627 2640 867 2673 contemnunt,

922 832 1020 877 quasi
1046 831 1242 877 significent
1265 830 1351 864 adeo
1375 831 1535 878 ineptum
1558 832 1598 865 il-

922 883 986 918 lud
1000 896 1092 926 esse,
1105 892 1145 918 ut
1172 884 1295 918 malint
1317 891 1461 918 stertere
1471 912 1479 927 ‚
1493 898 1596 931 quain

923 936 959 970 id
987 936 1108 971 videre
1141 938 1195 970 vel
1218 936 1352 972 audire.
1373 937 1459 971 Vid.
1484 938 1545 971 lib.
1562 939 1592 976 I.

922 990 1123 1036 epigramm.
1147 1003 1205 1031 xv,
1228 1003 1277 1024 vs.
1303 991 1336 1024 5.

977 1045 1009 1078 8.
1027 1043 1095 1077 Nec
1108 1044 1254 1076 scombris
1267 1071 1275 1083 ,
1295 1052 1359 1078 etc.
1378 1044 1472 1077 Pers.
1487 1052 1547 1078 sat.
1563 1057 1594 1077 1:

926 1113 940 1125 «ι
953 1108 1018 1130 nec
1029 1097 1206 1130 scombros
1219 1096 1410 1130 metuentia
1424 1097 1577 1130 carmina
1588 1124 1596 1138 ,

921 1162 985 1183 nec
1004 1150 1095 1183 thus.
1126 1167 1139 1179 ι·
1164 1149 1254 1183 Nam
1275 1150 1424 1195 pessima
1443 1151 1597 1184 carmina

921 1201 965 1235 ad
988 1203 1263 1236 salsamentarios
1291 1201 1568 1237 amaudabantur
1585 1229 1595 1244 ,

921 1256 984 1301 qui
1011 1268 1070 1298 ea,
1107 1268 1184 1302 quae
1217 1255 1435 1297 vendebant,
1468 1257 1596 1290 chartis

921 1308 988 1342 illis
1014 1309 1103 1342 male
1131 1309 1317 1342 fortunatis
1346 1309 1596 1351 involvebant;

921 1362 975 1395 vel
998 1361 1041 1395 ad
1064 1374 1194 1408 coquos
1211 1374 1220 1396 :
1239 1362 1300 1395 lib.
1324 1362 1398 1404 ΠΙ,
1416 1363 1526 1408 epigr.
1545 1375 1574 1396 11
1587 1389 1596 1403 ,

926 1432 939 1444 α
962 1414 1015 1448 Ne
1031 1416 1162 1460 nigram
1178 1416 1248 1449 cito
1258 1423 1377 1461 raptus
1392 1416 1426 1449 in
1445 1416 1596 1449 culinam

922 1466 1105 1514 Cordyllas
1142 1467 1279 1501 madida
1314 1476 1406 1514 tegas
1437 1481 1596 1514 papyro,

922 1521 988 1553 Vel
1004 1521 1118 1554 thuris
1128 1521 1329 1567 piperisque
1339 1522 1383 1555 sis
1395 1522 1568 1555 cucullus.
1579 1540 1592 1551 ιι

921 1593 971 1599 —-—
1008 1574 1174 1608 scombris.
1210 1574 1388 1609 Pisciculis
1419 1575 1514 1608 salsis
1553 1575 1598 1608 de

920 1627 1046 1672 quibus
1065 1626 1145 1660 vide
1164 1627 1316 1660 Plinium
1334 1653 1342 1668 ‚
1364 1628 1425 1660 lib.
1450 1628 1572 1661 XXXI
1587 1655 1596 1669 ,

920 1692 995 1725 cap.
1019 1682 1052 1714 8.
1078 1702 1129 1706 —
1160 1681 1295 1713 Tunicas
1315 1681 1470 1714 molestas.
1491 1682 1596 1714 Invo-

920 1732 1069 1765 lucrum.
1097 1733 1231 1766 Tunica
1264 1735 1429 1774 molesta,
1456 1733 1500 1766 de
1528 1747 1596 1779 qua

921 1784 999 1818 vide
1029 1786 1090 1818 lib.
1122 1786 1153 1818 X
1172 1812 1179 1825 ,
1212 1787 1322 1831 epigr.
1350 1799 1440 1829 xxv,
1471 1800 1520 1821 vs.
1553 1790 1595 1828 5,

920 1838 1062 1884 proprie
1086 1838 1204 1872 tunica
1232 1848 1305 1872 erat
1331 1839 1433 1880 sebo,
1460 1839 1537 1883 pice
1562 1848 1595 1873 et

920 1892 1091 1924 bitumine
1122 1891 1228 1932 illita,
1260 1904 1327 1937 qua
1356 1891 1595 1926 induebantur

921 1946 1095 1989 majorum
1114 1944 1302 1977 criminum
1327 1945 1396 1988 rei,
1424 1953 1464 1978 ut
1488 1945 1524 1978 in
1556 1959 1593 1979 ea

920 2005 1168 2031 cremarentur.
1188 1997 1323 2031 Alludit
1342 1997 1386 2031 ad
1407 1998 1502 2032 hunc
1520 2012 1595 2032 mo-

919 2063 993 2084 rem
1013 2051 1162 2084 Noster:
1190 2063 1270 2084 nam
1291 2050 1448 2096 pisciculi
1469 2051 1594 2085 iisdem

920 2103 1069 2137 involuti
1094 2103 1242 2144 chartis,
1264 2104 1300 2137 in
1319 2104 1452 2150 quibus
1471 2105 1594 2138 affere-

920 2158 1048 2190 bantur
1062 2182 1070 2195 ,
1111 2157 1351 2202 frigebantur3
1384 2166 1442 2190 aut
1475 2158 1593 2191 saltem

921 2210 987 2243 illae
1003 2210 1131 2243 chartae
1146 2210 1182 2243 in
1201 2209 1315 2254 ignem
1336 2222 1354 2242 a
1378 2222 1492 2256 coquo
1514 2211 1593 2256 inji-

921 2263 1113 2296 ciebantur.

977 2329 1012 2359 9.
1032 2315 1068 2348 Si
1085 2315 1288 2348 damnaverit.
1307 2315 1389 2356 Ille,
1411 2317 1439 2349 si
1461 2316 1592 2362 impro-

923 2368 1030 2408 barit,
1046 2367 1191 2413 despera
1205 2376 1238 2401 te
1251 2369 1385 2414 plaeere
1398 2369 1472 2402 aliis
1483 2382 1595 2415 posse.

924 2441 975 2447 --
1002 2420 1063 2454 Ad
1084 2420 1291 2461 salariorum,
1319 2429 1384 2454 etc.
1414 2421 1525 2455 Curre
1552 2421 1595 2455 ad

925 2474 1082 2507 tabernas
1111 2483 1144 2507 et
1173 2473 1330 2507 officinas
1365 2484 1596 2508 mercatorum

926 2527 1128 2560 salsamenta
1143 2525 1370 2560 vendentium
1386 2521 1453 2570 (de
1466 2529 1596 2574 quibus

926 2580 988 2613 lib.
1015 2581 1048 2620 I,
1083 2582 1191 2625 epigr.
1226 2592 1322 2619 xmr,
1355 2593 1404 2614 vs.
1434 2578 1507 2621 8),
1539 2582 1596 2625 qui

929 2632 1072 2678 quidem
1099 2633 1224 2666 vilibus
1253 2632 1429 2667 abundant
1459 2633 1597 2667 chartis.

1311 2704 1395 2748 ΒΚ,
