2061 3288
852 228 916 270 M.
939 228 1082 272 VAL.
1124 229 1515 273 MARTIALIS

689 312 822 358 Audit
847 323 951 358 vota
975 316 1120 371 Deus,
1146 331 1384 376 precesque
1413 326 1609 373 nostras;
1875 339 1888 362 ς

684 386 827 445 Atque
855 385 992 441 intra,
1020 394 1151 446 puto,
1176 387 1380 447 septimas
1410 386 1615 432 kalendas

689 456 858 499 Mortes
886 455 972 499 hoc
1001 456 1079 499 tibi
1106 466 1294 517 quatuor
1319 456 1545 501 dederunt.

684 528 743 569 At
767 535 815 569 tu
846 526 929 583 sic,
952 528 1076 586 quasi
1106 544 1196 571 non
1225 527 1339 571 foret
1368 527 1590 583 relictum,

486 225 579 282 146

685 596 771 640 Sed
800 607 974 658 raptum
1004 597 1082 641 tibi
1115 598 1301 653 centies,
1327 597 1453 643 abisti

682 668 736 711 In
763 676 929 711 tantam
955 671 1088 712 miser
1115 669 1419 722 esuritionem,

680 738 743 782 Ut
767 738 971 782 convivia
992 741 1314 800 sumptuosiora
1328 775 1339 795 ,

679 810 790 852 Toto
817 826 912 870 quae
936 808 1069 853 semel
1094 826 1279 871 apparas
1304 811 1349 854 in
1375 826 1512 867 anno,

676 880 824 940 Nigrae
848 879 1048 924 sordibus
1073 880 1261 942 explices
1286 890 1495 936 monetae3

679 952 737 994 Et
767 960 932 1011 septem
962 961 1130 995 veteres
1159 953 1221 995 tui
1252 951 1420 996 sodales

676 1022 940 1065 Constemus
964 1021 1042 1065 tibi
1068 1021 1274 1083 plumbea
1299 1021 1466 1067 selibra.
1850 1045 1878 1068 15

674 1091 794 1149 Quid
822 1091 1005 1153 dignum
1030 1093 1195 1137 meritis
1222 1110 1454 1155 precemur
1484 1092 1601 1137 istis?

673 1164 890 1223 Optemus
921 1163 999 1206 tibi
1028 1163 1206 1219 millies,
1230 1163 1403 1209 Calene.

670 1234 766 1278 Hoc
792 1234 825 1278 si
851 1235 1110 1295 contigerit,
1138 1235 1252 1278 fame
1279 1235 1452 1296 peribis.

512 1373 546 1403 (ἱ.
558 1371 645 1403 Intra
656 1373 814 1416 septimas.
827 1371 969 1417 Septem
982 1384 1134 1406 menses:

457 1423 616 1457 kalendae
644 1424 738 1457 enim
761 1424 958 1470 significant
980 1425 1134 1470 primum

458 1477 584 1509 mensis
607 1476 711 1510 diem.

509 1543 544 1574 7.
570 1530 703 1563 Mortes.
726 1531 958 1563 Mortuorum
978 1529 1130 1564 haeredi·

454 1591 554 1616 tates.

507 1649 541 1680 9.
559 1636 770 1669 Ramiresius
787 1634 830 1669 de
846 1635 962 1670 Prado
978 1637 1046 1681 legi
1060 1638 1132 1682 jus-

451 1688 495 1722 sit
507 1700 514 1721 :
530 1688 730 1733 Sedpartum
746 1690 802 1722 tibi
815 1693 925 1722 centies
937 1714 945 1730 ,
961 1690 1070 1723 utlib.
1083 1691 1128 1731 X,

451 1742 561 1787 epigr.
581 1755 700 1782 XLVII,
719 1755 753 1776 v.
771 1744 809 1783 3,
831 1760 843 1771 κ
860 1755 933 1775 non
958 1752 1057 1788 parta
1078 1743 1128 1776 la-

450 1794 536 1827 bore
546 1817 556 1833 ,
568 1793 628 1827 sed
638 1795 769 1828 relicta.
780 1812 792 1824 »
801 1795 889 1828 Nam
900 1808 1038 1837 eorum,
1050 1808 1128 1841 quae

449 1859 468 1879 a
487 1848 645 1892 patribus
666 1849 864 1893 accepimus
882 1874 891 1889 ,
911 1849 1126 1882 liberaliores

448 1912 588 1943 sumus,
616 1913 724 1946 quam
748 1914 871 1934 eorum
900 1914 975 1946 quae
999 1901 1126 1935 sudore

446 1962 566 1986 nostro
585 1955 872 1999 comparavimus.
889 1955 987 1988 Hanc
1006 1968 1124 1988 emen-

446 2005 626 2040 dationem
636 2007 840 2053 improbant
850 2007 1078 2042 Musamhert.
1090 2017 1123 2041 et

445 2058 650 2094 Farnabius.

502 2125 553 2145 10.
586 2114 732 2146 Tantam.
756 2113 843 2146 Tam
873 2118 1016 2155 ava'rus,
1048 2123 1118 2148 tam

444 2164 606 2198 sordidus
627 2174 660 2198 et
683 2167 860 2199 famelicus
883 2179 955 2199 esse
973 2167 1118 2212 coepisti.

500 2231 514 2251 1
527 2232 558 2252 2.
569 2218 681 2251 Semel.
699 2219 830 2252 Forsan
847 2219 952 2251 natali
968 2219 1035 2259 (lie,
1055 2221 1117 2265 qui

441 2282 458 2303 a
472 2272 650 2305 veteribus
674 2272 856 2316 genialiter
879 2272 1047 2306 celebrari
1065 2286 1119 2305 so-

440 2323 541 2356 lebat.
560 2324 628 2358 ΕΙ).

496 2389 508 2408 1
522 2376 552 2409 3.
568 2378 683 2421 Nigrae
697 2385 838 2410 monetoe.
848 2380 959 2411 i‘Ereae
973 2391 1111 2424 nempe,

437 2428 533 2472 quod
545 2430 692 2463 Calenus
705 2431 768 2463 iste
782 2443 906 2464 aurum
918 2440 979 2464 aut
989 2444 1111 2476 argen-

436 2488 509 2513 tum
526 2482 562 2514 in
577 2483 745 2516 conviviis
757 2483 963 2528 impendere
980 2485 1110 2518 nollet:

430 2545 538 2578 porro
551 2547 635 2567 aerea
648 2544 786 2569 moneta
799 2536 940 2571 v1detur
955 2538 1108 2582 pretium

1196 1373 1447 1406 vilissimorum
1465 1372 1625 1406 ciborum
1637 1398 1646 1413 ,
1663 1385 1752 1418 quos
1767 1386 1875 1420 appo-

1194 1434 1294 1459 neret
1313 1426 1384 1459 suis
1407 1426 1539 1459 amicis.
1554 1447 1608 1452 —-
1625 1426 1785 1471 Eaeplices.
1803 1428 1871 1460 Ex-

1193 1479 1322 1524 plicare
1340 1479 1556 1519 convivium,
1574 1477 1609 1511 id
1622 1487 1683 1520 est,
1700 1479 1871 1514 instruere

1192 1543 1347 1565 mensam
1362 1532 1539 1577 explicatis
1551 1540 1584 1564 et
1594 1533 1760 1577 appositis
1770 1534 1868 1567 cibis.

1250 1598 1262 1618 1
1273 1589 1304 1618 5.
1340 1585 1494 1617 Ρίαιηόεα
1527 1584 1654 1616 selibra.
1690 1585 1870 1619 AMonetam

1190 1638 1392 1683 plumbeam
1413 1637 1450 1670 in
1470 1650 1536 1670 usu
1559 1637 1663 1670 fuisse
1685 1637 1778 1683 apud
1797 1640 1868 1672 Ro-

1189 1703 1310 1723 manos
1320 1699 1449 1736 negant
1459 1691 1691 1735 Interpretes;
1702 1690 1763 1725 sed
1774 1692 1866 1726 hanc

1188 1756 1255 1788 pro
1271 1744 1436 1776 vilissima
1451 1752 1597 1788 usurpat
1610 1743 1718 1777 Poeta
1731 1744 1793 1777 lib.
1811 1746 1845 1778 X
1855 1772 1865 1788 ‚

1188 1797 1297 1841 epigr.
1325 1809 1456 1838 Lxxn',
1476 1809 1508 1829 v.
1532 1801 1564 1836 4.
1580 1795 1725 1837 Quoties
1748 1798 1864 1842 plum-

1185 1849 1285 1882 beam
1299 1858 1476 1882 monetam
1486 1857 1589 1882 vocat
1607 1849 1775 1883 Martialis
1788 1875 1797 1891 ‚
1810 1851 1862 1883 vi-
1880 1855 1883 1858 '

1185 1902 1230 1935 lia
1242 1928 1250 1944 ‚
1268 1903 1377 1936 instar
1389 1902 1526 1948 plumbi
1538 1928 1547 1944 ,
1557 1914 1643 1936 aerea
1653 1903 1861 1938 numismata

1184 1955 1358 2001 iutelligit.
1381 1955 1484 1989 Gran.

1240 2021 1253 2041 1
1264 2021 1297 2053 7.
1314 2009 1465 2054 Optemus
1475 2007 1510 2040 in
1523 2008 1621 2041 Junt.
1635 2021 1727 2041 anno
1744 2020 1757 2041 1
1767 2009 1784 2042 5
1794 2021 1808 2042 1
1819 2021 1853 2051 2,

1181 2069 1215 2094 et
1238 2062 1353 2095 Colin.
1374 2074 1468 2094 anno
1493 2060 1604 2095 1528.
1624 2083 1675 2087 —
1702 2061 1857 2107 Optamus

1178 2114 1216 2147 iu
1234 2114 1321 2147 aliis.

1237 2180 1250 2200 1
1261 2168 1294 2200 8.
1307 2167 1381 2199 Hoc
1394 2169 1421 2199 si
1436 2169 1613 2211 eontigerit.
1628 2167 1681 2200 Ex
1694 2179 1735 2200 eo
1755 2166 1853 2212 quod

1178 2220 1326 2253 Calenus
1355 2220 1484 2253 centies
1507 2219 1676 2266 adeptus,
1697 2220 1734 2252 in
1756 2233 1852 2253 sum-

1175 2286 1268 2306 mam
1301 2273 1528 2306 esuritionem
1560 2272 1704 2314 abierit,
1735 2272 1852 2317 lepide

1174 2326 1307 2371 colligit
1314 2326 1418 2359 Poeta
1433 2326 1521 2358 fame
1532 2325 1630 2358 illum
1640 2325 1850 2371 periturum,

1173 2379 1199 2411 si
1232 2380 1356 2412 millies
1392 2387 1634 2424 consequatur.
1663 2378 1718 2411 Sic
1749 2386 1849 2410 acute

1173 2431 1346 2465 Ovidius:
1388 2449 1400 2461 a
1425 2432 1507 2473 Quo
1538 2432 1616 2477 plus
1638 2439 1718 2464 sunt
1736 2439 1844 2475 potae,

1169 2485 1249 2530 plus
1284 2485 1454 2519 sitiuntur
1488 2496 1597 2529 aquae.
1625 2500 1638 2512 ι
1665 2504 1717 2510 --
1745 2483 1846 2516 Fame

1164 2539 1292 2582 pet-Ibis.
1312 2539 1352 2570 In
1377 2550 1515 2582 poeuam
1538 2545 1606 2569 tuae
1628 2535 1790 2569 avaritiae.
