2061 3288
464 216 563 262 336

842 217 905 259 M.
930 217 1068 260 VAL.
1109 216 1498 261 MARTIALIS

529 305 841 366 Gymnasium,
864 303 1070 359 thermae,
1096 302 1283 346 stadium
1305 313 1371 347 est
1397 304 1480 348 hac
1506 315 1629 366 parte
1651 322 1659 349 ε
1693 307 1859 351 recede.

598 375 834 419 Exsuimur
858 391 866 416 ι
893 373 1034 417 nudos
1058 389 1188 434 parce
1210 373 1357 417 videre
1383 375 1513 419 viros.

528 447 611 490 Hic
637 446 729 506 jam
754 445 951 506 deposito
983 453 1083 505 post
1104 445 1204 487 vina
1231 460 1433 505 rosasque
1457 445 1647 506 pudore,
1862 468 1875 491 5

598 516 717 574 Quid
746 516 863 559 dicat
879 549 889 569 ,
917 516 1055 559 nescit
1078 515 1221 558 saucia
1242 515 1544 575 Terpsichore.

531 588 766 631 Schemate
792 603 873 630 nec
896 586 1030 629 dubio
1047 620 1058 640 ‚
1083 585 1158 631 Sed
1179 595 1327 646 aperte
1352 588 1548 630 nominat
1568 587 1683 632 illam
1697 624 1708 644 ‚

599 659 744 715 Quam
769 658 923 718 recipit
945 666 1065 700 sexto
1091 672 1238 699 mense
1263 657 1454 717 superba
1478 659 1628 702 Venus
1649 675 1656 701 :

530 729 769 773 Custodem
792 728 936 771 medio
962 728 1113 771 statuit
1133 742 1262 787 quam
1286 726 1453 771 villicus
1474 727 1629 783 hort03

601 800 816 860 Opposita
841 807 1009 859 spectat
1029 813 1160 858 quam
1182 798 1320 858 proba
1341 798 1465 859 virgo
1487 814 1630 842 manu.

457 945 563 977 Poeta
606 944 709 989 hujus
763 943 843 975 libri
886 943 1137 988 epigrammata

457 998 637 1043 hucusque
679 996 808 1041 scripta
847 1008 918 1029 esse
969 995 1138 1028 matronis

456 1050 594 1096 pudicis
615 1062 622 1083 :
653 1061 729 1095 quae
762 1062 844 1082 vero
877 1049 1138 1094 subsequuntur

456 1104 582 1137 lasciva
614 1115 757 1148 prorsus
772 1128 782 1144 ‚
805 1111 839 1135 et
868 1103 969 1135 castis
998 1102 1138 1134 auribus

458 1157 580 1190 aliena.

513 1210 546 1244 3.
581 1210 623 1242 111
654 1207 865 1254 quibusdam
890 1221 896 1240 :
921 1207 1068 1240 Stadium
1094 1215 1141 1239 est

459 1262 498 1296 εὶ
520 1271 625 1308 parte.
655 1283 706 1287 —
731 1261 957 1306 Gymnasium,
988 1261 1135 1300 tltermoe,

458 1325 526 1350 etc.
538 1314 706 1348 Eamdem
721 1315 945 1360 persequitur
958 1314 1138 1358 metapho-

458 1383 552 1403 ram:
575 1369 648 1402 haec
671 1369 746 1401 loca
766 1376 866 1401 erant
887 1368 948 1400 ubi
967 1366 1055 1399 nudi
1074 1367 1138 1399 ho-

457 1423 568 1456 mines
586 1435 593 1454 t
616 1421 836 1467 gymnasium
858 1433 875 1453 a
900 1420 1136 1466 γυμνάζεσθαι,

425 1500 427 1502 -
458 1476 636 1515 denudari,
658 1473 804 1507 dictum.

513 1533 548 1569 4.
561 1529 659 1561 Junt.
678 1540 760 1560 31111.
785 1540 797 1560 1
809 1526 826 1559 5
840 1539 851 1558 1
864 1540 879 1558 2
897 1526 1003 1559 habet
1018 1537 1025 1557 :
1041 1525 1139 1557 nudos

455 1590 547 1627 parte
579 1581 688 1613 videre
716 1582 815 1613 viros.
841 1578 1029 1612 Pulmanni
1057 1576 1137 1611 cod.

457 1635 566 1667 videre
589 1647 699 1665 mares.

515 1690 548 1721 6.
570 1686 659 1730 Quid
674 1686 760 1718 dicas
774 1684 810 1717 in
827 1683 1036 1730 quibusdam
1054 1691 1136 1716 vett.

463 1741 554 1785 Quid
563 1740 650 1772 (licat
668 1732 767 1772 vetus
778 1737 888 1770 codex
902 1736 1076 1782 Cagnerii.
1086 1758 1139 1761 -—

460 1794 588 1827 Saucia.
606 1793 727 1825 Saucia
740 1791 876 1824 Baccho
889 1816 897 1831 ‚
912 1789 949 1823 id
962 1798 1011 1823 est
1025 1789 1118 1822 ebria
1128 1814 1136 1827 ,

461 1848 524 1880 lib.
545 1847 611 1886 IV,
630 1846 737 1890 epigr.
762 1856 844 1877 LXVI
861 1870 870 1885 ‚
889 1856 922 1876 v.
948 1856 959 1876 1
973 1856 989 1875 2
1014 1855 1020 1875 :
1045 1860 1058 1871 «
1081 1843 1140 1874 In-

460 1900 569 1934 caluit
591 1899 727 1944 quoties
749 1896 861 1930 saucia
881 1909 969 1929 vena
990 1908 1100 1928 mero.
1121 1912 1134 1924 »

460 1954 511 1985 Eo
527 1965 630 1985 sensu
644 1959 832 1996 usurpatur
849 1950 1007 1990 Justino,
1026 1949 1085 1981 lib.
1104 1949 1140 1989 I,

460 2015 493 2039 et
512 2007 564 2046 II,
593 2013 696 2050 atque
717 2003 891 2049 Apuleio,
911 2003 1053 2035 Metam.
1077 2001 1139 2034 lib.

461 2060 532 2091 VII
548 2085 555 2099 ‚
577 2067 610 2091 et
630 2059 692 2090 IX.
715 2079 755 2083 —
784 2057 901 2089 Saucia
921 2055 1136 2100 Terpsichore.

460 2113 597 2145 Musam
613 2112 703 2144 hanc
722 2109 936 2150 nouiinavit‘‚
954 2109 1036 2154 quia
1051 2119 1139 2153 prae-

462 2173 513 2198 est
537 2164 673 2198 choreis
697 2160 816 2202 (uude
838 2175 967 2195 nomen
991 2162 1022 2194 ei
1046 2159 1139 2193 indi-

462 2213 557 2261 tum)
576 2227 610 2250 et
625 2217 759 2250 lascivis
778 2215 1016 2260 voluptatibus
1031 2240 1038 2254 ‚
1059 2213 1138 2259 qui-

460 2272 526 2304 hus
543 2270 708 2314 deinceps
730 2268 926 2313 indulgebit
938 2268 1053 2300 Poeta.
1069 2267 1138 2298 En.

519 2337 551 2368 7.
569 2324 731 2357 Schemate
747 2335 807 2354 non
825 2321 919 2353 dubio
933 2347 940 2360 ‚
962 2334 1020 2365 per
1040 2328 1067 2352 te
1087 2333 1138 2351 co-

460 2384 612 2421 gnoverat
627 2377 714 2408 illam
734 2375 770 2407 in
790 2374 913 2408 eodem
936 2373 1067 2406 codice.
1088 2393 1140 2397 —-

462 2430 623 2464 Schemate
640 2442 693 2460 nec
712 2428 817 2460 dubio.
837 2428 917 2460 Non
938 2426 1038 2459 tectis
1055 2433 1090 2457 et.
1102 2424 1140 2456 fi-

462 2482 593 2528 guratis
606 2481 738 2521 verbis,
753 2480 812 2513 sed
829 2489 924 2513 recta
937 2492 1059 2512 rerum
1079 2491 1138 2523 ap-

462 2535 672 2581 pellatione,
692 2533 789 2578 quod
803 2542 853 2567 est
866 2533 980 2565 latinae
996 2532 1138 2576 liuguae,

463 2597 496 2621 et
520 2586 741 2632 potissimum
759 2586 886 2631 linguae
912 2585 1139 2631 epigramma-

465 2639 638 2674 tum.Vid.
655 2639 764 2683 epigr.
782 2639 841 2672 lib.
859 2640 887 2672 I.
904 2640 968 2671 En.
980 2639 1137 2670 ——Illam⁸

1199 942 1336 974 Nomen
1348 941 1443 987 quod
1456 942 1665 976 subauditur
1679 942 1750 976 vid.
1766 944 1874 989 epigr.

1198 995 1378 1040 sequenti,
1399 1008 1432 1028 v.
1454 1008 1487 1029 2.

1254 1050 1287 1081 8.
1306 1048 1406 1081 Junt.
1419 1056 1536 1081 nostra
1557 1062 1665 1094 marg.
1688 1050 1876 1095 ascriptum

1198 1101 1302 1134 habet
1316 1113 1323 1133 :
1345 1102 1449 1146 Quam
1464 1104 1571 1146 recipit
1585 1110 1672 1135 serto
1688 1116 1788 1135 mense
1797 1116 1875 1148 pro-

1200 1162 1282 1187 terva
1293 1155 1310 1186 l
1316 1154 1574 1199 ''enus.—-Qm11n
1582 1158 1700 1200 recipit.
1709 1156 1876 1201 Priapum

1199 1215 1364 1240 matronae
1386 1208 1504 1240 Romae
1527 1205 1624 1246 (ritu
1642 1209 1684 1241 ab
1703 1209 1876 1254 AEgyptiis

1199 1259 1306 1293 ducto
1326 1287 1335 1299 Ἰ
1368 1260 1430 1305 qui
1455 1259 1557 1293 Isidis
1583 1263 1680 1306 jussu
1711 1261 1876 1306 pudenda

1199 1313 1491 1346 circumferebant
1508 1314 1543 1346 111
1561 1314 1693 1347 cultum
1711 1314 1874 1355 OsiridiS‚

1199 1366 1256 1399 cui
1276 1367 1418 1398 invento
1440 1366 1553 1399 virilia
1574 1365 1786 1406 defuerunt)
1804 1368 1876 1400 VII

1197 1419 1266 1452 kal.
1279 1419 1427 1464 Augusti
1441 1427 1535 1452 extra
1549 1428 1686 1464 portani
1701 1420 1872 1453 Collinam

1198 1485 1279 1504 cum
1298 1484 1427 1517 pompa
1448 1471 1490 1505 ad
1512 1473 1661 1505 Veneris
1682 1473 1802 1505 fanum
1826 1473 1875 1505 fe-

1197 1526 1342 1566 rebant,
1362 1524 1470 1570 inque
1492 1526 1570 1557 Deae
1588 1525 1666 1557 sinu
1684 1526 1874 1570 ponebant.

1199 1576 1292 1610 Vide
1309 1585 1341 1610 et
1358 1586 1476 1609 annot.
1495 1586 1626 1622 poster.
1643 1579 1803 1623 Baptistae
1821 1578 1875 1611 Pii

1198 1642 1275 1675 cap.
1317 1642 1328 1662 Ι
1342 1632 1400 1669 46.
1435 1651 1468 1656 -
1506 1630 1602 1663 Semo
1632 1644 1741 1664 mense.
1776 1631 1875 1664 RIens

1199 1683 1336 1716 Sextilis
1359 1683 1429 1715 sive
1448 1685 1623 1728 Augustus
1640 1692 1753 1717 sextus
1784 1693 1834 1717 est
1857 1697 1874 1717 a

1198 1748 1316 1768 mense
1341 1736 1470 1768 Martio
1496 1748 1514 1768 a
1533 1749 1604 1781 quo
1630 1749 1764 1770 annum
1788 1737 1876 1770 inc-i-

1201 1789 1344 1834 piebant
1364 1789 1523 1822 Veteres.

1255 1854 1287 1885 9.
1320 1841 1487 1874 Cuslodem
1512 1842 1632 1881 medlo,
1661 1850 1725 1875 etc.
1757 1843 1874 1876 Altera

1201 1894 1358 1939 ejusdem
1377 1895 1591 1940 periphrasis
1611 1895 1779 1928 obscoenae
1797 1908 1874 1941 par-

1200 1948 1242 1981 tis
1255 1974 1262 1986 ,
1285 1960 1388 1993 quam
1410 1960 1590 1980 enormem
1606 1948 1640 1980 in
1652 1948 1778 1993 Priapo
1795 1949 1875 1981 hor-

1200 2010 1316 2034 torum
1333 1999 1477 2033 custode
1496 2000 1693 2045 figurabant
1711 2009 1873 2046 porrecto

1199 2054 1241 2086 ab
1264 2053 1406 2099 inguine
1427 2054 1518 2098 palo.
1540 2053 1629 2086 Nam
1650 2053 1817 2100 Pi‘iaPUS‚
1836 2062 1875 2087 ut

1200 2106 1300 2139 decet
1329 2106 1478 2139 Veneris
1510 2106 1621 2139 filium
1634 2131 1644 2148 ‚
1677 2105 1873 2152 praegrandi

1198 2172 1288 2204 pene
1306 2159 1506 2204 insignitus.
1526 2160 1676 2192 Hamil-es.

1256 2224 1313 2245 10.
1344 2211 1551 2245 Beverlandi
1579 2212 1653 2246 MS.
1679 2225 1776 2257 proca
1805 2213 1873 2244 ‘vir-

1195 2278 1249 2309 go.
1267 2288 1319 2291 ——
1342 2265 1496 2310 Opposita
1517 2273 1654 2310 spectat,
1681 2274 1746 2299 etc.
1768 2265 1873 2298 Jocus

1199 2319 1235 2350 in
1258 2318 1411 2363 virgines
1434 2317 1579 2364 pudicas
1597 2318 1711 2364 specie
1726 2343 1735 2358 ,
1753 2330 1873 2363 reapse

1199 2384 1282 2404 vero
1314 2371 1547 2416 spectaculum
1577 2384 1648 2403 non
1680 2371 1849 2416 fugientes
1863 2396 1872 2412 7

1199 2437 1275 2469 quae
1311 2437 1453 2457 manum
1482 2424 1589 2457 oculis
1616 2423 1873 2464 admovebant,

1198 2486 1363 2522 tanquam
1384 2485 1579 2510 avertentes
1594 2477 1705 2510 visum
1720 2489 1737 2509 3
1750 2488 1788 2509 re
1804 2484 1874 2508 tam

1199 2530 1313 2575 turpi,
1331 2529 1487 2575 digitulis
1504 2538 1618 2563 tamen
1634 2541 1757 2574 parum
1775 2540 1874 2573 aper-

1200 2583 1242 2615 tis
1267 2591 1306 2616 ut
1333 2582 1430 2628 quasi
1452 2595 1515 2627 per
1537 2582 1682 2615 rimulas
1701 2580 1871 2614 viderent.

1201 2637 1350 2668 Ramires.

1846 828 1879 843 10
