2061 3288
549 188 792 231 MATTH.
834 189 1177 232 RADERUS.
1494 207 1576 234 xix

163 279 280 339 ginta
304 293 311 320 :
342 276 539 320 discessit
568 276 752 336 septimo
776 286 818 319 et
839 276 1208 337 quinquagesimo.
1240 277 1373 333 Quod
1392 279 1482 339 ipsc
1512 296 1578 323 me

163 348 291 392 docet
320 349 452 390 Poeta
473 382 484 402 ,
510 363 644 407 quum
673 348 757 390 Xll
780 383 790 401 ,
820 363 929 390 xxm
946 382 958 401 ,
984 347 1037 390 de
1064 348 1201 391 hortis
1231 347 1450 393 Marcellae
1472 366 1578 393 uxo-

165 420 220 462 ris
252 420 308 462 ita
337 419 481 461 canit:

320 523 481 557 Munera
501 528 587 557 sunt
603 520 766 557 dominae
787 529 872 570 post
891 521 1049 569 septima
1067 521 1185 558 lustra
1203 535 1368 558 reverso.

165 630 259 674 Lib.
281 646 386 674 vero
411 631 477 683 X,
502 645 603 685 civ,
626 646 649 672 a
679 630 819 691 patria
850 646 894 672 se
920 630 1097 691 triginta
1123 640 1312 690 quatuor
1340 647 1478 675 annos
1505 633 1582 675 al)-

166 701 294 745 suisse
319 701 463 745 adhuc
484 701 527 744 in
549 700 673 744 Urbe
701 701 862 762 degens
887 701 1069 761 scripsit.
1091 703 1249 755 Porro,
1276 704 1317 745 X
1335 738 1346 756 ,
1372 719 1511 755 xxw,
1531 703 1584 746 (lc

166 772 252 816 suis
277 771 491 827 kalendis,
521 781 670 816 monet
700 788 744 815 se
776 771 1186 832 quinquagesimum
1230 774 1462 834 septimum
1504 790 1584 817 an-

168 859 270 886 num
293 844 484 904 attigisse
511 861 519 885 ε

378 947 700 997 Quinquagcsima
723 946 798 983 liba
820 948 1095 997 septimamque

376 1008 519 1044 Vestris
539 1008 716 1045 addimus
736 1008 834 1045 hanc
858 1009 951 1045 focis
974 1023 1153 1046 acerram.

168 1117 234 1160 Ex
253 1115 410 1176 quibus
429 1115 667 1171 concludo,
686 1117 865 1159 Poetam
885 1116 965 1159 sub
984 1118 1157 1160 Nerone
1173 1152 1184 1172 ,
1203 1117 1344 1161 Galba
1358 1154 1368 1171 ,
1387 1120 1587 1172 Othone,

169 1185 368 1242 Vitellio,
391 1187 681 1246 Vespasiano,
709 1188 807 1230 Tito
823 1223 834 1239 ,
870 1188 1147 1242 Domitiano,
1180 1187 1326 1232 Nerva
1342 1225 1353 1242 ,
1376 1190 1587 1250 Trajano,

168 1258 320 1300 Romae
347 1257 526 1312 vixisse,
550 1274 711 1317 quum,
733 1267 780 1300 ut
807 1257 935 1317 plane
966 1259 1105 1301 sentio
1123 1293 1134 1312 ,
1166 1259 1245 1301 sub
1272 1262 1460 1320 primum
1487 1263 1588 1305 Tra-

163 1327 254 1387 jani
284 1343 445 1371 annum
461 1363 472 1383 ,
492 1328 609 1388 quod
634 1328 689 1371 ab
711 1344 762 1372 eo
782 1327 1090 1389 negligeretur,
1116 1330 1158 1372 in
1182 1331 1367 1390 patriam
1391 1331 1587 1386 redierit,

169 1399 315 1459 ibique
352 1409 450 1460 post
492 1399 850 1460 quadriennium,
883 1416 1101 1443 summum
1131 1401 1480 1461 quinquennium
1516 1420 1587 1446 cx-

171 1479 316 1514 actum
335 1505 347 1525 ,
372 1469 574 1513 ultimum
601 1471 700 1514 vitae
728 1470 843 1514 diem
876 1469 1107 1525 clauserit,
1136 1471 1195 1514 ita
1221 1481 1270 1515 ut
1298 1468 1588 1525 ἑξηκονταετῆς

172 1541 260 1584 fere
300 1540 481 1597 obierit,
521 1552 594 1585 aut
632 1557 796 1584 annum
835 1540 949 1585 ultra
984 1543 1119 1585 vitam
1167 1545 1426 1604 prorogarit.
1469 1545 1591 1589 Obiit

171 1628 275 1673 ergo
317 1628 431 1655 anno
476 1622 575 1670 post
610 1614 657 1656 C.
704 1612 757 1655 N.
795 1613 913 1668 CIV,
957 1622 1032 1655 aut
1071 1614 1151 1656 CV
1167 1647 1177 1666 ,
1216 1614 1389 1673 Trajani
1433 1625 1590 1675 quarto

172 1692 246 1725 aut
267 1683 419 1743 quinto
434 1718 444 1736 ,
474 1684 583 1727 Sura
605 1693 648 1726 et
674 1684 883 1726 Serviano
910 1684 1068 1726 iterum
1087 1684 1210 1727 Coss.
1229 1684 1406 1746 Olymp.
1437 1701 1558 1730 ccxx
1575 1724 1586 1741 ‚

174 1770 208 1797 a.
244 1770 269 1797 2
289 1789 300 1809 ,
333 1763 431 1814 post
464 1756 522 1798 U.
555 1756 607 1798 C.
641 1769 849 1799 DCCCLIV.
884 1755 1037 1797 Romae
1073 1755 1349 1811 Domitiano,
1384 1757 1517 1800 immo
1549 1768 1593 1801 et

172 1825 271 1867 Tito
302 1840 428 1868 carus
455 1834 690 1885 gratusque
717 1825 822 1879 fuit,
842 1826 1097 1885 magnisque
1126 1825 1366 1870 honoribus
1396 1837 1438 1870 et
1465 1827 1589 1871 donis

173 1894 226 1937 ab
255 1905 439 1955 utroque
465 1905 670 1951 ornatus;
701 1896 798 1955 jure
828 1912 984 1956 nempe
1014 1897 1146 1939 trium
1178 1895 1439 1952 liberorum,
1471 1899 1589 1958 quod

175 1964 289 2009 solus
332 1967 578 2026 Imperator
623 1966 908 2021 conferebat,
946 1967 1233 2026 maximaeque
1281 1979 1590 2029 argumentum

175 2038 324 2096 gratiae
369 2047 473 2080 erat.
513 2038 581 2081 De
613 2054 700 2098 quo
731 2037 893 2080 Plinius
931 2038 1105 2091 minor,
1142 2039 1318 2082 Tacitus
1341 2074 1352 2093 ,
1390 2040 1588 2099 Lipsius,

177 2106 270 2161 alii,
301 2117 343 2151 et
371 2124 450 2151 nos
494 2124 572 2152 suo
604 2107 714 2152 loco.
753 2107 979 2152 Gloriatur
1013 2107 1065 2150 de
1104 2108 1189 2151 hoc
1222 2126 1403 2152 munere
1432 2112 1591 2165 Poeta,

176 2179 267 2231 III,
288 2194 401 2222 xcv:

335 2287 492 2322 Praemia
511 2287 666 2323 laudato
688 2286 821 2323 tribuit
842 2287 935 2323 mihi
957 2290 1081 2323 Caesar
1105 2296 1280 2335 iuvi-quc,

386 2350 651 2396 Natorumque
672 2348 874 2397 deditjura
892 2356 1050 2397 paterna
1071 2349 1197 2383 trium.

180 2456 235 2498 Et
264 2456 326 2497 IX
349 2490 359 2507 ‚
382 2470 530 2498 xcv111
551 2471 557 2495 :

343 2564 543 2613 Rumpitur
561 2563 722 2604 invidia,
744 2563 875 2599 tribuit
893 2563 997 2612 quod
1017 2564 1140 2600 Caesar
1159 2573 1318 2613 uterqiu¹

393 2628 458 2661 Jus
481 2625 569 2661 mihi
592 2635 788 2669 natorum,
807 2625 999 2674 rumpitur
1020 2624 1170 2661 invidia.

1342 2703 1388 2744 l›³
