2061 3288
460 189 559 246 406
837 190 898 232 M.
927 189 1063 232 VAL.
1101 188 1491 232 MARTIALIS

1045 333 1269 388 LXIX

923 484 992 514 AD
1030 482 1379 512 PAMPHILUM.
1397 461 1416 480 '⁴‘

530 602 598 643 TU
629 600 775 643 Setina:
805 597 980 658 quidem
1012 612 1202 657 semper,
1225 595 1295 640 vel
1321 597 1509 641 Massica
1535 600 1682 658 ponis,

604 667 859 730 Pamphile:
892 667 967 712 sed
1003 684 1155 710 rumor
1185 677 1275 711 tam
1306 667 1421 711 bona
1447 669 1546 711 vina
1577 678 1718 730 negat.

534 742 705 785 Diceris
736 741 817 783 hac
845 739 985 783 factus
1012 737 1167 782 caelebs
1193 748 1349 799 quater
1373 754 1464 782 esse
1486 738 1650 799 lagena.

602 814 696 855 Nec
721 820 853 871 puto,
874 826 954 853 nec
984 809 1139 865 credo,
1161 808 1409 871 Pamphile,
1430 826 1510 853 nec
1539 811 1650 853 sitio.

516 944 530 957 '¹
551 944 610 978 Ad
629 944 788 989 Papylum
813 941 996 988 inscriptio
1027 950 1077 974 est
1105 942 1141 974 in

463 998 585 1032 codice
602 998 741 1030 Thuan.
762 995 822 1029 sed
843 996 902 1029 Ad
917 995 1137 1040 Pamphilum,

462 1053 500 1085 111
528 1050 608 1085 Ald.
627 1051 725 1083 Junt.
751 1049 866 1083 Colin.
890 1049 1030 1093 Gryph.
1058 1048 1140 1080 Pul-

460 1118 577 1138 mann.
598 1112 663 1137 etc.

519 1171 532 1191 1
544 1185 551 1191 .
575 1157 715 1190 Marsica
728 1164 821 1201 palas
840 1153 1049 1187 Beverlandi
1064 1154 1140 1187 MS.

461 1232 513 1238 —-
540 1212 589 1244 Tu
606 1210 726 1243 Setina.
745 1211 796 1242 De
816 1209 907 1241 Setia
922 1208 1012 1240 Latii
1030 1208 1118 1240 urbe
1133 1233 1141 1248 ,

460 1263 556 1297 unde
567 1264 688 1296 vinum
706 1262 875 1302 Setinum,
890 1260 1021 1294 dictum
1031 1260 1140 1306 epigr.

464 1331 543 1351 Lxxv
562 1329 641 1361 sup.
659 1329 708 1349 vs.
726 1315 909 1356 34.—l⁷el
921 1315 1060 1347 Massica
1073 1327 1083 1346 .·
1099 1313 1142 1346 de

462 1372 546 1403 vino
566 1370 714 1403 Massico
731 1369 865 1413 egimus
882 1368 945 1401 lib.
970 1368 985 1399 l
998 1394 1006 1407 ‚
1030 1368 1137 1412 epigr.

462 1436 562 1457 xxx-11
580 1449 588 1465 ,
608 1436 656 1456 vs.
674 1424 693 1455 8
711 1436 719 1463 3
742 1423 800 1455 lib.
819 1422 893 1463 III,
909 1421 1018 1466 epigr.
1037 1432 1139 1461 xxvi,

461 1491 511 1511 vs.
537 1477 556 1510 3
576 1501 585 1514 ,
605 1484 671 1509 etc.

519 1544 551 1562 2.
582 1529 648 1562 Sed
671 1542 786 1560 rumor.
815 1528 981 1572 Serpebat
1006 1527 1141 1572 quippe

461 1596 583 1616 rumor
601 1582 679 1614 vina
701 1594 718 1613 a
735 1580 918 1625 Pamphilo
935 1580 1064 1624 apponi
1087 1581 1140 1612 111-

465 1638 552 1669 ferta
567 1647 713 1667 veneno.
730 1655 782 1661 —
795 1634 915 1677 Negat.
937 1633 1050 1678 Negat
1071 1645 1142 1665 esse

462 1699 581 1722 nectar
598 1715 606 1729 ‚
630 1687 686 1721 sed
706 1688 750 1719 ait
771 1700 842 1720 esse
858 1699 1047 1719 xenenuni.

1258 941 1291 974 3.
1315 942 1439 974 Diceris
1467 943 1526 974 Ιιαι·
1543 943 1665 985 sactus.
1695 943 1772 976 Hoc
1801 951 1851 977 est
1869 965 1880 985 9

1201 1002 1353 1040 quatuor
1370 1007 1496 1028 uxores
1513 1008 1648 1029 veneno
1664 1008 1802 1029 necasse
1814 1023 1823 1036 ‚
1840 1006 1881 1031 ut

1203 1060 1321 1080 earum
1349 1047 1431 1082 dote
1459 1048 1560 1082 fieres
1585 1049 1806 1095 locupletior.
1828 1071 1880 1075 -—

1204 1101 1338 1134 Coelebs.
1357 1101 1521 1144 Viduus3
1540 1102 1662 1135 caelebs
1681 1110 1731 1136 est
1745 1103 1805 1147 qui
1824 1115 1881 1136 ca-

1200 1163 1255 1187 ret
1279 1166 1400 1188 uxore.
1415 1176 1467 1181 —
1486 1156 1627 1199 Lagena.
1650 1154 1734 1189 Vid.
1758 1168 1880 1200 supra,

1203 1207 1314 1252 epigr.
1332 1221 1425 1241 XLIII
1442 1234 1451 1250 ‚
1478 1220 1526 1241 vs.
1558 1209 1576 1242 5
1596 1221 1605 1251 ;
1631 1217 1666 1242 et
1696 1209 1758 1242 lib.
1781 1209 1852 1241 XII
1868 1232 1879 1246 ‚

1204 1262 1315 1306 epigr.
1337 1273 1446 1297 xmu,
1470 1274 1519 1294 vs.
1545 1266 1577 1301 4.

1258 1319 1290 1354 4.
1321 1315 1389 1347 Nec
1413 1322 1501 1359 puto.
1532 1315 1658 1348 Sensus
1689 1323 1770 1348 est:
1796 1315 1880 1347 Non

1203 1366 1309 1400 credo
1343 1366 1485 1413 quidem
1515 1380 1640 1401 verum
1673 1379 1745 1400 esse
1779 1368 1880 1400 illum

1200 1433 1377 1453 rumorem
1393 1433 1401 1461 ;
1423 1429 1573 1453 attamen
1584 1432 1663 1453 meo
1676 1419 1880 1454 discrimine

1201 1473 1336 1506 discere
1356 1474 1438 1506 11010
1453 1486 1460 1506 ;
1475 1474 1567 1506 malo
1586 1474 1684 1506 famae
1698 1486 1799 1518 quam
1821 1487 1882 1507 ex-

1201 1527 1381 1571 perientiae
1402 1525 1556 1559 credere.
1568 1525 1654 1558 Ideo
1664 1527 1755 1559 bene
1765 1527 1880 1559 valeas

1201 1592 1281 1611 cum
1294 1580 1413 1625 lagena
1430 1588 1487 1612 tua
1504 1592 1511 1613 ε
1530 1592 1600 1612 non
1621 1580 1701 1612 sitio
1720 1579 1811 1612 istud
1831 1580 1882 1612 vi·

1204 1645 1287 1665 num
1300 1658 1309 1673 ,
1331 1634 1487 1677 quamxis
1507 1632 1716 1678 exquisitum
1737 1641 1769 1664 et
1789 1633 1881 1665 inter

1205 1686 1350 1730 optima.
1373 1687 1438 1718 En.

1067 1815 1269 1871 LXX.

714 1969 780 1997 DE
821 1965 1083 1995 AMMIANO
1123 1965 1191 1993 AD
1231 1965 1622 1994 MARONILLUM.

603 2085 750 2129 Num,
780 2081 1034 2135 Ammiano,
1059 2087 1217 2139 praeter
1236 2078 1400 2122 aridam
1430 2087 1589 2122 restem

525 2227 554 2248 1.
578 2214 743 2247 sslamiano
757 2211 792 2244 111
808 2209 885 2243 cod.
901 2209 1055 2241 Florem.
1074 2210 1140 2242 Ra-

466 2268 626 2301 miresius
650 2266 732 2310 legit
762 2271 878 2295 western
912 2275 978 2307 pro
1007 2270 1115 2294 restem
1133 2288 1142 2302 ‚

466 2331 500 2354 et
513 2346 523 2361 ,
542 2329 581 2353 ut
594 2318 705 2352 credit
720 2343 730 2358 ‚
744 2316 888 2350 meliore
902 2328 1004 2348 sensu
1021 2328 1030 2357 ς
1048 2314 1143 2361 quod

467 2373 563 2407 arida
593 2372 697 2405 vestis
723 2371 767 2404 sit
796 2370 868 2402 sola
898 2369 1020 2409 vestis,
1042 2360 1140 2400 nulla

467 2427 529 2460 alla
550 2438 587 2458 re
607 2425 775 2457 adhibita.
796 2423 850 2455 Sic
869 2422 930 2454 111).
952 2422 983 2453 Χ
998 2446 1006 2461 ,
1029 2421 1140 2466 epigr.

467 2492 568 2519 LXXV,
585 2491 632 2511 vs.
664 2490 676 2510 1
690 2490 703 2509 1
727 2489 734 2509 2
759 2494 772 2505 «
792 2475 956 2520 Sportula
975 2487 1039 2507 nos
1059 2476 1139 2518 jun-

465 2533 516 2565 xit
543 2530 792 2576 quadrantibus
815 2527 912 2561 arida
943 2536 1080 2559 centum
1112 2544 1139 2559 n.

466 2585 522 2618 Sic
553 2593 603 2617 est
629 2582 732 2615 etiam
768 2583 803 2613 in
836 2579 916 2613 edd.
946 2587 1028 2612 vett.
1060 2579 1139 2612 Ald.

464 2639 562 2671 Junt.
595 2636 710 2670 Colin.
739 2633 875 2679 Gryph.
912 2631 1054 2665 Ariciam
1088 2645 1142 2665 ve-

1201 2215 1289 2240 stem
1310 2207 1429 2240 tritam
1450 2207 1615 2252 intelligit
1632 2205 1824 2246 Domitius;
1845 2213 1880 2239 at

1202 2261 1297 2306 Lips.
1307 2261 1404 2293 elect.
1415 2261 1446 2297 I,
1456 2272 1531 2305 cap.
1545 2272 1557 2292 1
1569 2262 1603 2301 8,
1613 2259 1696 2304 legit
1705 2267 1880 2291 restem.—

1204 2314 1341 2346 Avidam
1364 2322 1484 2346 restem.
1500 2313 1578 2353 Qua
1600 2324 1636 2345 se
1656 2311 1802 2357 perclitae
1824 2311 1879 2343 lu-

1204 2367 1314 2400 xuriae
1324 2366 1417 2399 filius
1427 2375 1460 2399 et
1474 2378 1624 2411 nequam
1639 2363 1878 2410 suspenderet.

1199 2420 1290 2452 Eum
1326 2419 1457 2453 scilicet
1490 2417 1721 2452 exhaeredavit
1756 2426 1854 2462 pater
1868 2442 1879 2457 ,

1201 2473 1251 2505 illi
1278 2473 1366 2504 male
1392 2480 1560 2518 piecatus.
1592 2471 1756 2504 Solebam
1784 2469 1876 2503 enim

1201 2525 1243 2557 iis
1265 2525 1380 2558 verbis
1399 2524 1626 2570 imprecando
1648 2524 1699 2557 uti
1721 2535 1729 2556 :
1755 2524 1877 2554 Res-lem

1201 2587 1232 2610 et
1243 2578 1362 2610 clm-um
1372 2605 1380 2619 ,
1396 2578 1505 2623 quibus
1522 2578 1633 2610 collum
1648 2577 1781 2619 alligem
1794 2575 1876 2608 sub-

1203 2630 1279 2665 aud.
1303 2633 1453 2677 relinquo.
1789 2633 1793 2634 ⁷
