2061 3288
432 202 527 247 282

819 205 880 247 M.
905 205 1046 249 VAL.
1086 208 1482 254 MARTIALIS

571 289 778 351 Legenda
804 300 1055 354 temporum
1080 304 1178 339 acta
1195 294 1571 341 Claudianorum?

571 361 640 404 An
665 378 761 422 quae
785 362 952 407 Neroni
977 363 1109 409 falsus
1134 365 1320 410 adstruit
1347 367 1564 429 scriptor?

570 433 640 475 An
669 431 899 478 aemulatur
923 435 1112 496 improbi
1136 436 1260 497 jocos
1286 437 1486 482 Phaedri?

571 503 783 548 Lascivus
811 504 969 567 elegis,
999 522 1055 550 an
1086 524 1263 552 severus
1290 506 1461 553 herois!

572 575 641 617 An
665 575 709 618 in
731 575 958 621 cothurnis
979 576 1185 622 horridus
1208 578 1492 640 Sophocleis?

572 647 640 688 An
665 646 830 691 otiosus
857 648 901 691 in
930 647 1080 693 schola
1108 651 1344 696 Poetarum

433 783 556 827 nium,
576 792 616 818 ut
642 785 717 831 ipse
747 786 795 820 ait
815 786 878 820 lib.
903 788 978 829 VI,
1003 787 1112 834 epigr.

434 850 478 870 Lx
489 863 499 881 ‚
511 851 544 872 v.
561 850 603 871 10
613 852 622 881 3
632 837 702 873 vid.
720 851 860 886 quoque
872 841 934 875 lib.
948 841 965 874 I
978 867 986 883 ‚
1003 842 1114 887 epigr.

433 902 526 924 cvut
538 916 547 933 ‚
562 904 597 925 v.
610 891 628 925 5
640 918 649 934 ,
659 900 693 926 et
702 893 808 926 lib.II
818 918 828 934 ‚
839 894 950 940 epigr.
961 906 1022 937 111,
1034 907 1069 927 v.
1079 908 1114 940 7.

490 944 524 978 3.
550 945 736 991 Temporum
753 955 827 979 acta
853 947 1115 982 Claudianorum.

435 997 627 1031 Historiam
654 1011 773 1033 rerum
796 1013 1022 1034 romanarum
1052 1002 1116 1035 sub

437 1050 586 1084 Claudio
602 1051 814 1098 imperatore
826 1080 835 1096 ,
851 1054 977 1099 quinto
998 1054 1040 1088 ab
1055 1055 1118 1087 Ju-

434 1103 484 1136 lio
501 1104 850 1151 Caesare‚gestarum.

492 1161 526 1197 4.
544 1158 755 1193 Beverlandi
770 1160 844 1194 MS.
860 1160 968 1204 falsus
985 1163 1119 1194 asseruit

436 1212 581 1255 scriptor.
614 1233 666 1238 -—-
695 1214 752 1246 An
782 1227 852 1259 qaae
880 1214 1027 1255 Neroni,
1052 1222 1117 1247 etc.

437 1263 589 1298 Neronis
612 1265 758 1299 historia
783 1278 802 1298 a
826 1267 949 1300 multis
969 1267 1118 1313 scripto-

436 1316 536 1350 ribus
559 1317 825 1353 mendacissime
843 1320 957 1354 fuerat
974 1333 1119 1366 compo-

437 1369 502 1403 sita
515 1396 524 1412 ‚
541 1371 602 1416 qui
618 1371 699 1406 vivo
711 1373 912 1418 turpissime
929 1373 1119 1408 adulaban-

440 1430 501 1456 tur
514 1449 523 1465 ‚
546 1424 601 1457 vel
620 1433 762 1458 mortuo
778 1451 788 1468 ‚
814 1439 905 1459 nova
920 1452 929 1468 ,
949 1439 1026 1472 quae
1047 1439 1119 1460 non

439 1477 626 1521 cogitarat,
650 1477 874 1512 adstruebant
891 1480 1031 1513 scelera.
1049 1480 1118 1513 Ta-

439 1529 529 1563 citus
545 1530 581 1563 in
598 1532 771 1576 prooemio
788 1533 976 1566 Annalium
994 1545 1001 1565 2
1029 1550 1041 1562 u
1064 1532 1120 1565 Ti-

440 1583 551 1624 berii,
575 1583 745 1629 Caiique‚
766 1592 800 1617 et
820 1584 958 1619 Claudii
971 1611 980 1627 ‚
1000 1598 1038 1618 ac
1055 1586 1119 1618 Ne-

440 1636 538 1669 ronis
555 1649 628 1677 res,
649 1637 860 1672 florentibus
881 1638 965 1684 ipsis
983 1640 1028 1672 oh
1052 1651 1122 1671 mc-

443 1697 517 1721 tum
540 1690 658 1731 falsae3
690 1699 881 1737 postquam
916 1690 1123 1726 occ-iderunt

440 1743 639 1777 recentibus
662 1743 753 1777 odiis
774 1745 976 1790 compositae
990 1753 1083 1778 sunt.
1104 1763 1116 1775 »

441 1796 534 1841 Ergo
556 1809 676 1830 sensus
697 1797 754 1830 hic
775 1806 825 1830 est
844 1811 852 1830 ε
877 1799 931 1830 An
951 1797 994 1832 ad
1016 1797 1122 1831 fidem

441 1857 475 1881 et
494 1849 676 1883 veritatem
694 1850 848 1884 historiae
867 1860 1007 1885 revocat
1027 1864 1123 1885 com·

443 1903 613 1948 ponitque
627 1928 636 1943 ‚
656 1916 732 1949 quae
747 1916 810 1949 per
826 1903 949 1937 odium
965 1913 1023 1937 aut
1042 1904 1124 1938 adu-

441 1956 608 1989 lationem
634 1958 824 2002 excogitata
852 1957 991 1992 fuerant
1026 1971 1122 1992 com-

443 2017 560 2043 menta
573 2009 587 2042 P

499 2064 532 2096 5.
554 2064 753 2096 AEmulatur.
774 2063 802 2096 F
804 2064 922 2097 abulas
943 2065 1125 2109 componit

443 2115 576 2161 lepidas
596 2117 882 2162 tersissimasque.
907 2116 959 2143 ——'-
978 2117 1122 2151 Phaedri.

445 2169 515 2211 Qui
529 2169 595 2202 fuit
605 2169 750 2215 Augusti
765 2170 927 2209 libertus,
945 2178 979 2203 et
991 2170 1124 2203 fabulas

446 2223 567 2268 AEsopi
583 2235 624 2257 ex
639 2235 750 2268 graeco
766 2223 891 2256 latinas
911 2223 1124 2269 elegantibus

446 2277 586 2309 senariis
613 2275 780 2310 reddidit.
808 2277 1016 2322 Improbum
1042 2289 1124 2310 vero

447 2327 556 2370 dixit,
576 2329 657 2375 quia
678 2329 768 2362 fictis
789 2330 990 2363 animalium
1017 2330 1125 2364 collo-

447 2381 538 2427 quiis
577 2382 631 2415 sui
672 2383 839 2428 temporis
878 2395 990 2416 mores
1028 2392 1126 2417 acute

446 2435 568 2480 carpit.

504 2490 539 2521 (5.
567 2488 689 2532 Elegis.
716 2489 916 2533 Elegiarum
947 2490 1126 2523 materiam

451 2542 499 2574 sic
515 2539 637 2574 definit
648 2541 857 2575 Horatinsin
875 2543 959 2575 Artc
974 2543 1124 2588 poetica:

456 2612 467 2623 «
490 2593 659 2627 Versibus
673 2594 854 2639 impariter
870 2596 997 2640 junctis
1012 2597 1125 2641 queri-

451 2647 568 2681 monia
586 2647 740 2691 primum
756 2674 763 2687 ‚
781 2648 861 2681 Post
878 2649 980 2683 etiam
999 2650 1127 2683 inclusa

1172 798 1224 823 est
1254 789 1328 823 voti
1363 789 1535 823 sententia
1568 802 1725 836 compos.
1751 806 1766 820 r>
1803 811 1854 816 —-

1172 842 1303 876 Severus
1323 843 1437 875 herois.
1459 843 1575 876 Grave
1600 851 1651 876 est
1674 843 1767 876 enim
1790 843 1855 876 he-

1173 896 1259 930 roici
1277 896 1441 929 carminis
1461 904 1717 942 argumentum.

1229 962 1264 994 7.
1285 950 1342 982 An
1364 952 1395 981 in
1418 950 1577 982 cothurnis
1592 976 1601 989 ,
1625 957 1692 983 etc.
1717 949 1772 982 An
1793 949 1856 982 tri-

1175 1002 1236 1036 stis
1255 1011 1290 1036 et
1306 1003 1393 1036 altus
1411 1004 1589 1048 majestate
1608 1001 1772 1036 carminis
1790 1010 1858 1035 tra-

1175 1055 1243 1100 gici
1259 1082 1268 1096 ‚
1294 1055 1416 1089 scribit
1442 1055 1650 1100 tragoedias?
1667 1056 1710 1089 In
1731 1063 1856 1101 tragoe-

1175 1107 1243 1142 diis
1262 1117 1379 1142 autem
1403 1107 1539 1142 inducti
1557 1109 1682 1142 heroes
1708 1117 1742 1142 et
1759 1120 1857 1154 reges

1177 1161 1310 1207 grande
1335 1162 1476 1208 loquuti
1492 1187 1501 1204 ‚
1521 1162 1598 1195 altis
1616 1161 1858 1195 innitebantur

1176 1215 1442 1257 calceamenti53
1463 1215 1658 1261 claruitque
1677 1215 1768 1260 stylo
1788 1223 1858 1248 tra-

1176 1268 1254 1313 gico
1266 1269 1472 1314 Sophocles.
1488 1269 1532 1301 Et
1546 1267 1704 1314 quamvis
1716 1267 1859 1313 AEschy-

1176 1322 1230 1354 lus
1241 1321 1348 1355 fuerit
1359 1321 1507 1367 primus,
1519 1321 1580 1367 qui
1592 1320 1855 1366 magniloquen-

1177 1374 1260 1408 tiam
1285 1374 1444 1408 docuerit
1459 1401 1469 1417 ,
1498 1382 1537 1407 ut
1563 1381 1710 1408 testatur
1735 1374 1855 1407 Horat.

1179 1427 1214 1460 in
1242 1429 1325 1460 Arte
1347 1427 1508 1473 poetica3
1536 1428 1609 1460 «Et
1635 1425 1757 1459 docuit
1783 1439 1855 1459 ma-

1177 1492 1354 1526 gnumque
1365 1480 1474 1526 loqui,
1487 1480 1624 1525 nitique
1635 1479 1831 1512 cothurno»
1844 1491 1854 1519 ;

1178 1534 1215 1565 in
1242 1533 1471 1578 proverbium
1492 1541 1608 1567 tamen
1632 1532 1717 1566 abiit
1736 1532 1857 1577 Sopho-

1179 1586 1261 1619 cleas
1275 1587 1460 1625 cothurnus,
1479 1585 1576 1632 quod
1593 1585 1784 1631 Sophocles
1800 1597 1859 1618 cae·

1180 1648 1273 1673 teros
1307 1639 1456 1685 tragicos
1490 1638 1654 1672 dictionis
1693 1638 1860 1684 gravitate

1180 1693 1283 1737 longe
1305 1692 1544 1738 superaverit3
1565 1699 1604 1724 ut
1620 1691 1718 1736 Virg.
1740 1691 1858 1736 Eclog.

1181 1746 1289 1787 VIII,
1305 1759 1354 1779 vs.
1376 1758 1418 1779 10
1433 1757 1441 1779 τ
1466 1763 1479 1775 ιι
1498 1745 1576 1778 Sola
1587 1743 1784 1790 Sophocleo
1799 1752 1861 1777 tua

1181 1799 1335 1832 carmina
1349 1798 1455 1844 digna
1474 1798 1660 1831 cothurno.
1679 1815 1691 1827 »
1714 1798 1859 1830 Ramlre-

1181 1855 1256 1884 sius.
1276 1874 1327 1878 —
1343 1852 1536 1897 Sophocleis.
1554 1851 1644 1884 Nam
1667 1849 1860 1896 Sophocles

1183 1905 1408 1939 Atheniensis
1436 1912 1539 1950 poeta
1557 1916 1688 1950 graecus
1709 1902 1860 1948 tragicus

1183 1958 1326 2003 insignis
1348 1958 1434 1997 fuit,
1463 1958 1560 2003 cujus
1586 1965 1721 1990 exstant
1744 1956 1863 1989 multae

1183 2010 1369 2056 tragoediae.
1414 2010 1548 2043 Floruit
1592 2010 1684 2043 circa
1729 2021 1862 2042 annum

1183 2063 1308 2097 mundi
1336 2063 1448 2109 3574.
1476 2064 1567 2096 Cum
1592 2062 1759 2108 AEschylo
1781 2073 1865 2108 poe-

1183 2126 1218 2151 ta
1245 2117 1330 2150 item
1356 2117 1488 2162 tragico
1513 2116 1681 2157 certavit,
1712 2127 1863 2160 eumque

1183 2183 1272 2216 saepe
1291 2170 1376 2203 vicit
1391 2196 1399 2211 ,
1420 2182 1457 2203 ac
1478 2168 1722 2214 duodeviginti
1740 2168 1863 2213 palmis

1185 2224 1316 2263 clarus,
1348 2223 1470 2256 ultima
1501 2222 1645 2256 demum
1674 2222 1722 2255 sic
1753 2222 1863 2255 elatus

1185 2285 1254 2318 est,
1276 2285 1314 2310 ut
1333 2275 1460 2322 gaudio
1479 2276 1591 2310 victus
1613 2274 1752 2308 obierit.

1240 2331 1275 2364 8.
1299 2331 1355 2363 An
1375 2332 1511 2369 otiosus,
1541 2336 1605 2362 etc.
1631 2329 1685 2361 An
1714 2328 1751 2360 in
1779 2339 1863 2359 con-

1185 2391 1293 2417 ventu
1324 2392 1508 2428 poetarum
1542 2381 1661 2415 recitat
1693 2381 1863 2425 elegantes

1187 2435 1379 2470 comoedias
1393 2462 1402 2477 ‚
1436 2436 1491 2469 vel
1518 2435 1583 2468 alia
1616 2433 1779 2467 carmina.
1813 2453 1863 2458 —<

1192 2490 1331 2523 otiosus.
1361 2490 1415 2522 Ab
1444 2489 1518 2522 aliis
1542 2487 1688 2533 negotiis
1718 2497 1860 2518 vacuus.

1187 2564 1238 2569 —--
1258 2543 1383 2576 Schola.
1403 2542 1469 2575 Hic
1490 2541 1603 2574 schola
1624 2553 1696 2572 non
1722 2538 1863 2583 proprie

1188 2596 1364 2638 sumitur3
1388 2595 1504 2628 nullus
1528 2594 1622 2626 enim
1648 2594 1766 2625 Romae
1797 2591 1864 2623 lioc.

1190 2658 1347 2694 tempore
1381 2649 1476 2681 locus
1506 2646 1695 2679 destinatus
1722 2643 1859 2687 poetis,·
