2061 3288
434 232 1023 279 EPIGRAMMATUM
1061 232 1185 274 LlB.
1226 231 1309 273 IV.

1471 232 1562 284 411

303 325 560 386 Impositum
577 359 588 376 ‚
612 332 750 366 mater
777 320 894 382 quod
923 320 999 364 tibi
1026 319 1134 363 dura
1161 318 1279 362 dedit
1303 336 1312 360 :

235 395 364 452 Quod
393 411 473 438 nec
499 393 798 455 Melpomene,
820 391 937 453 quod
962 408 1041 434 nec
1067 389 1355 451 Polyhymnia
1383 391 1537 451 possit,

302 467 498 526 Nec‘pia
527 482 627 508 cum
653 464 820 508 Phoebo
846 462 989 507 dicere
1015 460 1222 522 Calliope.

233 538 352 598 Ergo
376 535 550 597 aliquod
575 545 743 597 gratum
766 535 905 578 Musis
930 534 1007 578 tibi
1032 549 1192 577 nomen
1215 532 1374 593 adopta
1398 549 1406 574 :

303 609 405 653 Non
432 624 603 668 semper
628 605 739 650 belle
768 605 927 649 dieitur
950 603 1266 665 Hippodamus.

165 746 246 792 quia
273 759 338 793 per
371 746 617 792 aspirationem
645 746 768 793 primae
798 744 839 776 li·-

165 807 268 838 terae,
305 808 338 833 et
370 799 681 845 reduplicationem
719 799 839 833 subse-

165 861 329 898 quentem
358 853 481 886 litterae
504 868 548 899 p,
576 854 679 887 habet
708 852 840 898 aliquid

165 905 260 951 quod
291 906 433 940 auribus
461 906 618 940 delicatis
647 914 839 951 repugnet3

165 961 265 1004 eujus
285 972 404 994 sensus
425 960 512 993 mihi
532 960 639 994 fidem
658 961 770 993 facere
790 960 841 992 vi·

166 1011 269 1045 detur
287 1025 354 1046 vox
375 1013 456 1046 dut-a
482 1014 517 1046 in
542 1027 645 1048 versu
668 1013 840 1058 sequenti.

164 1064 305 1099 Judicet
321 1066 441 1100 lector.
460 1067 527 1100 En.

221 1122 254 1152 6.
276 1121 467 1166 Impositum.
490 1121 650 1166 Namque
673 1121 760 1154 alter
780 1133 840 1165 pa-

165 1180 304 1205 rentum
326 1186 456 1206 nomen
476 1174 600 1207 infanti
624 1174 839 1219 imponebat.

167 1225 388 1272 Quandoque
404 1227 547 1260 honoris
559 1228 667 1272 gratia
685 1228 787 1260 alicui
802 1240 841 1259 ex

167 1278 286 1311 amicis
299 1279 450 1313 nominis
468 1280 672 1325 imponendi
685 1280 842 1326 dignatio

168 1331 435 1366 concedebatur.
452 1334 590 1367 Herald.

223 1396 255 1427 7.
276 1386 373 1429 Quod
386 1400 482 1433 neque
499 1387 691 1432 stIelpomene
707 1387 742 1419 in
761 1386 840 1420 edd.

166 1445 252 1470 vett.
275 1439 461 1484 Polymneia
476 1439 555 1473 eod.
580 1440 842 1474 Pulnianni.—

169 1490 268 1533 Quod
298 1504 353 1524 nec
381 1493 585 1538 Melpomene.
614 1494 700 1526 Tres
727 1494 843 1527 Musas

166 1555 232 1588 pro
260 1544 389 1590 triplici
419 1547 611 1580 carminum
635 1560 760 1592 genere
779 1561 842 1593 po-

167 1596 246 1629 suit.
269 1597 492 1644 Melpomene
516 1608 640 1645 praeest
668 1600 843 1646 tragoediis

168 1657 203 1682 et
231 1650 348 1695 elegiis
374 1664 381 1683 τ
411 1651 507 1685 uncle
532 1654 697 1687 Horatius
724 1655 760 1696 Ι,
782 1653 841 1687 od.

173 1706 217 1742 24
237 1714 245 1735 :
275 1721 288 1733 «
306 1704 458 1750 Praecipe
492 1706 657 1751 lugubres
691 1707 820 1741 Cantus
835 1734 843 1750 ,

168 1755 389 1802 Melpomene
417 1775 430 1787 »
451 1787 460 1799 ‚
485 1767 549 1792 etc.
578 1781 629 1786 -—
652 1760 721 1794 Nec
742 1761 842 1807 Poly-

899 744 1035 790 Ιῃτηηία,
1055 743 1121 777 Cui
1138 755 1231 776 curae
1241 750 1323 776 sunt
1335 754 1452 775 versus
1462 742 1574 786 lyrici.

900 797 1020 830 Horat.
1037 798 1071 836 Ι,
1093 796 1152 830 od.
1173 809 1185 829 1
1210 808 1217 829 ;
1237 815 1249 826 «
1263 808 1326 828 nec
1342 795 1576 840 Polyhymnia

900 851 1072 884 Lesboum
1081 848 1572 896 refugittenderebarbiton.»

955 906 987 938 8.
1024 904 1179 949 Calliope.
1218 903 1387 936 Versibus
1426 902 1576 935 heroicis

900 957 1074 1003 praesidet.
1102 957 1225 991 Horat.
1258 957 1317 990 lib.
1339 956 1414 995 ΙΙΙ,
1444 954 1500 988 od.
1530 960 1576 995 4:

905 1029 918 1041 «
933 1011 1109 1045 Descende
1127 1011 1228 1052 caelo;
1240 1018 1274 1043 et
1288 1009 1344 1043 dic
1356 1036 1364 1050 ‚
1378 1021 1437 1054 age
1448 1034 1458 1049 ‚
1473 1009 1555 1041 tibia
1568 1035 1577 1049 ‚

900 1066 1032 1112 Regina
1048 1066 1192 1111 longum
1203 1090 1212 1105 ‚
1225 1064 1384 1108 Calliope
1397 1088 1406 1104 ‚
1425 1062 1543 1095 melos.
1559 1079 1573 1090 »

901 1120 1027 1165 Virgil.
1056 1122 1134 1153 [En.
1160 1119 1232 1159 IX,
1262 1117 1332 1151 525
1365 1128 1372 1150 :
1407 1134 1419 1145 «
1445 1116 1538 1156 Vos,
1557 1128 1578 1147 o

902 1172 1057 1219 Calliope
1073 1199 1082 1214 ‚
1103 1184 1227 1218 precor
1241 1197 1249 1211 ‚
1280 1170 1428 1215 aspirate
1447 1181 1577 1202 canen-

901 1227 939 1260 ti.
955 1228 1121 1260 »—Piam
1139 1224 1242 1267 dixit,
1266 1224 1320 1257 vel
1337 1223 1418 1269 quia
1435 1222 1499 1255 filii
1524 1222 1577 1255 sui

902 1280 1037 1325 Orphei
1059 1287 1209 1313 mortem
1234 1277 1395 1317 deflevit,
1415 1276 1470 1309 vel
1496 1275 1580 1321 quia

902 1333 1052 1367 heroum
1074 1341 1108 1367 et
1124 1331 1272 1366 maxime
1294 1329 1443 1363 deorum
1460 1327 1580 1362 laudes

903 1387 1005 1421 canit.

958 1453 992 1484 9.
1004 1437 1212 1473 Beverlandi
1224 1438 1295 1471 MS.
1312 1449 1419 1470 nomeu
1437 1436 1577 1481 adoptas:

962 1506 1016 1527 1o.
1039 1493 1283 1538 Hippodamum
1303 1491 1340 1523 in
1365 1488 1501 1523 eodem.
1523 1488 1580 1521 Sic

903 1546 1154 1593 Hippodamna
1174 1553 1208 1578 et
1227 1543 1461 1589 Hippodamia
1480 1540 1575 1587 apud

902 1601 1081 1633 Justinum
1100 1600 1150 1633 M.
1172 1598 1275 1631 Conf.
1294 1594 1403 1630 Ovid.
1417 1609 1457 1629 ex
1474 1596 1577 1628 Pont.

904 1655 968 1694 IV,
994 1667 1034 1687 12
1052 1667 1060 1694 ;
1080 1652 1188 1686 Rutil.
1212 1651 1354 1684 Numat.
1378 1649 1421 1683 ad
1447 1648 1578 1682 Rufum

906 1712 925 1748 4
937 1720 978 1751 19
992 1734 1001 1749 ‚
1021 1717 1055 1741 et
1072 1703 1249 1740 sirmond.
1278 1703 1321 1738 ad
1341 1702 1463 1737 Sidon.
1490 1701 1555 1735 103
1570 1727 1579 1742 ‚

902 1774 981 1806 pag.
1003 1774 1085 1794 222.

727 1898 1020 1953 XXXII.

472 2048 537 2076 DE
575 2049 675 2076 ΑΡΕ
714 2048 956 2077 ELECTRO
998 2025 1272 2077 INCLUSA.*

238 2165 305 2207 ET
327 2163 429 2207 latet
450 2175 492 2209 et
514 2165 630 2209 lueet
653 2165 971 2209 Phaethontide
995 2164 1169 2209 condita
1193 2173 1335 2225 gutta,

221 2297 235 2312 '¹
246 2302 430 2337 Deciderat
447 2304 536 2336 forte
555 2303 671 2336 electri
686 2303 841 2349 lacryma

171 2356 205 2387 in
228 2357 321 2401 apim
336 2383 346 2398 ‚
372 2364 406 2389 et
432 2355 561 2389 deinde
585 2356 747 2401 guttatim
766 2357 840 2401 glo-

169 2409 271 2442 bulus
301 2409 409 2442 factus
438 2410 568 2451 fuerat,
596 2410 631 2442 in
654 2422 724 2453 quo
743 2410 840 2454 quasi

170 2462 305 2494 tumulo
329 2461 512 2507 perlucido
541 2462 677 2507 sepulta
705 2462 840 2508 perspi-

168 2515 325 2547 ciebatur
345 2516 437 2560 apis:
466 2514 558 2548 idem
584 2515 630 2548 ait
656 2514 699 2548 de
721 2515 840 2560 vipera

168 2567 251 2601 infr.
285 2569 392 2613 epigr.
422 2581 506 2609 mx,
538 2577 571 2601 et
601 2567 644 2601 de
675 2568 837 2606 formica,

167 2620 228 2652 lib.
248 2622 299 2653 VI
313 2647 322 2661 ‚
341 2621 449 2667 epigr.
473 2634 527 2654 xv.

219 2696 270 2700 —
296 2674 409 2720 Hujus
437 2675 691 2720 epigrammatis
720 2674 839 2708 lectio-

901 2315 982 2336 nem
1003 2316 1075 2336 non
1096 2303 1229 2336 variant
1256 2303 1489 2341 membranae,
1519 2308 1578 2333 aut

899 2356 980 2388 libri
1002 2356 1126 2388 excusi.

959 2422 987 2442 1.
1022 2409 1251 2441 Phaethontide
1283 2416 1388 2452 gutta.
1424 2407 1576 2439 ElectrO.

900 2461 1188 2502 Phaethontides,
1200 2460 1236 2494 id
1247 2469 1309 2501 est,
1320 2473 1455 2493 sorores
1468 2460 1578 2492 Phae-

900 2515 1031 2547 thontis
1048 2539 1058 2553 ‚
1087 2527 1195 2559 quum
1221 2527 1303 2547 euni
1332 2514 1488 2558 lugerent
1516 2525 1575 2544 ex—

899 2568 1081 2607 stinctum,
1100 2576 1242 2600 mutatae
1264 2576 1344 2600 sunt
1361 2567 1395 2599 in
1416 2566 1579 2611 populos,

899 2633 918 2653 e
948 2621 1077 2666 quibus
1109 2619 1234 2654 defluit
1265 2621 1455 2659 electrum,
1478 2617 1575 2663 quod

899 2686 1019 2708 earum
1037 2675 1204 2719 lacrymas
1218 2686 1288 2707 esse
1302 2682 1413 2719 poetae
1427 2672 1576 2716 fingunt.
