2061 3288
467 180 567 243 476

830 184 890 226 Μ.
931 184 1072 227 VAL.
1112 185 1504 230 MARTIALIS

607 270 700 314 Nec
729 282 846 315 caret
875 271 1022 316 officio
1046 271 1198 316 consul
1223 282 1405 333 uterque
1429 283 1528 330 tuo3

534 343 592 384 Et
620 343 754 385 Sacro
780 342 922 387 decies
951 343 1109 404 repetis
1129 342 1309 387 Pallatia
1337 343 1472 400 clivo,

601 413 877 475 Sigeriosque
900 430 1066 468 meros,
1090 414 1432 475 Partheniosque
1459 432 1596 460 sonas.

533 484 637 526 Haec
661 483 824 528 faciant
851 500 953 528 sane
976 485 1186 544 juvenes;
1209 482 1470 539 defor‘mius„
1494 486 1615 539 Afer,

605 555 799 598 Omnino
824 554 932 598 nihil
962 565 1026 599 est
1051 555 1271 599 ardelione
1301 573 1413 600 sene.

463 705 536 725 non
568 693 790 732 tribunatus,
821 694 981 739 Saevique
1013 695 1141 734 fasces,

462 757 527 779 nec
554 747 706 792 superba
729 747 872 780 clamosi
897 747 1048 780 Lictoris
1072 748 1143 780 abi-

463 808 521 844 get
541 799 636 845 virga
658 800 881 833 basiatorem.
908 821 961 828 -—
990 801 1141 834 Tribano.

461 852 642 886 Tribunus
672 854 784 898 plebis
815 862 888 887 erat
921 854 1143 899 magistratus

462 905 500 938 in
519 906 666 950 gratiam
687 907 811 952 populi
835 915 970 941 creatus
983 934 991 948 ,
1014 916 1053 941 ut
1067 909 1143 952 ejus

461 959 676 992 utilitatibus
692 960 959 1006 rationibusque
981 962 1142 994 consule-

462 1020 529 1045 ret.
549 1013 659 1045 Erant
674 1021 707 1046 et
723 1013 783 1046 alii
798 1013 933 1046 tribuni
948 1040 956 1054 ‚
976 1015 1144 1047 militares

463 1064 568 1107 dicti,
585 1064 629 1099 de
647 1066 777 1112 quibus
796 1066 877 1099 vide
893 1067 956 1100 lib.
976 1068 1028 1100 III
1043 1093 1052 1107 ‚
1074 1068 1145 1112 epi-

463 1129 610 1163 gramm.
631 1132 708 1161 xcv,
730 1132 779 1153 vs.
799 1134 833 1164 9.

519 1174 553 1206 6.
579 1171 709 1217 Officio.
733 1173 819 1206 Tuis
842 1173 1008 1207 officiosis
1034 1173 1145 1207 dedu-

463 1225 650 1259 ctionibus.

520 1291 554 1323 7.
578 1278 788 1312 Beverlandi
806 1280 871 1313 Ms.
898 1282 1008 1324 repetis
1031 1280 1145 1312 Palla-

466 1334 512 1364 tia
533 1332 616 1366 divo.
643 1334 695 1366 De
716 1333 978 1378 permutatione
998 1334 1029 1365 cl
1048 1342 1081 1366 et
1100 1333 1145 1374 d,

466 1384 547 1419 vide
566 1398 643 1432 quae
662 1385 816 1420 diximus
832 1386 876 1420 ad
895 1387 958 1420 lib.
973 1388 989 1419 I
1004 1412 1013 1428 ,
1033 1387 1142 1432 epigr.

464 1452 516 1472 xc.
539 1454 592 1461 —-
616 1440 743 1473 Decies.
773 1439 916 1486 Saepius.
942 1462 994 1466 —
1021 1441 1146 1485 Repelis

464 1493 625 1533 Pallatia,
647 1501 712 1526 etc.
733 1493 799 1526 Per
820 1494 913 1526 viam
929 1492 1068 1526 Sacram
1091 1505 1144 1526 re-

462 1544 518 1579 dis
531 1545 576 1579 ad
585 1547 753 1591 palatium
767 1546 1007 1592 Imperatoris.
1025 1546 1145 1578 Clivus

465 1607 516 1632 est
539 1599 636 1632 locus
662 1598 806 1632 declivis
833 1608 867 1632 et
897 1611 1044 1644 pronus.
1077 1599 1145 1631 Via

466 1652 570 1686 Sacra
604 1651 786 1686 dicebatur
814 1665 853 1685 ea
878 1665 954 1698 quae
985 1651 1028 1685 ad
1048 1653 1145 1685 Jovis

466 1706 637 1751 templum
664 1706 701 1739 in
724 1705 900 1751 Capitolio
928 1713 1145 1739 exstructum

467 1757 628 1792 ducebat.

520 1814 554 1846 8.
579 1812 793 1859 {rdet-eosque
813 1811 922 1845 codex
944 1812 1022 1844 Vat.
1057 1811 1146 1844 Sunt

466 1865 527 1911 qui
545 1866 662 1911 legant
677 1865 879 1912 Sigeriosqzce
895 1866 1001 1898 modos
1014 1891 1022 1903 ,
1041 1873 1081 1897 ut
1097 1873 1147 1897 est

463 1920 501 1961 in
523 1918 601 1952 Ald.
625 1919 725 1952 Junt.
752 1919 870 1952 Colin.
896 1926 961 1952 etc.
980 1917 1041 1952 sed
1065 1918 1146 1950 Mu-

466 1972 675 2006 sambertius
695 1971 883 2018 legendum
900 1980 1039 2012 censet,
1059 1970 1149 2015 Sige-

466 2028 588 2072 riosque
612 2025 724 2065 modo,
754 2024 790 2058 id
818 2034 869 2058 est
894 2033 1031 2058 tantum
1056 2024 1148 2069 Sige-

465 2079 556 2118 rios,
587 2079 659 2112 sive
682 2078 772 2111 nihil
802 2077 899 2111 aliud
919 2091 1019 2122 sonas
1039 2090 1146 2123 quam

465 2132 617 2178 Sigerios
634 2141 668 2165 et
687 2132 906 2165 Parthenios.
923 2132 1141 2176 ——Sigerios-

466 2200 536 2231 que,
557 2193 624 2219 etc.
639 2186 691 2218 Ex
705 2185 799 2219 Suet.
820 2185 856 2217 in
874 2185 1007 2219 Domit.
1029 2197 1059 2218 e.
1086 2196 1142 2229 17,

465 2248 500 2272 et
518 2251 560 2272 ex
569 2240 699 2272 Nostro
715 2238 835 2271 multis
845 2239 882 2271 in
895 2239 979 2271 locis
994 2238 1122 2271 scimus
1134 2262 1144 2277 ‚

466 2292 697 2325 Parthenium
743 2292 1000 2326 cubicularium
1039 2291 1143 2323 fnisse

467 2345 674 2386 Domitiani,
687 2345 743 2379 cui
758 2345 965 2390 Xiphilinus
978 2344 1143 2378 comitem

1201 693 1262 726 dat
1281 693 1465 739 Sigerium.
1486 716 1538 721 —-
1557 695 1675 729 illei-os.
1693 695 1737 729 Id
1757 706 1806 731 est
1827 699 1881 730 ni-

1202 747 1255 780 hil
1285 748 1352 780 nisi
1381 748 1609 781 Parthenium
1640 758 1674 783 et
1708 749 1881 795 Sigerium

1202 800 1307 833 habes
1324 801 1359 833 in
1377 814 1438 834 ore
1449 826 1458 842 ‚
1473 810 1511 834 ut
1530 801 1649 835 aulicis
1664 802 1882 836 familiariter

1202 853 1254 886 uti
1275 852 1435 887 videaris.
1453 855 1585 888 Gallice
1601 868 1668 889 vox
1679 869 1744 901 pm·
1758 856 1882 890 eodem

1204 919 1306 939 sensu
1334 907 1521 952 aliquando
1549 909 1720 950 sumitur3
1750 923 1787 942 en
1803 923 1883 955 pure

1199 968 1287 1005 perte
1303 988 1311 1000 ‚
1337 969 1402 993 etc.
1421 969 1486 993 etc·
1506 961 1651 1002 Cicero,
1666 962 1727 995 lib.
1746 963 1799 995 IX
1813 989 1821 1004 ,
1838 963 1881 995 ad

1204 1013 1360 1046 Atticum
1375 1038 1384 1051 ,
1406 1014 1504 1059 epist.
1530 1014 1573 1048 15
1588 1041 1597 1057 ,
1612 1015 1648 1048 in
1666 1015 1735 1048 fine
1751 1027 1759 1048 :
1782 1033 1795 1045 ιι
1814 1017 1883 1048 Do-

1202 1067 1327 1099 labella
1363 1067 1431 1100 suis
1468 1067 1579 1101 literis
1614 1068 1732 1102 idibus
1765 1068 1884 1102 Martii

1204 1118 1294 1153 datis
1323 1133 1437 1152 merum
1470 1121 1602 1154 bellum
1636 1121 1817 1167 loquitur3
1850 1130 1884 1155 et

1206 1172 1391 1212 Horatius,
1411 1175 1427 1206 I
1440 1200 1448 1215 ‚
1466 1174 1566 1219 epist.
1588 1187 1606 1219 *7
1628 1187 1635 1207 :
1664 1192 1676 1203 «
1697 1175 1748 1208 Ex
1767 1174 1883 1208 nitido

1205 1226 1244 1259 fit
1260 1227 1409 1260 rusticus
1424 1253 1432 1267 ‚
1454 1235 1557 1272 atque
1576 1229 1695 1261 Sulcos
1712 1236 1745 1261 et
1767 1228 1883 1262 vineta

1205 1288 1323 1324 crepat
1342 1293 1436 1313 mera.
1454 1297 1468 1310 n
1486 1280 1542 1314 Sic
1564 1289 1597 1314 et
1615 1281 1806 1323 Martialis,
1819 1281 1883 1314 lib.

1205 1332 1277 1365 VH
1292 1355 1302 1370 a
1324 1333 1434 1378 epigr.
1458 1346 1528 1366 LIII
1552 1347 1560 1366 :
1583 1352 1595 1363 «ι
1616 1333 1763 1379 Semper
1782 1347 1883 1367 mane

1204 1385 1292 1418 mihi
1311 1385 1356 1419 de
1378 1399 1434 1419 me
1455 1400 1537 1419 mera
1559 1387 1696 1420 somnia
1712 1399 1844 1420 narras.
1865 1404 1879 1416 »

1203 1439 1342 1483 Legunt
1357 1439 1416 1472 alii
1429 1466 1436 1478 ,
1454 1439 1653 1486 Sigeriosqne
1667 1439 1773 1472 modos
1788 1467 1797 1480 ‚
1816 1448 1882 1474 etc.

1204 1500 1238 1524 et
1254 1491 1410 1525 Raderus
1428 1493 1678 1538 interpretatur
1689 1493 1885 1526 orationem

1205 1543 1248 1577 ad
1279 1545 1404 1590 Sigerii
1433 1554 1467 1579 et
1495 1546 1676 1579 Parthenii
1702 1559 1802 1579 aures
1829 1559 1882 1579 ac-

1205 1597 1465 1631 commodatam
1483 1625 1492 1640 ,
1523 1611 1591 1644 qua
1623 1599 1767 1632 illorum
1799 1600 1884 1632 ami-

1204 1651 1321 1684 citiam
1364 1652 1429 1684 sibi
1471 1652 1660 1685 conciliare
1699 1660 1884 1685 conaretur

1204 1704 1298 1737 Afer.
1314 1705 1590 1739 Musambertius
1605 1706 1687 1750 legit
1703 1731 1712 1745 ‚
1731 1705 1886 1750 Sigei-los-

1205 1770 1262 1802 que
1277 1757 1368 1790 modo
1380 1785 1388 1797 ,
1410 1758 1477 1791 hoc
1491 1767 1560 1799 est,
1578 1766 1713 1792 tantum
1734 1758 1884 1804 Sigerios

1204 1810 1362 1856 loquitur
1390 1811 1484 1844 Afer.
1509 1812 1576 1844 Hic
1602 1824 1720 1845 sensus
1749 1812 1785 1844 in
1815 1812 1885 1857 pri-

1205 1876 1303 1897 mum
1324 1863 1462 1897 cecidit.

1264 1929 1318 1950 10.
1337 1917 1522 1951 Ardelione.
1542 1918 1575 1951 Is
1592 1929 1718 1963 nempe
1735 1925 1798 1958 est,
1817 1918 1879 1963 qui

1206 1979 1300 2004 totus
1327 1978 1521 2016 occupatur
1544 1970 1581 2003 in
1611 1970 1701 2003 nihil
1721 1969 1857 2016 agendo
1873 1996 1884 2011 ,

1206 2023 1268 2069 qui
1290 2024 1424 2069 ubique
1454 2031 1488 2057 et
1509 2036 1681 2069 nusquam
1709 2033 1770 2057 est.
1799 2022 1884 2056 Vid.

1205 2075 1365 2118 Phaedri,
1387 2077 1450 2110 lib.
1478 2078 1533 2116 II,
1564 2077 1632 2111 fab.
1668 2081 1701 2117 4.
1722 2099 1774 2103 -—
1793 2075 1883 2110 Sene.

1204 2130 1308 2163 Senes
1326 2155 1335 2170 ,
1364 2130 1576 2176 experientia
1605 2129 1717 2163 edocti
1741 2155 1750 2171 ‚
1779 2142 1885 2163 vanas

1202 2196 1279 2228 spes
1298 2191 1331 2216 et
1351 2183 1513 2217 amicitiae
1529 2183 1778 2228 acquisitiones
1799 2183 1886 2215 effu-

1202 2249 1282 2282 gere
1303 2235 1443 2270 debent.
1464 2236 1507 2270 Id
1533 2237 1659 2270 faciant
1679 2248 1761 2270 sane
1787 2237 1884 2281 juve·

1204 2302 1287 2330 nes,
1317 2290 1443 2335 quibus
1479 2289 1595 2323 adhuc
1622 2290 1776 2323 Fortuna
1812 2301 1884 2322 non

1204 2343 1384 2388 imposuit.
