2061 3288
433 219 532 282 396

808 220 871 264 M.
894 220 1036 265 VAL.
1075 222 1467 268 MARTIALIS

502 309 570 353 Ne
595 306 793 353 madidos
821 309 954 353 intret
981 309 1248 370 penetrabile
1279 310 1417 373 frigus
1447 312 1491 356 in
1520 321 1663 369 artus,

573 380 694 423 Neve
724 379 868 441 gravis
895 379 1037 424 subita
1068 389 1110 424 te
1139 391 1311 442 premat
1334 383 1417 427 Iris
1439 399 1564 444 aqua.
1815 413 1846 429 ῃ.

503 448 682 494 Ridebis
705 460 860 495 ventos
881 450 967 494 hoe
993 467 1173 496 munere
1197 462 1336 498 tectus
1358 463 1401 497 et
1420 454 1580 499 imbres
1604 471 1613 497 :

569 521 666 565 Nec
689 521 750 566 sic
780 522 823 566 in
844 522 973 582 Tyria
998 522 1180 567 sindone
1207 533 1327 568 tutus
1351 524 1445 568 eris.

486 674 520 705 9.
548 661 711 696 Madidos.
733 662 799 696 Hic
819 661 976 708 intelligo
997 662 1108 697 madi-

432 713 495 748 dos
524 714 677 758 sudore,
704 724 826 750 contra
850 728 971 750 omnes
1000 716 1109 750 inter-

431 777 611 813 prepretes
629 794 638 810 ‚
667 769 728 815 qui
763 769 965 815 intelligunt
990 769 1110 815 pluvia

433 820 603 855 madidos.
630 822 698 856 En.

489 887 503 908 1
513 887 547 908 0.
560 875 631 909 Iris.
642 875 848 910 Pluviarum
857 875 992 918 nuntia,
1004 889 1109 922 quam

431 927 648 962 existimabat
675 929 798 974 vulgus
823 942 947 975 rapere
966 942 1070 976 aquas
1091 943 1110 964 e

433 981 560 1026 pluviis
586 994 670 1027 quas
689 982 819 1016 iterum
842 982 1028 1017 emitteret.
1052 983 1109 1016 Sic

432 1035 494 1068 lib.
513 1035 602 1074 ΧΠ,
618 1035 727 1081 epigr.
744 1047 849 1077 xxxx,
868 1049 917 1070 vs.
940 1039 960 1070 6
978 1049 987 1070 :
1011 1054 1025 1067 α
1047 1037 1111 1071 Ca-

430 1100 529 1121 suras
560 1088 628 1121 alte
655 1089 704 1122 sie
733 1088 826 1134 rapit
852 1089 918 1122 Iris
948 1102 1052 1135 aquas
1069 1102 1109 1132 »3

433 1149 467 1174 et
488 1141 630 1174 Plautus
656 1141 692 1174 in
708 1142 924 1176 Curculione
947 1156 954 1175 ε
985 1161 998 1173 α
1020 1144 1111 1177 Ecce

432 1202 549 1227 autem
570 1194 660 1228 bibit
682 1207 780 1228 arcus
795 1221 803 1236 ‚
830 1195 954 1241 pluet,
974 1195 1080 1230 credo
1101 1222 1111 1238 ‚

430 1247 548 1281 hodie.
572 1265 585 1277 n
617 1247 711 1282 Vide
737 1256 771 1281 et
796 1249 895 1294 Virg.
923 1250 1050 1295 Georg.
1074 1250 1111 1291 I,

430 1313 535 1334 versu
561 1301 644 1335 380.
667 1302 827 1347 Physicis
854 1311 970 1336 autem
989 1316 1111 1337 recen-

433 1354 582 1387 tiorihus
602 1364 827 1401 compertum
845 1364 914 1396 est,
933 1356 1031 1398 irim,
1049 1369 1110 1390 seu

433 1420 552 1440 arcum
573 1408 743 1442 caelestein
771 1407 878 1442 radiis
904 1409 1002 1451 solis,
1024 1422 1111 1456 quos

432 1470 611 1505 segregant
623 1474 687 1506 per
700 1462 868 1507 analysim
882 1463 1003 1496 imbris
1016 1475 1111 1496 nunc

432 1513 589 1547 cadentis
609 1516 769 1559 guttulae,
787 1523 956 1549 constare.
974 1516 1042 1548 En.

490 1580 501 1599 1
514 1580 545 1601 Ἃ.
563 1567 682 1601 Codex
702 1569 856 1602 Florent.
885 1581 951 1614 pro
980 1569 1110 1602 sindone

1168 663 1273 698 habet
1289 664 1416 699 Sidone.
1432 664 1619 698 Pulmanni
1636 663 1747 699 codex
1759 690 1769 708 ,
1784 668 1848 699 sin-

1168 717 1248 750 done
1269 718 1370 751 cultus
1388 718 1636 752 eris.Ramires.
1653 718 1698 753 de
1713 718 1847 762 Prado‚

1168 771 1298 804 sindone
1328 771 1430 804 nudus
1460 774 1532 805 eris.
1561 772 1583 804 J
1586 771 1709 805 untina
1728 781 1848 806 nostra

1171 823 1205 857 in
1227 824 1384 870 margine
1396 851 1405 867 ‚
1428 824 1558 858 sindone
1576 832 1671 857 tectus
1689 827 1750 857 eris
1757 838 1770 865 ;
1787 824 1849 858 sed

1171 885 1268 910 tectus
1283 886 1516 923 praecesserat.
1535 900 1588 904 —
1603 878 1642 911 In
1664 879 1765 923 Tyria
1782 880 1849 911 sin-

1170 930 1262 964 done.
1280 931 1393 972 Quam
1414 931 1528 965 Julius
1548 931 1671 964 Pollux
1688 957 1697 973 ‚
1718 931 1756 963 in
1784 931 1846 965 lib.

1170 984 1259 1023 VII,
1274 996 1349 1030 cap.
1373 986 1414 1018 16
1426 1010 1435 1026 ,
1456 984 1504 1017 sic
1521 984 1688 1029 explicat:
1705 980 1827 1018 Σινὸὼν
1838 1009 1848 1025 ,

1170 1038 1255 1070 ἔστιν
1269 1037 1437 1082 Αἰγυπτία
1455 1038 1510 1083 μὲν
1520 1063 1529 1079 ,
1544 1036 1744 1083 περιὲό).σιιον
1763 1033 1796 1069 3⁷
1809 1037 1848 1069 ἂν

1170 1090 1229 1126 εἴη,
1247 1092 1283 1124 τὸ
1297 1094 1348 1123 νῦν
1365 1087 1534 1136 ὃὶκρισσον
1549 1091 1761 1136 καλούμενον
1778 1089 1850 1124 Sin-

1171 1143 1235 1175 don
1249 1144 1371 1190 quidem
1383 1152 1430 1176 est
1443 1144 1645 1188 AEgiptiaca
1656 1157 1668 1183 ,·
1683 1143 1848 1176 amiculum

1170 1209 1247 1229 ‘vero
1261 1205 1308 1229 est
1318 1224 1327 1237 ,
1346 1197 1432 1243 quod
1444 1210 1525 1230 nune
1539 1198 1690 1243 utrimque
1698 1195 1848 1241 fimbria-

1175 1257 1238 1283 tum
1254 1259 1379 1283 vocant.
1393 1251 1495 1283 Dicta
1506 1258 1619 1283 autem
1636 1258 1704 1291 est,
1719 1257 1758 1282 ut
1770 1249 1850 1295 opi-

1172 1311 1275 1337 natur
1289 1304 1450 1349 Bayfius,
1465 1303 1546 1349 quia
1561 1304 1717 1349 primum
1737 1302 1773 1335 in
1787 1315 1848 1335 ur-

1172 1357 1217 1390 be
1237 1355 1369 1390 Sidone
1386 1356 1588 1401 hujusmodi
1607 1356 1752 1389 amictus
1771 1355 1849 1388 fleri

1171 1410 1288 1455 coepit.
1311 1410 1551 1451 Quamobrem
1573 1409 1682 1454 Tyria
1708 1421 1727 1441 a
1751 1409 1847 1441 Mar-

1172 1463 1245 1496 tiali
1258 1462 1367 1496 dicta:
1384 1471 1482 1496 erant
1495 1463 1588 1495 enim
1606 1462 1729 1495 vicinae
1742 1462 1847 1494 urbes

1170 1516 1287 1561 Tyrus
1305 1524 1338 1549 et
1354 1515 1475 1549 Sidon.
1488 1515 1572 1549 Yid.
1589 1516 1649 1548 lib.
1661 1516 1714 1556 II,
1735 1514 1845 1560 epigr.

1171 1581 1249 1610 xvr,
1270 1582 1321 1602 vs.
1347 1568 1378 1602 3.

1067 1705 1208 1760 XX.

751 1857 815 1884 DE
855 1855 1132 1885 CAERELLIA
1170 1856 1234 1884 ET
1274 1834 1526 1884 GELLIAf

501 1982 640 2025 DiclT
665 1997 709 2025 se
732 1980 923 2025 vetulam
939 2017 951 2037 ‚
972 1998 1109 2042 quum
1134 1981 1189 2025 sit
1212 1979 1409 2026 Caerellia
1431 1995 1580 2041 puppa
1603 1996 1610 2021 :

570 2054 769 2114 Puppam
795 2069 839 2096 se
864 2052 968 2096 dicit
989 2050 1153 2109 Gellia.
1173 2068 1308 2112 quum
1331 2052 1386 2095 sit
1407 2067 1530 2095 anus.

484 2184 499 2199 *
521 2187 600 2220 Duo
629 2186 666 2220 in
690 2185 826 2220 duabus
852 2186 1002 2220 foeminis
1026 2198 1109 2220 con-

432 2240 536 2273 traria
568 2240 651 2273 vitia
679 2238 931 2286 reprehendit3
959 2239 1108 2273 alterum

432 2293 598 2326 Caerelliae
611 2319 620 2335 ,
638 2306 715 2339 quae
733 2306 844 2339 quum
866 2300 954 2326 esset
969 2305 1088 2339 puppa
1100 2318 1110 2333 ‚

433 2345 470 2378 id
488 2354 539 2379 est
556 2372 565 2387 ‚
585 2345 846 2380 adolescentula
868 2355 903 2379 et
920 2354 1056 2385 tenera,
1075 2358 1111 2378 se

430 2399 585 2432 vetulam
603 2398 742 2434 dicebat
763 2412 771 2433 :
795 2400 946 2433 alterum
971 2399 1111 2438 Gelliae,

433 2464 511 2498 quae
539 2465 650 2497 quum
678 2465 798 2498 reapse
829 2461 916 2486 etset
945 2465 1030 2486 anus
1047 2478 1056 2492 .,
1076 2465 1110 2484 se

433 2506 579 2538 vocabat
600 2518 756 2551 puppam
773 2533 782 2549 ,
809 2515 842 2539 et
866 2515 1021 2539 teneram
1043 2506 1110 2538 fin-

432 2560 533 2603 gebat
562 2567 659 2602 gestu
688 2567 721 2592 et
753 2572 849 2593 voce.
886 2560 1037 2592 Ir'anzt'res.
1060 2579 1111 2583 —

436 2613 555 2657 Pappa.
578 2612 703 2645 Puella,
730 2612 870 2656 Papus,
890 2613 1046 2657 pupulus
1078 2620 1111 2643 et

435 2665 586 2711 pupillus
599 2691 606 2704 ,
629 2665 773 2709 puerilia
792 2675 824 2698 rt
841 2665 980 2698 blandae
997 2665 1111 2709 appel-

1168 2184 1310 2219 lationis
1328 2184 1484 2219 nomina.
1502 2185 1650 2229 Rutgers.
1668 2183 1760 2217 Hinc
1781 2195 1850 2217 vox

1169 2238 1293 2283 gallica
1310 2250 1319 2272 ε
1337 2241 1469 2283 ponpe'e.

1222 2313 1273 2318 -—-
1284 2293 1364 2325 Hoc
1374 2291 1584 2337 epigramma
1595 2288 1771 2335 superiori
1789 2288 1848 2323 ad-

1169 2347 1328 2389 junctum
1347 2344 1476 2389 legitur
1496 2344 1532 2377 in
1552 2342 1706 2376 editione
1725 2341 1849 2376 Schre-

1171 2399 1239 2431 vel.
1263 2411 1346 2432 ann.
1378 2400 1492 2442 1670,
1515 2397 1551 2430 in
1580 2395 1735 2441 ejusdem
1762 2394 1847 2429 edit.

1171 2451 1283 2497 prima
1312 2463 1390 2484 ann.
1426 2451 1547 2491 1656,
1569 2462 1642 2482 non
1668 2449 1764 2481 item.
1789 2448 1850 2481 Ad

1174 2505 1333 2538 Collinum
1347 2517 1430 2537 vero
1451 2503 1658 2537 inscribitur
1675 2503 1711 2534 in
1728 2499 1847 2534 codice

1172 2558 1356 2592 Thuaneo.

1230 2624 1259 2644 1.
1284 2611 1439 2643 (Ilm-elliu
1454 2623 1559 2655 J‘IIJ’J'M
1575 2609 1702 2653 legitur
1719 2608 1845 2640 Rever-

1175 2662 1268 2697 landi
1290 2664 1363 2697 MS.
