<?xml version="1.0" encoding="UTF-8"?>
<!DOCTYPE html PUBLIC "-//W3C//DTD XHTML 1.0 Transitional//EN"
    "http://www.w3.org/TR/xhtml1/DTD/xhtml1-transitional.dtd">
<html xmlns="http://www.w3.org/1999/xhtml" xml:lang="en" lang="en">
 <head>
  <title>
</title>
<meta http-equiv="Content-Type" content="text/html;charset=utf-8" />
  <meta name='ocr-system' content='tesseract 3.04.00' />
  <meta name='ocr-capabilities' content='ocr_page ocr_carea ocr_par ocr_line ocrx_word'/>
</head>
<body>
  <div class='ocr_page' id='page_1' title='image "./epigrammata01martuoft_0191.png"; bbox 0 0 2061 3288; ppageno 0'>
   <div class='ocr_carea' id='block_1_1' title="bbox 545 212 1159 257">
    <p class='ocr_par' dir='ltr' id='par_1_1' title="bbox 545 212 1159 257">
     <span class='ocr_line' id='line_1_1' title="bbox 545 212 1159 257; baseline -0.002 -2"><span class='ocrx_word' id='word_1_1' title='bbox 545 213 636 256; x_wconf 89' lang='lat' dir='ltr'>DE</span> <span class='ocrx_word' id='word_1_2' title='bbox 672 212 1159 257; x_wconf 85' lang='lat' dir='ltr'>SPECTACULIS.</span> 
     </span>
    </p>
   </div>
   <div class='ocr_carea' id='block_1_2' title="bbox 1496 228 1560 274">
    <p class='ocr_par' dir='ltr' id='par_1_2' title="bbox 1496 228 1560 274">
     <span class='ocr_line' id='line_1_2' title="bbox 1496 228 1560 274; baseline 0 0"><span class='ocrx_word' id='word_1_3' title='bbox 1496 228 1560 274; x_wconf 85' lang='lat'>29</span> 
     </span>
    </p>
   </div>
   <div class='ocr_carea' id='block_1_3' title="bbox 289 299 1267 356">
    <p class='ocr_par' dir='ltr' id='par_1_3' title="bbox 289 299 1267 356">
     <span class='ocr_line' id='line_1_3' title="bbox 289 299 1267 356; baseline -0.003 -9"><span class='ocrx_word' id='word_1_4' title='bbox 289 301 431 347; x_wconf 81' lang='lat' dir='ltr'><strong>Crede</strong></span> <span class='ocrx_word' id='word_1_5' title='bbox 460 301 588 356; x_wconf 79' lang='lat' dir='ltr'>mihi,</span> <span class='ocrx_word' id='word_1_6' title='bbox 611 317 775 345; x_wconf 89' lang='lat' dir='ltr'>numen</span> <span class='ocrx_word' id='word_1_7' title='bbox 805 303 935 346; x_wconf 86' lang='lat' dir='ltr'>sentit</span> <span class='ocrx_word' id='word_1_8' title='bbox 961 311 1004 346; x_wconf 90' lang='lat' dir='ltr'>et</span> <span class='ocrx_word' id='word_1_9' title='bbox 1031 299 1101 345; x_wconf 87' lang='lat' dir='ltr'>ille</span> <span class='ocrx_word' id='word_1_10' title='bbox 1130 310 1267 344; x_wconf 87' lang='lat' dir='ltr'>tuum.</span> 
     </span>
    </p>
   </div>
   <div class='ocr_carea' id='block_1_4' title="bbox 289 399 1238 472">
    <p class='ocr_par' dir='ltr' id='par_1_4' title="bbox 289 399 1238 472">
     <span class='ocr_line' id='line_1_4' title="bbox 289 399 1238 472; baseline -0.001 -17"><span class='ocrx_word' id='word_1_11' title='bbox 289 399 371 455; x_wconf 80' lang='grc' dir='ltr'>Ϊσθι</span> <span class='ocrx_word' id='word_1_12' title='bbox 399 412 492 471; x_wconf 71' lang='grc' dir='ltr'>σάφ’</span> <span class='ocrx_word' id='word_1_13' title='bbox 522 417 572 463; x_wconf 83' lang='grc' dir='ltr'>ὡς</span> <span class='ocrx_word' id='word_1_14' title='bbox 598 409 740 463; x_wconf 63' lang='grc' dir='ltr'>σε’ἕαος</span> <span class='ocrx_word' id='word_1_15' title='bbox 768 419 838 456; x_wconf 78' lang='grc' dir='ltr'>σοῦ</span> <span class='ocrx_word' id='word_1_16' title='bbox 867 430 932 472; x_wconf 88' lang='grc' dir='ltr'>μιν</span> <span class='ocrx_word' id='word_1_17' title='bbox 961 411 1106 461; x_wconf 74' lang='grc' dir='ltr'>ἐπῆλθε</span> <span class='ocrx_word' id='word_1_18' title='bbox 1133 405 1238 462; x_wconf 77' lang='grc' dir='ltr'>δέος.</span> 
     </span>
    </p>
   </div>
   <div class='ocr_carea' id='block_1_5' title="bbox 145 539 825 1424">
    <p class='ocr_par' dir='ltr' id='par_1_5' title="bbox 146 539 825 1316">
     <span class='ocr_line' id='line_1_5' title="bbox 148 539 824 585; baseline -0.001 -11"><span class='ocrx_word' id='word_1_19' title='bbox 148 540 202 574; x_wconf 82' lang='lat' dir='ltr'>rio</span> <span class='ocrx_word' id='word_1_20' title='bbox 224 539 430 582; x_wconf 86' lang='lat' dir='ltr'>Victorino,</span> <span class='ocrx_word' id='word_1_21' title='bbox 459 539 637 585; x_wconf 85' lang='lat' dir='ltr'>Sosipatro</span> <span class='ocrx_word' id='word_1_22' title='bbox 666 539 800 574; x_wconf 86' lang='lat' dir='ltr'>Carisio</span> <span class='ocrx_word' id='word_1_23' title='bbox 815 565 824 580; x_wconf 95' lang='lat'>‚</span> 
     </span>
     <span class='ocr_line' id='line_1_6' title="bbox 150 592 823 639; baseline -0.001 -13"><span class='ocrx_word' id='word_1_24' title='bbox 150 602 184 628; x_wconf 64' lang='lat' dir='ltr'>tt</span> <span class='ocrx_word' id='word_1_25' title='bbox 196 593 308 627; x_wconf 90' lang='lat' dir='ltr'>obviis</span> <span class='ocrx_word' id='word_1_26' title='bbox 322 601 504 639; x_wconf 85' lang='lat' dir='ltr'>poetarum</span> <span class='ocrx_word' id='word_1_27' title='bbox 520 592 685 639; x_wconf 77' lang='lat' dir='ltr'>exemplis</span> <span class='ocrx_word' id='word_1_28' title='bbox 703 593 823 638; x_wconf 83' lang='lat' dir='ltr'>petita.</span> 
     </span>
     <span class='ocr_line' id='line_1_7' title="bbox 148 645 825 692; baseline 0.001 -13"><span class='ocrx_word' id='word_1_29' title='bbox 148 668 201 673; x_wconf 88' lang='lat'>—</span> <span class='ocrx_word' id='word_1_30' title='bbox 216 646 287 679; x_wconf 84' lang='lat' dir='ltr'>Nos</span> <span class='ocrx_word' id='word_1_31' title='bbox 312 646 360 680; x_wconf 90' lang='lat' dir='ltr'>sic</span> <span class='ocrx_word' id='word_1_32' title='bbox 380 645 703 692; x_wconf 80' lang='lat' dir='ltr'>interpungendum</span> <span class='ocrx_word' id='word_1_33' title='bbox 730 646 825 680; x_wconf 87' lang='lat' dir='ltr'>hunc</span> 
     </span>
     <span class='ocr_line' id='line_1_8' title="bbox 148 698 825 745; baseline 0 -13"><span class='ocrx_word' id='word_1_34' title='bbox 148 699 262 733; x_wconf 88' lang='lat' dir='ltr'>locum</span> <span class='ocrx_word' id='word_1_35' title='bbox 292 699 512 740; x_wconf 86' lang='lat' dir='ltr'>censuimus,</span> <span class='ocrx_word' id='word_1_36' title='bbox 538 712 582 732; x_wconf 90' lang='lat' dir='ltr'>ne</span> <span class='ocrx_word' id='word_1_37' title='bbox 609 698 737 745; x_wconf 81' lang='lat' dir='ltr'>duplex</span> <span class='ocrx_word' id='word_1_38' title='bbox 765 712 825 732; x_wconf 90' lang='lat' dir='ltr'>ne-</span> 
     </span>
     <span class='ocr_line' id='line_1_9' title="bbox 148 751 822 797; baseline 0.003 -13"><span class='ocrx_word' id='word_1_39' title='bbox 148 752 240 797; x_wconf 79' lang='lat' dir='ltr'>gatio</span> <span class='ocrx_word' id='word_1_40' title='bbox 270 752 307 785; x_wconf 86' lang='lat' dir='ltr'>in</span> <span class='ocrx_word' id='word_1_41' title='bbox 334 752 604 786; x_wconf 81' lang='lat' dir='ltr'>affirmationem</span> <span class='ocrx_word' id='word_1_42' title='bbox 637 751 822 786; x_wconf 81' lang='lat' dir='ltr'>desineret.</span> 
     </span>
     <span class='ocr_line' id='line_1_10' title="bbox 147 805 824 846; baseline 0.001 -9"><span class='ocrx_word' id='word_1_43' title='bbox 147 805 214 837; x_wconf 83' lang='lat' dir='ltr'>En.</span> <span class='ocrx_word' id='word_1_44' title='bbox 227 805 386 839; x_wconf 82' lang='lat' dir='ltr'>—Nullo</span> <span class='ocrx_word' id='word_1_45' title='bbox 400 805 538 839; x_wconf 81' lang='lat' dir='ltr'>docente.</span> <span class='ocrx_word' id='word_1_46' title='bbox 554 805 640 846; x_wconf 85' lang='lat' dir='ltr'>Alii,</span> <span class='ocrx_word' id='word_1_47' title='bbox 651 805 698 839; x_wconf 88' lang='lat' dir='ltr'>sic</span> <span class='ocrx_word' id='word_1_48' title='bbox 717 806 824 838; x_wconf 88' lang='lat' dir='ltr'>inter-</span> 
     </span>
     <span class='ocr_line' id='line_1_11' title="bbox 147 858 823 903; baseline 0.003 -13"><span class='ocrx_word' id='word_1_49' title='bbox 147 867 340 903; x_wconf 87' lang='lat' dir='ltr'>pungentes</span> <span class='ocrx_word' id='word_1_50' title='bbox 360 858 457 892; x_wconf 86' lang='lat' dir='ltr'>hunc</span> <span class='ocrx_word' id='word_1_51' title='bbox 475 858 590 891; x_wconf 89' lang='lat' dir='ltr'>locum</span> <span class='ocrx_word' id='word_1_52' title='bbox 611 876 624 888; x_wconf 72' lang='grc' dir='ltr'><strong>α</strong></span> <span class='ocrx_word' id='word_1_53' title='bbox 643 859 723 892; x_wconf 91' lang='lat' dir='ltr'>Non</span> <span class='ocrx_word' id='word_1_54' title='bbox 742 858 823 892; x_wconf 82' lang='lat' dir='ltr'>facit</span> 
     </span>
     <span class='ocr_line' id='line_1_12' title="bbox 147 910 822 957; baseline 0 -13"><span class='ocrx_word' id='word_1_55' title='bbox 147 910 216 944; x_wconf 91' lang='lat' dir='ltr'>hoc</span> <span class='ocrx_word' id='word_1_56' title='bbox 230 913 360 956; x_wconf 85' lang='lat' dir='ltr'>jussus,</span> <span class='ocrx_word' id='word_1_57' title='bbox 382 911 551 957; x_wconf 90' lang='lat' dir='ltr'>nulloque</span> <span class='ocrx_word' id='word_1_58' title='bbox 575 910 723 945; x_wconf 83' lang='lat' dir='ltr'>docente</span> <span class='ocrx_word' id='word_1_59' title='bbox 749 924 822 945; x_wconf 85' lang='lat' dir='ltr'>ma-</span> 
     </span>
     <span class='ocr_line' id='line_1_13' title="bbox 146 963 822 1011; baseline 0.001 -14"><span class='ocrx_word' id='word_1_60' title='bbox 146 963 277 1009; x_wconf 81' lang='lat' dir='ltr'>gistr03</span> <span class='ocrx_word' id='word_1_61' title='bbox 297 981 310 993; x_wconf 76' lang='lat' dir='ltr'>n</span> <span class='ocrx_word' id='word_1_62' title='bbox 336 965 384 998; x_wconf 90' lang='lat' dir='ltr'>sic</span> <span class='ocrx_word' id='word_1_63' title='bbox 400 965 601 1011; x_wconf 86' lang='lat' dir='ltr'>intelligunt</span> <span class='ocrx_word' id='word_1_64' title='bbox 619 978 626 997; x_wconf 73' lang='grc' dir='ltr'>ε</span> <span class='ocrx_word' id='word_1_65' title='bbox 647 965 742 998; x_wconf 85' lang='lat' dir='ltr'>Facit</span> <span class='ocrx_word' id='word_1_66' title='bbox 753 965 822 998; x_wconf 80' lang='lat' dir='ltr'>hoe.</span> 
     </span>
     <span class='ocr_line' id='line_1_14' title="bbox 146 1017 821 1063; baseline 0.004 -14"><span class='ocrx_word' id='word_1_67' title='bbox 146 1029 218 1050; x_wconf 91' lang='lat' dir='ltr'>non</span> <span class='ocrx_word' id='word_1_68' title='bbox 245 1029 264 1050; x_wconf 84' lang='lat' dir='ltr'>a</span> <span class='ocrx_word' id='word_1_69' title='bbox 285 1017 450 1062; x_wconf 87' lang='lat' dir='ltr'>magistro</span> <span class='ocrx_word' id='word_1_70' title='bbox 469 1019 581 1063; x_wconf 86' lang='lat' dir='ltr'>jussus</span> <span class='ocrx_word' id='word_1_71' title='bbox 602 1026 635 1051; x_wconf 88' lang='lat' dir='ltr'>et</span> <span class='ocrx_word' id='word_1_72' title='bbox 653 1017 795 1052; x_wconf 89' lang='lat' dir='ltr'>edoctus</span> <span class='ocrx_word' id='word_1_73' title='bbox 811 1044 821 1060; x_wconf 91' lang='lat'>,</span> 
     </span>
     <span class='ocr_line' id='line_1_15' title="bbox 149 1070 823 1116; baseline 0.003 -14"><span class='ocrx_word' id='word_1_74' title='bbox 149 1078 186 1104; x_wconf 90' lang='lat' dir='ltr'>ut</span> <span class='ocrx_word' id='word_1_75' title='bbox 199 1070 281 1103; x_wconf 81' lang='lat' dir='ltr'>alibi</span> <span class='ocrx_word' id='word_1_76' title='bbox 299 1070 498 1116; x_wconf 84' lang='lat' dir='ltr'>elephantes</span> <span class='ocrx_word' id='word_1_77' title='bbox 510 1097 518 1111; x_wconf 92' lang='lat'>‚</span> <span class='ocrx_word' id='word_1_78' title='bbox 535 1083 600 1104; x_wconf 86' lang='lat' dir='ltr'>nec</span> <span class='ocrx_word' id='word_1_79' title='bbox 618 1079 733 1104; x_wconf 81' lang='lat' dir='ltr'>tamen</span> <span class='ocrx_word' id='word_1_80' title='bbox 749 1071 823 1104; x_wconf 88' lang='lat' dir='ltr'>sine</span> 
     </span>
     <span class='ocr_line' id='line_1_16' title="bbox 146 1122 822 1170; baseline 0.004 -15"><span class='ocrx_word' id='word_1_81' title='bbox 146 1123 312 1168; x_wconf 82' lang='lat' dir='ltr'>magistro</span> <span class='ocrx_word' id='word_1_82' title='bbox 326 1149 335 1165; x_wconf 90' lang='lat'>‚</span> <span class='ocrx_word' id='word_1_83' title='bbox 354 1122 415 1156; x_wconf 87' lang='lat' dir='ltr'>sed</span> <span class='ocrx_word' id='word_1_84' title='bbox 436 1124 554 1170; x_wconf 85' lang='lat' dir='ltr'>aliquo</span> <span class='ocrx_word' id='word_1_85' title='bbox 573 1125 738 1170; x_wconf 83' lang='lat' dir='ltr'>magistro</span> <span class='ocrx_word' id='word_1_86' title='bbox 758 1123 822 1157; x_wconf 87' lang='lat' dir='ltr'>do·</span> 
     </span>
     <span class='ocr_line' id='line_1_17' title="bbox 146 1177 822 1222; baseline 0.003 -14"><span class='ocrx_word' id='word_1_87' title='bbox 146 1184 266 1218; x_wconf 90' lang='lat' dir='ltr'>cente;</span> <span class='ocrx_word' id='word_1_88' title='bbox 286 1189 414 1222; x_wconf 85' lang='lat' dir='ltr'>nempe</span> <span class='ocrx_word' id='word_1_89' title='bbox 428 1177 570 1210; x_wconf 87' lang='lat' dir='ltr'>numine</span> <span class='ocrx_word' id='word_1_90' title='bbox 585 1186 646 1211; x_wconf 89' lang='lat' dir='ltr'>tuo</span> <span class='ocrx_word' id='word_1_91' title='bbox 657 1205 665 1219; x_wconf 95' lang='lat'>‚</span> <span class='ocrx_word' id='word_1_92' title='bbox 688 1179 822 1219; x_wconf 84' lang='lat' dir='ltr'>Caesar,</span> 
     </span>
     <span class='ocr_line' id='line_1_18' title="bbox 146 1227 821 1276; baseline 0.004 -15"><span class='ocrx_word' id='word_1_93' title='bbox 146 1227 242 1273; x_wconf 91' lang='lat' dir='ltr'>quod</span> <span class='ocrx_word' id='word_1_94' title='bbox 255 1229 306 1262; x_wconf 90' lang='lat' dir='ltr'>illi</span> <span class='ocrx_word' id='word_1_95' title='bbox 325 1242 390 1275; x_wconf 88' lang='lat' dir='ltr'>pro</span> <span class='ocrx_word' id='word_1_96' title='bbox 404 1230 570 1275; x_wconf 82' lang='lat' dir='ltr'>magistro</span> <span class='ocrx_word' id='word_1_97' title='bbox 587 1239 654 1273; x_wconf 89' lang='lat' dir='ltr'>est,</span> <span class='ocrx_word' id='word_1_98' title='bbox 675 1239 708 1264; x_wconf 91' lang='lat' dir='ltr'>et</span> <span class='ocrx_word' id='word_1_99' title='bbox 724 1229 821 1276; x_wconf 88' lang='lat' dir='ltr'>quod</span> 
     </span>
     <span class='ocr_line' id='line_1_19' title="bbox 146 1281 339 1316; baseline 0.005 -3"><span class='ocrx_word' id='word_1_100' title='bbox 146 1281 204 1315; x_wconf 90' lang='lat' dir='ltr'>ille</span> <span class='ocrx_word' id='word_1_101' title='bbox 222 1282 339 1316; x_wconf 88' lang='lat' dir='ltr'>sentit.</span> 
     </span>
    </p>

    <p class='ocr_par' dir='ltr' id='par_1_6' title="bbox 145 1334 825 1424">
     <span class='ocr_line' id='line_1_20' title="bbox 202 1334 825 1374; baseline 0 -6"><span class='ocrx_word' id='word_1_102' title='bbox 202 1337 235 1374; x_wconf 76' lang='grc'>4.</span> <span class='ocrx_word' id='word_1_103' title='bbox 266 1334 357 1368; x_wconf 92' lang='lat' dir='ltr'>Cod.</span> <span class='ocrx_word' id='word_1_104' title='bbox 385 1335 486 1370; x_wconf 90' lang='lat' dir='ltr'>Bodl.</span> <span class='ocrx_word' id='word_1_105' title='bbox 509 1344 647 1369; x_wconf 80' lang='lat' dir='ltr'>nostrum</span> <span class='ocrx_word' id='word_1_106' title='bbox 674 1339 768 1369; x_wconf 80' lang='lat' dir='ltr'>sentit</span> <span class='ocrx_word' id='word_1_107' title='bbox 793 1345 825 1369; x_wconf 82' lang='lat' dir='ltr'>et</span> 
     </span>
     <span class='ocr_line' id='line_1_21' title="bbox 145 1387 824 1424; baseline 0.007 -5"><span class='ocrx_word' id='word_1_108' title='bbox 145 1387 198 1420; x_wconf 77' lang='lat' dir='ltr'>ille</span> <span class='ocrx_word' id='word_1_109' title='bbox 214 1387 321 1422; x_wconf 72' lang='lat' dir='ltr'>Jovem</span> <span class='ocrx_word' id='word_1_110' title='bbox 334 1401 346 1422; x_wconf 91' lang='lat'><em>:</em></span> <span class='ocrx_word' id='word_1_111' title='bbox 365 1387 447 1424; x_wconf 84' lang='lat' dir='ltr'>cod.</span> <span class='ocrx_word' id='word_1_112' title='bbox 466 1388 632 1424; x_wconf 88' lang='lat' dir='ltr'>Scriverii</span> <span class='ocrx_word' id='word_1_113' title='bbox 647 1401 728 1424; x_wconf 91' lang='lat' dir='ltr'>cum</span> <span class='ocrx_word' id='word_1_114' title='bbox 748 1389 824 1424; x_wconf 87' lang='lat' dir='ltr'>Flo·</span> 
     </span>
    </p>
   </div>
   <div class='ocr_carea' id='block_1_6' title="bbox 881 538 1563 1424">
    <p class='ocr_par' dir='ltr' id='par_1_7' title="bbox 881 538 1563 1424">
     <span class='ocr_line' id='line_1_22' title="bbox 885 538 1561 573; baseline 0.001 -1"><span class='ocrx_word' id='word_1_115' title='bbox 885 547 972 573; x_wconf 89' lang='lat' dir='ltr'>rent.</span> <span class='ocrx_word' id='word_1_116' title='bbox 991 547 1025 573; x_wconf 88' lang='lat' dir='ltr'>et</span> <span class='ocrx_word' id='word_1_117' title='bbox 1040 538 1183 572; x_wconf 83' lang='lat' dir='ltr'>Thuan.</span> <span class='ocrx_word' id='word_1_118' title='bbox 1201 547 1339 572; x_wconf 78' lang='lat' dir='ltr'>nostrum</span> <span class='ocrx_word' id='word_1_119' title='bbox 1353 541 1447 572; x_wconf 83' lang='lat' dir='ltr'>sentit</span> <span class='ocrx_word' id='word_1_120' title='bbox 1460 548 1491 572; x_wconf 86' lang='lat' dir='ltr'>et</span> <span class='ocrx_word' id='word_1_121' title='bbox 1509 540 1561 573; x_wconf 80' lang='lat' dir='ltr'>tlte</span> 
     </span>
     <span class='ocr_line' id='line_1_23' title="bbox 887 591 1560 637; baseline 0.003 -13"><span class='ocrx_word' id='word_1_122' title='bbox 887 593 1008 632; x_wconf 82' lang='lat' dir='ltr'>Deum,</span> <span class='ocrx_word' id='word_1_123' title='bbox 1028 591 1050 625; x_wconf 92' lang='lat' dir='ltr'>i.</span> <span class='ocrx_word' id='word_1_124' title='bbox 1074 604 1102 625; x_wconf 92' lang='lat' dir='ltr'>e.</span> <span class='ocrx_word' id='word_1_125' title='bbox 1121 591 1395 626; x_wconf 85' lang='lat' dir='ltr'>Caesarem.Vid.</span> <span class='ocrx_word' id='word_1_126' title='bbox 1417 593 1479 626; x_wconf 92' lang='lat' dir='ltr'>lib.</span> <span class='ocrx_word' id='word_1_127' title='bbox 1503 594 1560 637; x_wconf 81' lang='grc' dir='ltr'>ΙΙ,</span> 
     </span>
     <span class='ocr_line' id='line_1_24' title="bbox 884 645 1558 691; baseline 0 -12"><span class='ocrx_word' id='word_1_128' title='bbox 884 645 976 691; x_wconf 88' lang='lat' dir='ltr'>epig.</span> <span class='ocrx_word' id='word_1_129' title='bbox 991 645 1258 687; x_wconf 80' lang='lat' dir='ltr'>xxxx31ib.VII,</span> <span class='ocrx_word' id='word_1_130' title='bbox 1273 657 1389 679; x_wconf 78' lang='lat' dir='ltr'>xxxn1</span> <span class='ocrx_word' id='word_1_131' title='bbox 1399 658 1407 687; x_wconf 91' lang='lat'>;</span> <span class='ocrx_word' id='word_1_132' title='bbox 1419 654 1453 679; x_wconf 89' lang='lat' dir='ltr'>et</span> <span class='ocrx_word' id='word_1_133' title='bbox 1462 645 1558 679; x_wconf 82' lang='lat' dir='ltr'>Suet.</span> 
     </span>
     <span class='ocr_line' id='line_1_25' title="bbox 883 698 1563 732; baseline 0 0"><span class='ocrx_word' id='word_1_134' title='bbox 883 699 919 732; x_wconf 89' lang='lat' dir='ltr'>in</span> <span class='ocrx_word' id='word_1_135' title='bbox 943 699 1070 732; x_wconf 87' lang='lat' dir='ltr'>Domit.</span> <span class='ocrx_word' id='word_1_136' title='bbox 1100 715 1113 727; x_wconf 74' lang='lat' dir='ltr'>a</span> <span class='ocrx_word' id='word_1_137' title='bbox 1135 698 1310 732; x_wconf 86' lang='lat' dir='ltr'>Dominus</span> <span class='ocrx_word' id='word_1_138' title='bbox 1331 707 1363 732; x_wconf 91' lang='lat' dir='ltr'>et</span> <span class='ocrx_word' id='word_1_139' title='bbox 1385 700 1480 732; x_wconf 86' lang='lat' dir='ltr'>Deus</span> <span class='ocrx_word' id='word_1_140' title='bbox 1499 712 1563 732; x_wconf 89' lang='lat' dir='ltr'>no-</span> 
     </span>
     <span class='ocr_line' id='line_1_26' title="bbox 882 749 1561 797; baseline 0 -12"><span class='ocrx_word' id='word_1_141' title='bbox 882 760 952 786; x_wconf 87' lang='lat' dir='ltr'>ster</span> <span class='ocrx_word' id='word_1_142' title='bbox 985 752 1032 785; x_wconf 88' lang='lat' dir='ltr'>sic</span> <span class='ocrx_word' id='word_1_143' title='bbox 1066 749 1144 785; x_wconf 87' lang='lat' dir='ltr'>fieri</span> <span class='ocrx_word' id='word_1_144' title='bbox 1170 752 1284 797; x_wconf 88' lang='lat' dir='ltr'>jubet.</span> <span class='ocrx_word' id='word_1_145' title='bbox 1316 769 1329 782; x_wconf 65' lang='grc' dir='ltr'><strong>υ</strong></span> <span class='ocrx_word' id='word_1_146' title='bbox 1359 773 1412 778; x_wconf 90' lang='lat'>—</span> <span class='ocrx_word' id='word_1_147' title='bbox 1436 753 1561 786; x_wconf 80' lang='lat' dir='ltr'>Numen</span> 
     </span>
     <span class='ocr_line' id='line_1_27' title="bbox 882 804 1563 850; baseline 0.003 -13"><span class='ocrx_word' id='word_1_148' title='bbox 882 807 985 838; x_wconf 80' lang='lat' dir='ltr'>sentit.</span> <span class='ocrx_word' id='word_1_149' title='bbox 1003 804 1151 838; x_wconf 83' lang='lat' dir='ltr'>Sensum</span> <span class='ocrx_word' id='word_1_150' title='bbox 1161 805 1338 850; x_wconf 85' lang='lat' dir='ltr'>religionis</span> <span class='ocrx_word' id='word_1_151' title='bbox 1353 805 1483 839; x_wconf 87' lang='lat' dir='ltr'>habere</span> <span class='ocrx_word' id='word_1_152' title='bbox 1495 805 1563 839; x_wconf 86' lang='lat' dir='ltr'>ele-</span> 
     </span>
     <span class='ocr_line' id='line_1_28' title="bbox 881 856 1561 903; baseline 0.003 -12"><span class='ocrx_word' id='word_1_153' title='bbox 881 858 1031 903; x_wconf 86' lang='lat' dir='ltr'>phantos</span> <span class='ocrx_word' id='word_1_154' title='bbox 1063 857 1148 891; x_wconf 86' lang='lat' dir='ltr'>falso</span> <span class='ocrx_word' id='word_1_155' title='bbox 1182 856 1287 892; x_wconf 89' lang='lat' dir='ltr'>docet</span> <span class='ocrx_word' id='word_1_156' title='bbox 1314 858 1471 899; x_wconf 87' lang='lat' dir='ltr'>Plinius,</span> <span class='ocrx_word' id='word_1_157' title='bbox 1498 858 1561 893; x_wconf 90' lang='lat' dir='ltr'>lib.</span> 
     </span>
     <span class='ocr_line' id='line_1_29' title="bbox 883 911 1562 957; baseline 0.003 -14"><span class='ocrx_word' id='word_1_158' title='bbox 883 911 985 953; x_wconf 84' lang='lat' dir='ltr'>VIII,</span> <span class='ocrx_word' id='word_1_159' title='bbox 999 922 1074 956; x_wconf 86' lang='lat' dir='ltr'>cap.</span> <span class='ocrx_word' id='word_1_160' title='bbox 1092 923 1103 944; x_wconf 93' lang='lat'>1</span> <span class='ocrx_word' id='word_1_161' title='bbox 1114 923 1122 944; x_wconf 76' lang='lat' dir='ltr'>t</span> <span class='ocrx_word' id='word_1_162' title='bbox 1135 928 1148 940; x_wconf 87' lang='lat'>«</span> <span class='ocrx_word' id='word_1_163' title='bbox 1161 911 1295 957; x_wconf 81' lang='lat' dir='ltr'>Religio</span> <span class='ocrx_word' id='word_1_164' title='bbox 1312 924 1455 957; x_wconf 88' lang='lat' dir='ltr'>quoque</span> <span class='ocrx_word' id='word_1_165' title='bbox 1470 911 1562 946; x_wconf 87' lang='lat' dir='ltr'>side-</span> 
     </span>
     <span class='ocr_line' id='line_1_30' title="bbox 882 964 1560 1010; baseline 0.003 -13"><span class='ocrx_word' id='word_1_166' title='bbox 882 977 959 997; x_wconf 89' lang='lat' dir='ltr'>rum</span> <span class='ocrx_word' id='word_1_167' title='bbox 978 964 1135 1010; x_wconf 89' lang='lat' dir='ltr'>Solisque</span> <span class='ocrx_word' id='word_1_168' title='bbox 1152 977 1190 998; x_wconf 83' lang='lat' dir='ltr'>ac</span> <span class='ocrx_word' id='word_1_169' title='bbox 1206 965 1317 998; x_wconf 81' lang='lat' dir='ltr'>Lunae</span> <span class='ocrx_word' id='word_1_170' title='bbox 1334 965 1514 999; x_wconf 84' lang='lat' dir='ltr'>veneratio</span> <span class='ocrx_word' id='word_1_171' title='bbox 1529 977 1560 1008; x_wconf 85' lang='lat'>»;</span> 
     </span>
     <span class='ocr_line' id='line_1_31' title="bbox 881 1017 1561 1064; baseline 0.003 -14"><span class='ocrx_word' id='word_1_172' title='bbox 881 1030 1008 1063; x_wconf 85' lang='lat' dir='ltr'>nempe</span> <span class='ocrx_word' id='word_1_173' title='bbox 1034 1026 1085 1051; x_wconf 82' lang='lat' dir='ltr'>est</span> <span class='ocrx_word' id='word_1_174' title='bbox 1112 1017 1318 1064; x_wconf 79' lang='lat' dir='ltr'>elephantis.</span> <span class='ocrx_word' id='word_1_175' title='bbox 1338 1018 1561 1052; x_wconf 82' lang='lat' dir='ltr'>Domitianus</span> 
     </span>
     <span class='ocr_line' id='line_1_32' title="bbox 882 1062 1560 1116; baseline 0.003 -13"><span class='ocrx_word' id='word_1_176' title='bbox 882 1083 965 1104; x_wconf 85' lang='lat' dir='ltr'>vero</span> <span class='ocrx_word' id='word_1_177' title='bbox 987 1073 1099 1104; x_wconf 90' lang='lat' dir='ltr'>Deum</span> <span class='ocrx_word' id='word_1_178' title='bbox 1119 1083 1155 1104; x_wconf 86' lang='lat' dir='ltr'>se</span> <span class='ocrx_word' id='word_1_179' title='bbox 1172 1062 1407 1116; x_wconf 68' lang='lat' dir='ltr'>praedicabat,</span> <span class='ocrx_word' id='word_1_180' title='bbox 1432 1072 1489 1105; x_wconf 89' lang='lat' dir='ltr'>cui</span> <span class='ocrx_word' id='word_1_181' title='bbox 1505 1072 1560 1105; x_wconf 90' lang='lat' dir='ltr'>in-</span> 
     </span>
     <span class='ocr_line' id='line_1_33' title="bbox 882 1123 1562 1170; baseline 0.003 -14"><span class='ocrx_word' id='word_1_182' title='bbox 882 1124 1022 1170; x_wconf 86' lang='lat' dir='ltr'>geniose</span> <span class='ocrx_word' id='word_1_183' title='bbox 1039 1123 1219 1158; x_wconf 76' lang='lat' dir='ltr'>blanditur</span> <span class='ocrx_word' id='word_1_184' title='bbox 1236 1125 1363 1167; x_wconf 82' lang='lat' dir='ltr'>Poeta3</span> <span class='ocrx_word' id='word_1_185' title='bbox 1381 1126 1478 1170; x_wconf 89' lang='lat' dir='ltr'>cujus</span> <span class='ocrx_word' id='word_1_186' title='bbox 1495 1138 1562 1158; x_wconf 91' lang='lat' dir='ltr'>nu·</span> 
     </span>
     <span class='ocr_line' id='line_1_34' title="bbox 883 1178 1560 1224; baseline 0.003 -14"><span class='ocrx_word' id='word_1_187' title='bbox 883 1190 962 1210; x_wconf 88' lang='lat' dir='ltr'>men</span> <span class='ocrx_word' id='word_1_188' title='bbox 987 1178 1029 1210; x_wconf 85' lang='lat' dir='ltr'>ab</span> <span class='ocrx_word' id='word_1_189' title='bbox 1050 1178 1234 1223; x_wconf 83' lang='lat' dir='ltr'>elephante</span> <span class='ocrx_word' id='word_1_190' title='bbox 1252 1187 1291 1211; x_wconf 90' lang='lat' dir='ltr'>ut</span> <span class='ocrx_word' id='word_1_191' title='bbox 1305 1190 1324 1211; x_wconf 86' lang='lat' dir='ltr'><strong>a</strong></span> <span class='ocrx_word' id='word_1_192' title='bbox 1341 1179 1475 1224; x_wconf 85' lang='lat' dir='ltr'>populo</span> <span class='ocrx_word' id='word_1_193' title='bbox 1489 1180 1560 1212; x_wconf 91' lang='lat' dir='ltr'>Ro-</span> 
     </span>
     <span class='ocr_line' id='line_1_35' title="bbox 883 1229 1561 1277; baseline 0.003 -14"><span class='ocrx_word' id='word_1_194' title='bbox 883 1242 987 1263; x_wconf 85' lang='lat' dir='ltr'>mano</span> <span class='ocrx_word' id='word_1_195' title='bbox 1004 1229 1142 1264; x_wconf 83' lang='lat' dir='ltr'>adorari</span> <span class='ocrx_word' id='word_1_196' title='bbox 1156 1230 1331 1277; x_wconf 85' lang='lat' dir='ltr'>intelligit.</span> <span class='ocrx_word' id='word_1_197' title='bbox 1343 1231 1399 1265; x_wconf 86' lang='lat' dir='ltr'>Sic</span> <span class='ocrx_word' id='word_1_198' title='bbox 1411 1231 1503 1265; x_wconf 84' lang='lat' dir='ltr'>infra</span> <span class='ocrx_word' id='word_1_199' title='bbox 1517 1231 1561 1265; x_wconf 91' lang='lat' dir='ltr'>de</span> 
     </span>
     <span class='ocr_line' id='line_1_36' title="bbox 882 1282 1559 1330; baseline 0.004 -14"><span class='ocrx_word' id='word_1_200' title='bbox 882 1282 982 1316; x_wconf 78' lang='lat' dir='ltr'>dama</span> <span class='ocrx_word' id='word_1_201' title='bbox 995 1292 1028 1317; x_wconf 88' lang='lat' dir='ltr'>et</span> <span class='ocrx_word' id='word_1_202' title='bbox 1039 1284 1186 1318; x_wconf 85' lang='lat' dir='ltr'>canibus</span> <span class='ocrx_word' id='word_1_203' title='bbox 1197 1309 1206 1324; x_wconf 93' lang='lat'><strong>‚</strong></span> <span class='ocrx_word' id='word_1_204' title='bbox 1216 1285 1328 1330; x_wconf 87' lang='lat' dir='ltr'>epigr.</span> <span class='ocrx_word' id='word_1_205' title='bbox 1341 1297 1453 1319; x_wconf 81' lang='lat' dir='ltr'>xxx11.</span> <span class='ocrx_word' id='word_1_206' title='bbox 1466 1285 1559 1319; x_wconf 84' lang='lat' dir='ltr'>«Nu-</span> 
     </span>
     <span class='ocr_line' id='line_1_37' title="bbox 883 1337 1557 1373; baseline 0.004 -4"><span class='ocrx_word' id='word_1_207' title='bbox 883 1349 964 1370; x_wconf 88' lang='lat' dir='ltr'>men</span> <span class='ocrx_word' id='word_1_208' title='bbox 990 1337 1096 1370; x_wconf 83' lang='lat' dir='ltr'>habet</span> <span class='ocrx_word' id='word_1_209' title='bbox 1114 1338 1228 1372; x_wconf 84' lang='lat' dir='ltr'>Caesar</span> <span class='ocrx_word' id='word_1_210' title='bbox 1242 1365 1249 1371; x_wconf 90' lang='lat'>.</span> <span class='ocrx_word' id='word_1_211' title='bbox 1266 1364 1273 1372; x_wconf 89' lang='lat'>.</span> <span class='ocrx_word' id='word_1_212' title='bbox 1288 1365 1296 1372; x_wconf 86' lang='lat'>.</span> <span class='ocrx_word' id='word_1_213' title='bbox 1319 1338 1460 1373; x_wconf 87' lang='lat' dir='ltr'>mentiri</span> <span class='ocrx_word' id='word_1_214' title='bbox 1485 1351 1557 1372; x_wconf 91' lang='lat' dir='ltr'>non</span> 
     </span>
     <span class='ocr_line' id='line_1_38' title="bbox 883 1388 1174 1424; baseline 0.003 -1"><span class='ocrx_word' id='word_1_215' title='bbox 883 1388 1036 1424; x_wconf 83' lang='lat' dir='ltr'>didicere</span> <span class='ocrx_word' id='word_1_216' title='bbox 1053 1391 1143 1424; x_wconf 85' lang='lat' dir='ltr'>ferae.</span> <span class='ocrx_word' id='word_1_217' title='bbox 1161 1408 1174 1420; x_wconf 71' lang='grc' dir='ltr'>»ι</span> 
     </span>
    </p>
   </div>
   <div class='ocr_carea' id='block_1_7' title="bbox 728 1520 974 1575">
    <p class='ocr_par' dir='ltr' id='par_1_8' title="bbox 728 1520 974 1575">
     <span class='ocr_line' id='line_1_39' title="bbox 728 1520 974 1575; baseline 0 0"><span class='ocrx_word' id='word_1_218' title='bbox 728 1520 974 1575; x_wconf 88' lang='lat' dir='ltr'>XVIII.</span> 
     </span>
    </p>
   </div>
   <div class='ocr_carea' id='block_1_8' title="bbox 175 1668 1530 1702">
    <p class='ocr_par' dir='ltr' id='par_1_9' title="bbox 175 1668 1530 1702">
     <span class='ocr_line' id='line_1_40' title="bbox 175 1668 1530 1702; baseline 0.004 -6"><span class='ocrx_word' id='word_1_219' title='bbox 175 1669 234 1696; x_wconf 87' lang='lat' dir='ltr'>DE</span> <span class='ocrx_word' id='word_1_220' title='bbox 271 1668 465 1698; x_wconf 86' lang='lat' dir='ltr'>TIGRIDE</span> <span class='ocrx_word' id='word_1_221' title='bbox 502 1669 669 1699; x_wconf 86' lang='lat' dir='ltr'>CICURE</span> <span class='ocrx_word' id='word_1_222' title='bbox 709 1670 772 1698; x_wconf 88' lang='lat' dir='ltr'>AD</span> <span class='ocrx_word' id='word_1_223' title='bbox 810 1670 1078 1699; x_wconf 80' lang='lat' dir='ltr'>FERITATEM</span> <span class='ocrx_word' id='word_1_224' title='bbox 1117 1670 1284 1701; x_wconf 87' lang='lat' dir='ltr'>SUBITO</span> <span class='ocrx_word' id='word_1_225' title='bbox 1323 1672 1530 1702; x_wconf 81' lang='lat' dir='ltr'>REVERSA</span> 
     </span>
    </p>
   </div>
   <div class='ocr_carea' id='block_1_9' title="bbox 696 1752 1003 1782">
    <p class='ocr_par' dir='ltr' id='par_1_10' title="bbox 696 1752 1003 1782">
     <span class='ocr_line' id='line_1_41' title="bbox 696 1752 1003 1782; baseline 0 -2"><span class='ocrx_word' id='word_1_226' title='bbox 696 1752 801 1781; x_wconf 90' lang='lat' dir='ltr'>VISO</span> <span class='ocrx_word' id='word_1_227' title='bbox 840 1752 1003 1782; x_wconf 83' lang='lat' dir='ltr'>LEONE.</span> 
     </span>
    </p>
   </div>
   <div class='ocr_carea' id='block_1_10' title="bbox 212 1866 1313 2140">
    <p class='ocr_par' dir='ltr' id='par_1_11' title="bbox 214 1866 1313 1998">
     <span class='ocr_line' id='line_1_42' title="bbox 214 1866 1313 1927; baseline 0.002 -18"><span class='ocrx_word' id='word_1_228' title='bbox 214 1867 443 1910; x_wconf 74' lang='lat' dir='ltr'><strong>LAMBERE</strong></span> <span class='ocrx_word' id='word_1_229' title='bbox 469 1867 609 1910; x_wconf 83' lang='lat' dir='ltr'>securi</span> <span class='ocrx_word' id='word_1_230' title='bbox 632 1866 831 1910; x_wconf 84' lang='lat' dir='ltr'>dextram</span> <span class='ocrx_word' id='word_1_231' title='bbox 855 1876 1065 1910; x_wconf 83' lang='lat' dir='ltr'>consueta</span> <span class='ocrx_word' id='word_1_232' title='bbox 1091 1868 1313 1927; x_wconf 81' lang='lat' dir='ltr'>magistri,</span> 
     </span>
     <span class='ocr_line' id='line_1_43' title="bbox 281 1936 1182 1998; baseline 0.001 -19"><span class='ocrx_word' id='word_1_233' title='bbox 281 1936 444 1997; x_wconf 82' lang='lat' dir='ltr'>Tigris,</span> <span class='ocrx_word' id='word_1_234' title='bbox 468 1937 522 1980; x_wconf 79' lang='lat' dir='ltr'>ab</span> <span class='ocrx_word' id='word_1_235' title='bbox 543 1939 750 1998; x_wconf 69' lang='lat' dir='ltr'>Hyrcano</span> <span class='ocrx_word' id='word_1_236' title='bbox 775 1936 909 1998; x_wconf 83' lang='lat' dir='ltr'>gloria</span> <span class='ocrx_word' id='word_1_237' title='bbox 931 1953 1028 1980; x_wconf 81' lang='lat' dir='ltr'>rara</span> <span class='ocrx_word' id='word_1_238' title='bbox 1047 1937 1155 1997; x_wconf 82' lang='lat' dir='ltr'>jugo</span> <span class='ocrx_word' id='word_1_239' title='bbox 1171 1972 1182 1991; x_wconf 80' lang='grc'>,</span> 
     </span>
    </p>

    <p class='ocr_par' dir='ltr' id='par_1_12' title="bbox 212 2007 1293 2140">
     <span class='ocr_line' id='line_1_44' title="bbox 212 2007 1268 2052; baseline 0 -2"><span class='ocrx_word' id='word_1_240' title='bbox 212 2008 333 2051; x_wconf 85' lang='lat' dir='ltr'>Saeva</span> <span class='ocrx_word' id='word_1_241' title='bbox 354 2007 494 2051; x_wconf 86' lang='lat' dir='ltr'>ferum</span> <span class='ocrx_word' id='word_1_242' title='bbox 519 2008 670 2052; x_wconf 84' lang='lat' dir='ltr'>rabido</span> <span class='ocrx_word' id='word_1_243' title='bbox 692 2007 898 2052; x_wconf 82' lang='lat' dir='ltr'>laceravit</span> <span class='ocrx_word' id='word_1_244' title='bbox 918 2007 1047 2052; x_wconf 87' lang='lat' dir='ltr'>dente</span> <span class='ocrx_word' id='word_1_245' title='bbox 1068 2007 1238 2051; x_wconf 85' lang='lat' dir='ltr'>leonem</span> <span class='ocrx_word' id='word_1_246' title='bbox 1261 2024 1268 2050; x_wconf 95' lang='lat'><strong>:</strong></span> 
     </span>
     <span class='ocr_line' id='line_1_45' title="bbox 281 2078 1293 2140; baseline -0.001 -19"><span class='ocrx_word' id='word_1_247' title='bbox 281 2079 368 2122; x_wconf 87' lang='lat' dir='ltr'>Res</span> <span class='ocrx_word' id='word_1_248' title='bbox 398 2095 538 2136; x_wconf 81' lang='lat' dir='ltr'>nova,</span> <span class='ocrx_word' id='word_1_249' title='bbox 564 2096 654 2123; x_wconf 89' lang='lat' dir='ltr'>non</span> <span class='ocrx_word' id='word_1_250' title='bbox 682 2078 779 2123; x_wconf 82' lang='lat' dir='ltr'>ullis</span> <span class='ocrx_word' id='word_1_251' title='bbox 805 2079 980 2140; x_wconf 81' lang='lat' dir='ltr'>cognita</span> <span class='ocrx_word' id='word_1_252' title='bbox 1008 2078 1293 2140; x_wconf 84' lang='lat' dir='ltr'>temporibus.</span> 
     </span>
    </p>
   </div>
   <div class='ocr_carea' id='block_1_11' title="bbox 212 2188 1217 2333">
    <p class='ocr_par' dir='ltr' id='par_1_13' title="bbox 212 2188 1217 2333">
     <span class='ocr_line' id='line_1_46' title="bbox 212 2188 1137 2263; baseline 0 -20"><span class='ocrx_word' id='word_1_253' title='bbox 212 2188 313 2250; x_wconf 62' lang='lat' dir='ltr'>flue</span> <span class='ocrx_word' id='word_1_254' title='bbox 343 2201 546 2250; x_wconf 79' lang='grc' dir='ltr'>ἐπιςοὶτεω</span> <span class='ocrx_word' id='word_1_255' title='bbox 568 2204 800 2261; x_wconf 75' lang='grc' dir='ltr'>λιχμῆσατο</span> <span class='ocrx_word' id='word_1_256' title='bbox 831 2207 964 2263; x_wconf 77' lang='grc' dir='ltr'>χεῖρας</span> <span class='ocrx_word' id='word_1_257' title='bbox 995 2202 1137 2252; x_wconf 77' lang='grc' dir='ltr'>ἀσινῶς</span> 
     </span>
     <span class='ocr_line' id='line_1_47' title="bbox 281 2261 1217 2333; baseline 0.003 -21"><span class='ocrx_word' id='word_1_258' title='bbox 281 2273 438 2331; x_wconf 73' lang='grc' dir='ltr'>Τῖγρις,</span> <span class='ocrx_word' id='word_1_259' title='bbox 469 2271 536 2330; x_wconf 77' lang='grc' dir='ltr'>ἀφ’</span> <span class='ocrx_word' id='word_1_260' title='bbox 557 2261 742 2332; x_wconf 69' lang='grc' dir='ltr'>Ῠρκανῶν</span> <span class='ocrx_word' id='word_1_261' title='bbox 770 2268 929 2323; x_wconf 76' lang='grc' dir='ltr'>ζακλεὲς</span> <span class='ocrx_word' id='word_1_262' title='bbox 955 2271 1067 2332; x_wconf 75' lang='grc' dir='ltr'>εὖχος</span> <span class='ocrx_word' id='word_1_263' title='bbox 1093 2275 1217 2333; x_wconf 78' lang='grc' dir='ltr'>ὀρῶν,</span> 
     </span>
    </p>
   </div>
   <div class='ocr_carea' id='block_1_12' title="bbox 211 2336 1134 2402">
    <p class='ocr_par' dir='ltr' id='par_1_14' title="bbox 211 2336 1134 2402">
     <span class='ocr_line' id='line_1_48' title="bbox 211 2336 1134 2402; baseline -0.004 -14"><span class='ocrx_word' id='word_1_264' title='bbox 211 2342 357 2402; x_wconf 75' lang='grc' dir='ltr'>Δριμὺν</span> <span class='ocrx_word' id='word_1_265' title='bbox 387 2336 666 2402; x_wconf 74' lang='grc' dir='ltr'>δυσμείλικτος</span> <span class='ocrx_word' id='word_1_266' title='bbox 687 2337 790 2393; x_wconf 67' lang='grc' dir='ltr'>ὀδὰξ</span> <span class='ocrx_word' id='word_1_267' title='bbox 814 2338 945 2394; x_wconf 70' lang='grc' dir='ltr'>ἐδάϊξε</span> <span class='ocrx_word' id='word_1_268' title='bbox 967 2345 1134 2396; x_wconf 78' lang='grc' dir='ltr'>λέοντα,</span> 
     </span>
    </p>
   </div>
   <div class='ocr_carea' id='block_1_13' title="bbox 280 2412 1073 2474">
    <p class='ocr_par' dir='ltr' id='par_1_15' title="bbox 280 2412 1073 2474">
     <span class='ocr_line' id='line_1_49' title="bbox 280 2412 1073 2474; baseline 0.003 -20"><span class='ocrx_word' id='word_1_269' title='bbox 280 2414 430 2470; x_wconf 72' lang='grc' dir='ltr'>Θαῢμα</span> <span class='ocrx_word' id='word_1_270' title='bbox 458 2413 558 2466; x_wconf 79' lang='grc' dir='ltr'>νέον,</span> <span class='ocrx_word' id='word_1_271' title='bbox 583 2418 703 2474; x_wconf 75' lang='grc' dir='ltr'>πολιῇ</span> <span class='ocrx_word' id='word_1_272' title='bbox 726 2415 902 2474; x_wconf 81' lang='grc' dir='ltr'>νώνυμον</span> <span class='ocrx_word' id='word_1_273' title='bbox 930 2412 1073 2474; x_wconf 74' lang='grc' dir='ltr'>ἱςορίῃ.</span> 
     </span>
    </p>
   </div>
   <div class='ocr_carea' id='block_1_14' title="bbox 142 2539 818 2690">
    <p class='ocr_par' dir='ltr' id='par_1_16' title="bbox 142 2539 818 2690">
     <span class='ocr_line' id='line_1_50' title="bbox 197 2539 818 2585; baseline 0.002 -14"><span class='ocrx_word' id='word_1_274' title='bbox 197 2552 230 2572; x_wconf 77' lang='lat'>2.</span> <span class='ocrx_word' id='word_1_275' title='bbox 253 2539 406 2585; x_wconf 67' lang='lat' dir='ltr'>Hyrcano</span> <span class='ocrx_word' id='word_1_276' title='bbox 420 2541 511 2583; x_wconf 73' lang='lat' dir='ltr'>jugo.</span> <span class='ocrx_word' id='word_1_277' title='bbox 536 2539 711 2585; x_wconf 71' lang='lat' dir='ltr'>Hyrcania</span> <span class='ocrx_word' id='word_1_278' title='bbox 728 2539 818 2573; x_wconf 80' lang='lat' dir='ltr'>Asiae</span> 
     </span>
     <span class='ocr_line' id='line_1_51' title="bbox 142 2590 818 2637; baseline 0.003 -14"><span class='ocrx_word' id='word_1_279' title='bbox 142 2591 260 2636; x_wconf 85' lang='lat' dir='ltr'>regio,</span> <span class='ocrx_word' id='word_1_280' title='bbox 279 2590 324 2625; x_wconf 90' lang='lat' dir='ltr'>de</span> <span class='ocrx_word' id='word_1_281' title='bbox 343 2604 409 2637; x_wconf 81' lang='lat' dir='ltr'>qua</span> <span class='ocrx_word' id='word_1_282' title='bbox 433 2592 558 2626; x_wconf 84' lang='lat' dir='ltr'>Strabo</span> <span class='ocrx_word' id='word_1_283' title='bbox 571 2617 581 2634; x_wconf 86' lang='lat'>‚</span> <span class='ocrx_word' id='word_1_284' title='bbox 607 2592 668 2626; x_wconf 92' lang='lat' dir='ltr'>lib.</span> <span class='ocrx_word' id='word_1_285' title='bbox 694 2593 763 2633; x_wconf 87' lang='lat' dir='ltr'>XI,</span> <span class='ocrx_word' id='word_1_286' title='bbox 783 2600 818 2625; x_wconf 86' lang='lat' dir='ltr'>et</span> 
     </span>
     <span class='ocr_line' id='line_1_52' title="bbox 143 2644 816 2690; baseline 0.006 -14"><span class='ocrx_word' id='word_1_287' title='bbox 143 2644 299 2686; x_wconf 88' lang='lat' dir='ltr'>Plinius,</span> <span class='ocrx_word' id='word_1_288' title='bbox 327 2645 390 2678; x_wconf 90' lang='lat' dir='ltr'>lib.</span> <span class='ocrx_word' id='word_1_289' title='bbox 406 2645 477 2688; x_wconf 85' lang='lat' dir='ltr'>VI,</span> <span class='ocrx_word' id='word_1_290' title='bbox 497 2658 571 2690; x_wconf 83' lang='lat' dir='ltr'>cap.</span> <span class='ocrx_word' id='word_1_291' title='bbox 589 2648 609 2680; x_wconf 83' lang='lat'>6</span> <span class='ocrx_word' id='word_1_292' title='bbox 623 2669 631 2683; x_wconf 92' lang='lat'><strong>‚</strong></span> <span class='ocrx_word' id='word_1_293' title='bbox 655 2646 692 2678; x_wconf 91' lang='lat' dir='ltr'>in</span> <span class='ocrx_word' id='word_1_294' title='bbox 718 2647 816 2690; x_wconf 84' lang='lat' dir='ltr'>cujus</span> 
     </span>
    </p>
   </div>
   <div class='ocr_carea' id='block_1_15' title="bbox 877 2539 1553 2691">
    <p class='ocr_par' dir='ltr' id='par_1_17' title="bbox 877 2539 1553 2691">
     <span class='ocr_line' id='line_1_53' title="bbox 877 2539 1549 2584; baseline 0.004 -13"><span class='ocrx_word' id='word_1_295' title='bbox 877 2539 1054 2573; x_wconf 88' lang='lat' dir='ltr'>montibus</span> <span class='ocrx_word' id='word_1_296' title='bbox 1081 2539 1184 2584; x_wconf 85' lang='lat' dir='ltr'>tigres</span> <span class='ocrx_word' id='word_1_297' title='bbox 1209 2548 1292 2573; x_wconf 90' lang='lat' dir='ltr'>sunt</span> <span class='ocrx_word' id='word_1_298' title='bbox 1320 2540 1549 2575; x_wconf 79' lang='lat' dir='ltr'>ferocissimae.</span> 
     </span>
     <span class='ocr_line' id='line_1_54' title="bbox 878 2592 1553 2640; baseline 0.003 -15"><span class='ocrx_word' id='word_1_299' title='bbox 878 2592 977 2638; x_wconf 86' lang='lat' dir='ltr'>Virg.</span> <span class='ocrx_word' id='word_1_300' title='bbox 998 2595 1076 2625; x_wconf 81' lang='lat' dir='ltr'>AEn.</span> <span class='ocrx_word' id='word_1_301' title='bbox 1097 2593 1167 2633; x_wconf 90' lang='lat' dir='ltr'>IV;</span> <span class='ocrx_word' id='word_1_302' title='bbox 1195 2609 1209 2623; x_wconf 64' lang='grc' dir='ltr'>ιι</span> <span class='ocrx_word' id='word_1_303' title='bbox 1232 2593 1473 2640; x_wconf 76' lang='lat' dir='ltr'>Hyrcanaeque</span> <span class='ocrx_word' id='word_1_304' title='bbox 1494 2593 1553 2627; x_wconf 81' lang='lat' dir='ltr'>ad-</span> 
     </span>
     <span class='ocr_line' id='line_1_55' title="bbox 878 2646 1550 2691; baseline 0 -11"><span class='ocrx_word' id='word_1_305' title='bbox 878 2654 1020 2680; x_wconf 88' lang='lat' dir='ltr'>morunt</span> <span class='ocrx_word' id='word_1_306' title='bbox 1034 2646 1141 2680; x_wconf 84' lang='lat' dir='ltr'>ubera</span> <span class='ocrx_word' id='word_1_307' title='bbox 1159 2646 1276 2691; x_wconf 75' lang='lat' dir='ltr'>tigres,</span> <span class='ocrx_word' id='word_1_308' title='bbox 1295 2664 1309 2676; x_wconf 87' lang='lat'>»</span> <span class='ocrx_word' id='word_1_309' title='bbox 1334 2646 1449 2681; x_wconf 80' lang='lat' dir='ltr'>Gloria</span> <span class='ocrx_word' id='word_1_310' title='bbox 1464 2661 1550 2680; x_wconf 77' lang='lat' dir='ltr'>rara.</span> 
     </span>
    </p>
   </div>
  </div>
 </body>
</html>
