2061 3288
409 219 489 260 ET
526 217 879 259 OPERIBUS
917 215 1313 258 MAR'i‘lAlAs.
1399 227 1569 256 xxxvii

166 308 370 350 Breviora
414 306 489 348 ista
530 304 646 347 dices
691 304 834 347 forsan
886 302 952 347 vel
1004 302 1233 345 mediocris
1278 311 1388 345 nota:
1437 303 1573 362 poetis

167 376 397 438 aliquando
432 375 629 420 excidere
662 377 865 436 potuisse.
904 374 1152 418 Afferamus
1187 389 1291 433 ergo
1329 389 1423 433 quae
1452 372 1573 433 Epic-i

168 448 367 492 carminis
394 447 663 507 majestatem
693 463 793 491 vere
819 446 1011 507 spirant:

325 569 363 606 si
384 569 491 618 cupis
512 568 654 605 Alcidae
675 580 905 618 cognoscere
925 567 1021 603 sacta
1042 567 1202 616 prioris,

378 634 513 670 Disce:
536 633 661 683 Libyn
684 633 853 678 domuit3
877 645 992 669 aurea
1012 644 1126 681 poma
1147 631 1228 667 tulit
1248 647 1257 674 ς

328 699 510 735 Peltatam
526 697 704 748 Scythico
721 697 898 734 discinxit
916 700 1108 733 Amazona
1129 695 1251 739 nodo3

378 763 536 800 Addidit
554 763 720 800 Arcadio
739 771 843 812 terga
860 762 979 798 leonis
999 774 1092 811 apro
1111 777 1119 797 :

330 827 546 878 ⁴:Eripedem
566 827 668 864 silvis
685 840 856 872 cervam,
877 825 1161 875 Stymphalidas
1181 833 1291 861 astris·

383 892 568 929 Abstulit:
588 906 608 928 a
624 892 755 941 Stygia
771 905 856 928 cum
875 905 967 928 cane
990 890 1094 926 venit
1112 903 1222 939 aqua.

332 956 544 993 Fecundam
567 958 686 993 vetuit
708 957 877 1007 reparari
895 954 1083 992 mortibus
1102 953 1260 1004 liydrain
1276 972 1283 998 3

388 1022 587 1071 Hesperias
607 1026 732 1059 Tusco
752 1022 845 1058 lavit
861 1022 899 1057 in
919 1034 1028 1057 amne
1044 1019 1174 1056 boves.

335 1089 423 1123 Haec
445 1086 569 1122 minor
591 1086 765 1123 Alcides:
789 1085 911 1135 major
931 1098 1014 1134 quae
1038 1084 1214 1133 gesserit,
1240 1083 1325 1119 audi
1341 1114 1348 1127 ,

385 1153 522 1187 Sextus
535 1150 582 1187 ab
599 1150 748 1188 Albana
765 1163 877 1200 quem
897 1149 987 1186 colit
1004 1162 1089 1185 arce
1108 1149 1214 1198 lapis.

334 1215 503 1251 Asseruit
522 1228 692 1265 possessa
713 1215 818 1252 malis
840 1214 995 1251 Pallatia
1019 1213 1165 1262 regni53

388 1280 514 1316 Prima
534 1294 603 1316 suo
619 1280 730 1329 gessit
747 1293 818 1330 pro
835 1283 930 1317 Jove
952 1278 1053 1315 bella
1071 1291 1166 1327 puer
1182 1294 1187 1314 z

335 1344 445 1380 Solus
466 1344 586 1381 Iuleas
604 1358 722 1394 quum
736 1343 816 1393 jam
834 1344 1015 1381 retineret
1030 1342 1197 1379 habenas

388 1409 581 1454 Tradidit,
605 1410 720 1459 inque
739 1423 808 1446 suo
833 1409 966 1445 tertius
988 1407 1083 1444 orbe
1105 1408 1185 1444 fuit.

338 1477 489 1511 Cornua
510 1475 706 1511 Sarmatici
730 1483 787 1511 ter
805 1472 952 1524 perlida
970 1471 1144 1509 contudit
1165 1473 1270 1517 Istri3

389 1539 595 1575 Sudantem
615 1538 748 1576 Getica
771 1547 828 1575 ter
847 1537 935 1574 nive
955 1536 1047 1573 lavit
1069 1549 1222 1585 equum.

337 1606 443 1653 Saepe
460 1613 650 1641 recusatos
667 1616 802 1654 parcus
819 1603 971 1639 duxisse
988 1600 1223 1651 triumphos,

392 1668 522 1705 Victor
543 1668 799 1719 Hyperboreo
822 1680 961 1703 nomen
984 1666 1032 1703 ab
1053 1664 1147 1701 orbe
1170 1665 1264 1702 tulite

342 1734 500 1784 Templa
518 1737 600 1771 Deo
614 1763 624 1779 ,
648 1747 774 1770 mores
794 1732 947 1783 populis
967 1730 1093 1776 dedit,
1111 1730 1188 1766 otia
1210 1730 1329 1775 ferro,

395 1801 507 1834 Astra
527 1798 603 1835 suis
615 1827 625 1843 ‚
645 1798 734 1834 caelo
755 1796 878 1834 sidera
890 1826 899 1842 ‚
918 1804 1018 1833 serta
1035 1795 1133 1832 Jovi.
1148 1803 1158 1817 ¹

188 1918 301 1960 Ecce
332 1933 448 1961 nunc
483 1917 685 1961 undecim
717 1934 889 1970 versus,
920 1932 1020 1960 nam
1047 1915 1244 1976 quamvis
1271 1913 1417 1974 plures
1449 1915 1595 1973 cupia-

189 2004 284 2031 mus
306 1989 593 2049 exscripsisse,
615 1989 848 2032 terminum
870 1987 994 2031 nobis
1016 1987 1094 2046 ipsi
1118 1986 1327 2029 debemus
1352 1985 1574 2044 imponere
1589 2019 1600 2039 ‚

190 2059 262 2117 qui
302 2059 538 2103 Pindaricae
578 2076 758 2121 poeseos
803 2058 1100 2113 altitudinem,
1145 2058 1258 2111 vim,
1303 2054 1600 2115 majestatem,

193 2129 369 2189 igneum
393 2139 573 2174 oestrum
600 2131 791 2174 habent:

351 2251 517 2288 Auditur
536 2261 719 2302 quantum
741 2253 906 2301 Massyla
926 2265 994 2301 per
1016 2251 1099 2286 avia
1123 2261 1308 2294 murmur,

407 2319 611 2353 Innumero
634 2318 783 2366 quoties
805 2316 898 2352 silva
920 2316 1030 2351 leone
1054 2314 1168 2359 furit,

353 2380 518 2417 Pallidus
545 2382 723 2418 attonitos
748 2381 795 2417 ad
819 2384 933 2416 Poena
957 2379 1117 2428 mapalia
1140 2386 1269 2428 pastor

414 2449 540 2492 Quum
560 2455 714 2482 revocat
732 2455 859 2482 tauros
875 2453 912 2480 et
928 2444 1005 2479 sine
1026 2452 1149 2479 menie
1166 2456 1280 2492 pecus
1295 2457 1303 2482 ς

359 2517 500 2550 Tantus
521 2512 556 2548 in
578 2510 743 2548 Ausonia
766 2510 917 2546 fremuit
934 2508 1048 2545 inodo
1067 2517 1192 2544 terror
1212 2520 1338 2543 arena.

266 2670 275 2689 J
310 2657 384 2689 Lib.
403 2657 453 2688 IX
467 2682 474 2692 ,
491 2655 597 2700 epigr.
615 2667 675 2687 cn.
