2061 3288
437 210 536 268 [⁴54

815 213 878 255 M.
899 213 1040 256 VAL.
1079 214 1476 258 MARTIALIS

579 301 751 345 Occidit
780 302 918 345 insani
942 303 1122 346 crimine
1146 319 1287 347 mersa
1311 303 1424 347 freti.

507 371 659 416 Gloria
690 382 850 433 quanta
883 374 995 433 perit
1021 371 1168 417 vobis!
1193 374 1288 418 haec
1315 383 1510 417 monstra
1530 374 1698 418 Neroni

578 444 672 486 Nec
702 443 922 504 quondam
950 444 1081 503 jussae
1110 445 1407 505 praestiteratis
1437 461 1570 505 aquae.

437 582 549 614 aulam
560 606 570 622 ‚
582 581 713 614 Contra
726 581 931 626 Arpinatem
944 581 1005 626 qui
1018 581 1115 614 stetit

436 635 587 680 eloquio.
608 652 621 663 n
644 635 803 668 Fuerunt
825 647 906 679 ergo
928 634 1026 667 Bauli
1046 634 1117 679 pri-

436 701 532 721 mum
562 688 744 728 Herculis,
776 686 904 721 deinde
928 700 1115 733 procerum

436 754 686 780 romanorum,
705 754 723 774 e
742 741 871 786 quibus
888 741 1096 773 Hortensius
1109 767 1118 782 ,

437 803 510 827 tum
527 795 781 838 imperatorum
800 802 835 827 et
850 794 1013 827 Antoniae
1029 795 1120 826 Dru-

439 848 477 880 si.
495 848 589 880 Villa
609 848 646 880 in
663 847 766 880 litore
784 847 966 892 Campano
979 872 990 887 ‚
1009 863 1023 876 α
1043 859 1121 892 quae

438 901 721 946 promontorium
755 900 933 934 Misenum
967 900 1058 933 inter
1086 908 1121 933 et

437 954 604 987 Baianum
630 954 745 987 lacum
777 953 868 987 flexo
902 953 988 986 mari
1022 953 1122 986 allui-

439 1016 497 1040 tur
522 1024 534 1035 »
553 1032 561 1047 ,
586 1016 624 1040 ut
647 1008 693 1040 ait
712 1007 855 1040 Tacitus
872 1007 999 1040 Annal.
1020 1006 1122 1039 initio

438 1060 521 1093 libri
542 1061 629 1093 XIV
655 1072 663 1094 :
693 1073 769 1104 quae
791 1059 899 1093 hodie
921 1060 1042 1100 Bauli,
1067 1060 1123 1093 vel

442 1113 581 1158 Bagola.
613 1135 662 1140 —-—
690 1114 809 1146 ,Matetn
839 1114 907 1146 Vel
937 1122 1097 1146 matrona
1114 1126 1123 1155 ;

441 1168 495 1200 vel
520 1175 559 1199 ut
579 1179 596 1198 a
624 1167 696 1199 filia
717 1166 873 1211 ejusdem
895 1166 1050 1199 nominis
1071 1165 1124 1199 di-

442 1220 652 1265 stinguatur.
673 1219 727 1252 Ad
747 1219 785 1252 id
805 1228 905 1252 mater
926 1219 1018 1252 dixit
1033 1220 1127 1252 Mar·

447 1274 536 1306 vialis
553 1300 561 1315 ,
579 1282 618 1306 ut
638 1286 787 1319 sequens
815 1273 1032 1319 comparatio
1051 1273 1126 1306 Cae-

445 1327 550 1359 relliae
577 1339 655 1359 cum
689 1326 885 1372 Agrippina
912 1326 1018 1371 magis
1041 1339 1125 1359 con-

444 1387 586 1425 grueret
606 1405 614 1419 ,
656 1388 691 1413 et
729 1388 913 1424 augeretur
948 1379 1126 1412 undarum

446 1434 580 1474 scelus;
614 1436 725 1477 majus
757 1433 849 1465 enim
881 1432 1022 1466 videtur
1058 1445 1127 1465 ma-

448 1495 534 1519 trem
554 1486 849 1531 immergentium.
863 1486 930 1518 ΕΒ.
945 1507 997 1511 —-
1012 1486 1125 1518 Baias.

448 1538 542 1572 'Vide
558 1540 618 1572 lib.
640 1541 656 1571 I
672 1565 679 1579 ,
701 1539 811 1585 epigr.
835 1552 899 1578 Lx,
918 1551 967 1571 VS.
998 1551 1030 1571 1.
1058 1539 1124 1571 ED.

505 1605 537 1626 2.
563 1593 682 1625 Insani.
712 1592 776 1624 Vel
806 1599 1009 1636 tempestate
1032 1603 1127 1624 com-

448 1646 533 1678 moti
549 1658 556 1685 ;
575 1646 629 1677 vel
649 1644 745 1690 quod
759 1645 794 1678 in
809 1658 849 1678 eo
866 1645 924 1690 qui
943 1645 1055 1677 scelus
1072 1643 1128 1676 ad-

449 1699 557 1731 mittit
570 1698 727 1743 quaedam
746 1698 879 1730 insania
894 1697 1046 1730 videtur.
1058 1698 1127 1730 ΕΒ,

450 1773 501 1777 -—-
522 1753 670 1784 Crimine.
688 1753 740 1784 De
758 1764 853 1783 more
868 1751 973 1784 habet
990 1751 1128 1790 Noster,

451 1804 594 1836 erimina
617 1805 721 1837 rebns
740 1804 940 1837 inanimatis
960 1804 1128 1837 tribuere.

979 1869 987 1890 :
1008 1874 1020 1885 κ
1038 1858 1128 1901 Cap-

450 1909 625 1955 padocum
657 1910 754 1943 saevis
791 1910 963 1943 Antistius
999 1909 1130 1942 oceidit

452 1964 521 1996 oris
537 1963 699 1996 Rusticus
714 1976 755 1996 :o
770 1963 858 1996 tristi
875 1963 1020 1995 crimine
1038 1971 1129 1996 terra

452 2029 581 2049 nocens
600 2016 606 2048 !
633 2033 646 2045 r>
672 2016 732 2049 lib.
765 2018 801 2056 I,
829 2016 939 2061 epigr.
960 2028 1028 2048 :1111
1046 2041 1054 2054 ,
1075 2029 1124 2049 vs.

453 2074 471 2100 «i
491 2082 497 2101 :
520 2087 533 2097 «ι
553 2070 630 2102 Heu
652 2082 757 2114 quain
774 2082 873 2114 paene
892 2081 1025 2101 novum
1045 2082 1128 2114 por·

451 2124 538 2156 ticus
555 2135 636 2155 ausa
656 2123 751 2155 nefas
767 2122 774 2155 l
795 2140 808 2151 n
827 2130 860 2155 et
876 2119 1001 2154 eodem
1018 2122 1128 2162 libro,

453 2176 560 2220 epigr.
584 2187 720 2208 Lxxxnl
734 2202 742 2216 ‚
762 2188 810 2208 vs.
834 2176 897 2208 ult.
923 2187 931 2208 .·
953 2175 1128 2219 «Propter

452 2240 556 2273 quem
581 2228 648 2261 fuit
669 2229 836 2262 innocens
854 2228 955 2261 ruina
973 2245 986 2257 n
1005 2253 1014 2269 ,
1034 2236 1099 2261 etc.

505 2280 539 2313 3.
563 2281 676 2314 Gloria
693 2289 811 2327 quanta
824 2283 910 2326 perit
930 2282 1043 2313 vobis!
1056 2281 1128 2314 Ha·

452 1858 528 1890 Lib.
546 1858 614 1898 IX,
629 1857 739 1902 epigr.
754 1869 836 1889 xxm
850 1883 858 1897 ‚
875 1870 924 1889 vs.
946 1869 958 1889 1

451 2334 599 2375 bebatis,
612 2334 716 2367 undae
728 2361 736 2375 ,
750 2334 940 2380 quamdam
957 2335 1125 2368 innocen-

450 2387 505 2419 tiae
523 2388 646 2419 famam
660 2387 872 2421 laudabilem
886 2400 895 2430 ;
909 2400 1017 2434 quum
1034 2388 1126 2421 enim

450 2440 676 2484 Agrippinam
689 2466 698 2482 ‚
714 2441 895 2474 mulierem
913 2441 1126 2484 sceleratam,

1173 582 1256 615 licet
1269 595 1287 615 a
1305 583 1451 615 Nerone
1468 583 1570 627 jussae
1582 595 1654 615 non
1669 583 1854 623 mei-sistis,

1175 648 1337 681 magnam
1348 636 1575 681 comparastis
1582 635 1727 680 gloriam
1737 648 1746 677 ;
1755 649 1858 681 quam

1177 701 1241 722 cur
1268 701 1362 722 nunc
1384 687 1556 734 perditis,
1584 688 1751 721 feminam
1774 702 1859 734 pro-

1174 741 1294 775 bitatis
1325 750 1488 787 spectatae
1515 749 1712 787 mergentes
1735 741 1859 775 imme-

1175 803 1335 835 rentem,
1363 803 1398 828 et
1425 794 1569 840 quidem
1599 795 1765 840 injussae?
1791 795 1857 828 En.

1176 870 1228 874 —
1253 848 1336 880 Hoec
1363 856 1511 881 monstra.
1541 847 1623 881 Haec
1654 848 1833 893 naufragia
1849 873 1858 888 ,

1177 901 1251 934 haec
1270 901 1411 934 scelera.
1433 923 1484 928 —
1500 901 1632 934 Neroni.
1654 901 1749 933 Olim
1766 901 1862 934 Nero

1178 962 1326 987 matrem
1349 967 1447 988 suam
1466 954 1699 1000 Agrippinam
1715 955 1862 999 jusserat

1179 1008 1312 1053 mergi,
1332 1008 1525 1053 excogitato
1540 1007 1675 1041 solutili
1690 1015 1724 1040 et
1736 1007 1865 1040 machi-

1180 1074 1268 1094 noso
1286 1061 1425 1106 navigio
1441 1059 1537 1106 quod
1551 1069 1697 1106 repente
1710 1061 1864 1093 laxatum

1181 1115 1217 1146 in
1234 1112 1360 1147 mediis
1373 1113 1539 1147 fluctibus
1553 1126 1629 1146 eam
1644 1112 1862 1147 destitueret.

1183 1168 1330 1200 Sueton.
1342 1168 1378 1200 in
1394 1167 1556 1207 Nerone,
1569 1179 1644 1212 cap.
1663 1167 1709 1207 34
1726 1179 1736 1206 ;
1751 1166 1863 1200 Tacit.

1182 1220 1309 1253 Annal.
1330 1212 1395 1254 lib.
1409 1221 1519 1260 X1V;
1540 1220 1608 1253 Dio
1623 1246 1631 1261 ‚
1647 1228 1713 1253 etc.

1239 1277 1271 1313 4.
1287 1274 1526 1306 Proesliteratis.
1548 1273 1717 1306 Praestare
1730 1271 1866 1318 aliquid

1183 1326 1285 1359 alicui
1312 1325 1493 1359 interdum
1517 1335 1568 1359 est
1588 1324 1720 1371 aliquid
1736 1326 1772 1358 in
1791 1327 1865 1371 ejus

1183 1379 1328 1425 gratiam
1341 1379 1471 1420 facere,
1488 1391 1567 1412 eum
1584 1379 1704 1425 aliquo
1718 1390 1865 1412 munere
1883 1379 1887 1381 ’

1183 1432 1374 1466 devincire.
1396 1453 1449 1459 —-
1472 1432 1590 1477 Aqnoe.
1614 1432 1864 1477 Agrippinam,

1183 1486 1290 1518 veluti
1323 1485 1359 1517 in
1387 1485 1534 1530 gratiam
1561 1483 1768 1525 rediturus,
1802 1485 1866 1517 eli-

1183 1547 1302 1571 cuerat
1315 1539 1430 1579 Nero,
1451 1547 1491 1571 ut
1509 1538 1798 1583 Quinquatruum
1815 1537 1866 1570 se-

1185 1600 1254 1625 stos
1273 1591 1346 1624 dies
1368 1590 1462 1637 apud
1484 1591 1583 1624 Baias
1606 1591 1865 1636 frequentaret3

1183 1645 1327 1678 veniens
1357 1644 1466 1689 igitur
1496 1644 1690 1689 Agrippina
1720 1643 1867 1676 obvium

1184 1697 1312 1730 habuit
1338 1697 1537 1737 Neronem,
1563 1697 1625 1742 qui
1659 1709 1734 1729 eam
1767 1695 1868 1729 duxit

1186 1751 1334 1790 Baulos;
1362 1750 1444 1783 hinc
1476 1750 1631 1782 terrestri
1656 1750 1711 1782 via
1732 1750 1797 1782 ivit
1823 1748 1866 1783 ad

1186 1804 1295 1836 Baias.
1323 1804 1434 1837 Tacit.
1455 1803 1645 1836 Annalium
1673 1803 1733 1835 lib.
1758 1803 1864 1835 XIV:

1191 1875 1203 1887 ι
1221 1856 1308 1890 Satis
1329 1856 1507 1896 constitit,
1528 1855 1696 1891 exstitisse
1711 1854 1868 1901 prodito-

1186 1923 1261 1943 rem
1276 1936 1285 1951 ,
1301 1918 1336 1943 et
1356 1910 1589 1954 Agrippinam
1603 1934 1611 1950 ,
1634 1907 1763 1941 auditis
1779 1909 1865 1941 insi-

1187 1962 1273 2003 diis,
1301 1975 1343 1995 an
1372 1961 1530 1996 crederet
1552 1961 1749 2007 ambiguam
1768 1986 1779 2002 ,
1807 1974 1866 2006 ge-

1188 2016 1336 2049 stamine
1364 2015 1454 2048 sellae
1491 2014 1589 2047 Baias
1616 2022 1828 2059 pervectam.
1848 2032 1862 2043 ›-

1188 2067 1323 2102 Deinde
1358 2077 1475 2101 tamen
1504 2066 1683 2100 blanditiis
1715 2067 1866 2100 Neronis

1187 2122 1370 2155 sublevato
1392 2129 1508 2161 metu,
1531 2133 1655 2153 navem
1671 2119 1842 2166 perfidam
1858 2146 1866 2160 ‚

1187 2183 1291 2208 nocte
1307 2173 1518 2208 adventante
1533 2200 1541 2214 ‚
1559 2172 1763 2207 conscendit
1780 2174 1868 2207 Bau-

1187 2228 1239 2260 los
1255 2228 1473 2274 repetitura3
1492 2227 1599 2272 igitur
1616 2239 1744 2272 parum
1757 2226 1869 2260 abfuit

1187 2281 1275 2327 quin
1295 2281 1440 2327 periret,
1451 2293 1561 2326 quum
1579 2293 1595 2313 a
1611 2280 1704 2313 Baiis
1714 2278 1758 2313 ad
1772 2280 1865 2312 Bau-

1187 2335 1238 2367 los
1260 2335 1327 2368 iter
1349 2334 1500 2368 faceret:
1527 2333 1633 2379 periit
1658 2341 1774 2366 autem
1793 2332 1867 2366 Cae-

1186 2388 1283 2420 rellia
1298 2414 1306 2428 ,
1329 2400 1440 2432 quum
1462 2388 1528 2421 iter
1555 2388 1684 2420 faceret
1709 2399 1727 2420 a
1752 2385 1869 2420 Baulis

1188 2440 1231 2473 ad
1251 2441 1358 2474 Baias.
1374 2441 1441 2474 Et).
