<?xml version="1.0" encoding="UTF-8"?>
<!DOCTYPE html PUBLIC "-//W3C//DTD XHTML 1.0 Transitional//EN"
    "http://www.w3.org/TR/xhtml1/DTD/xhtml1-transitional.dtd">
<html xmlns="http://www.w3.org/1999/xhtml" xml:lang="en" lang="en">
 <head>
  <title>
</title>
<meta http-equiv="Content-Type" content="text/html;charset=utf-8" />
  <meta name='ocr-system' content='tesseract 3.04.00' />
  <meta name='ocr-capabilities' content='ocr_page ocr_carea ocr_par ocr_line ocrx_word'/>
</head>
<body>
  <div class='ocr_page' id='page_1' title='image "./epigrammata01martuoft_0371.png"; bbox 0 0 2061 3288; ppageno 0'>
   <div class='ocr_carea' id='block_1_1' title="bbox 440 233 1299 279">
    <p class='ocr_par' dir='ltr' id='par_1_1' title="bbox 440 233 1299 279">
     <span class='ocr_line' id='line_1_1' title="bbox 440 233 1299 279; baseline -0.006 0"><span class='ocrx_word' id='word_1_1' title='bbox 440 234 1030 279; x_wconf 79' lang='lat' dir='ltr'><strong>EPIGRAMMATUM</strong></span> <span class='ocrx_word' id='word_1_2' title='bbox 1069 233 1195 275; x_wconf 88' lang='lat' dir='ltr'><strong>LIB.</strong></span> <span class='ocrx_word' id='word_1_3' title='bbox 1235 233 1299 274; x_wconf 88' lang='grc' dir='ltr'>ΙΙ.</span> 
     </span>
    </p>
   </div>
   <div class='ocr_carea' id='block_1_2' title="bbox 1478 229 1574 277">
    <p class='ocr_par' dir='ltr' id='par_1_2' title="bbox 1478 229 1574 277">
     <span class='ocr_line' id='line_1_2' title="bbox 1478 229 1574 277; baseline 0.021 -2"><span class='ocrx_word' id='word_1_4' title='bbox 1478 229 1574 277; x_wconf 84' lang='lat'>205</span> 
     </span>
    </p>
   </div>
   <div class='ocr_carea' id='block_1_3' title="bbox 705 385 1030 441">
    <p class='ocr_par' dir='ltr' id='par_1_3' title="bbox 705 385 1030 441">
     <span class='ocr_line' id='line_1_3' title="bbox 705 385 1030 441; baseline -0.003 0"><span class='ocrx_word' id='word_1_5' title='bbox 705 385 1030 441; x_wconf 82' lang='lat' dir='ltr'>XXXIX.</span> 
     </span>
    </p>
   </div>
   <div class='ocr_carea' id='block_1_4' title="bbox 274 509 1469 565">
    <p class='ocr_par' dir='ltr' id='par_1_4' title="bbox 274 509 1469 565">
     <span class='ocr_line' id='line_1_4' title="bbox 274 509 1469 565; baseline -0.003 -1"><span class='ocrx_word' id='word_1_6' title='bbox 274 537 340 564; x_wconf 73' lang='lat' dir='ltr'>DF,</span> <span class='ocrx_word' id='word_1_7' title='bbox 385 534 725 565; x_wconf 82' lang='lat' dir='ltr'>MUNERIBUS</span> <span class='ocrx_word' id='word_1_8' title='bbox 778 535 850 563; x_wconf 83' lang='grc' dir='ltr'>ΛῘ)</span> <span class='ocrx_word' id='word_1_9' title='bbox 901 533 1171 563; x_wconf 79' lang='lat' dir='ltr'>MOECHAM</span> <span class='ocrx_word' id='word_1_10' title='bbox 1225 509 1469 562; x_wconf 62' lang='lat' dir='ltr'>MISSIS.*</span> 
     </span>
    </p>
   </div>
   <div class='ocr_carea' id='block_1_5' title="bbox 230 645 1399 779">
    <p class='ocr_par' dir='ltr' id='par_1_5' title="bbox 230 645 1399 779">
     <span class='ocr_line' id='line_1_5' title="bbox 230 645 1294 692; baseline -0.001 -1"><span class='ocrx_word' id='word_1_11' title='bbox 230 649 441 692; x_wconf 44' lang='lat' dir='ltr'>Coccum&amp;</span> <span class='ocrx_word' id='word_1_12' title='bbox 467 647 642 691; x_wconf 60' lang='lat' dir='ltr'>famosae</span> <span class='ocrx_word' id='word_1_13' title='bbox 663 646 799 691; x_wconf 83' lang='lat' dir='ltr'>donas</span> <span class='ocrx_word' id='word_1_14' title='bbox 821 656 864 690; x_wconf 83' lang='lat' dir='ltr'>ct</span> <span class='ocrx_word' id='word_1_15' title='bbox 886 646 1075 689; x_wconf 82' lang='lat' dir='ltr'>ianthina</span> <span class='ocrx_word' id='word_1_16' title='bbox 1100 645 1294 690; x_wconf 82' lang='lat' dir='ltr'>moechae.</span> 
     </span>
     <span class='ocr_line' id='line_1_6' title="bbox 300 715 1399 779; baseline -0.002 -18"><span class='ocrx_word' id='word_1_17' title='bbox 300 719 375 762; x_wconf 86' lang='lat' dir='ltr'>Vis</span> <span class='ocrx_word' id='word_1_18' title='bbox 400 717 503 761; x_wconf 83' lang='lat' dir='ltr'>dare</span> <span class='ocrx_word' id='word_1_19' title='bbox 519 754 530 773; x_wconf 85' lang='lat'><strong>‚</strong></span> <span class='ocrx_word' id='word_1_20' title='bbox 556 735 651 779; x_wconf 84' lang='lat' dir='ltr'>quae</span> <span class='ocrx_word' id='word_1_21' title='bbox 673 719 834 762; x_wconf 84' lang='lat' dir='ltr'>meruit</span> <span class='ocrx_word' id='word_1_22' title='bbox 856 715 1067 761; x_wconf 78' lang='lat' dir='ltr'>munera?</span> <span class='ocrx_word' id='word_1_23' title='bbox 1088 717 1211 761; x_wconf 82' lang='lat' dir='ltr'>mitte</span> <span class='ocrx_word' id='word_1_24' title='bbox 1237 726 1399 778; x_wconf 83' lang='lat' dir='ltr'>togam.</span> 
     </span>
    </p>
   </div>
   <div class='ocr_carea' id='block_1_6' title="bbox 157 847 833 1310">
    <p class='ocr_par' dir='ltr' id='par_1_6' title="bbox 157 847 833 1310">
     <span class='ocr_line' id='line_1_7' title="bbox 210 847 832 884; baseline 0.002 -1"><span class='ocrx_word' id='word_1_25' title='bbox 210 847 225 861; x_wconf 63' lang='lat'>⁸*</span> <span class='ocrx_word' id='word_1_26' title='bbox 236 851 358 884; x_wconf 83' lang='lat' dir='ltr'><strong>Vestes</strong></span> <span class='ocrx_word' id='word_1_27' title='bbox 370 851 437 884; x_wconf 87' lang='lat' dir='ltr'>sibi</span> <span class='ocrx_word' id='word_1_28' title='bbox 453 858 577 884; x_wconf 91' lang='lat' dir='ltr'>mutuo</span> <span class='ocrx_word' id='word_1_29' title='bbox 589 851 727 884; x_wconf 83' lang='lat' dir='ltr'>mittere</span> <span class='ocrx_word' id='word_1_30' title='bbox 741 849 832 884; x_wconf 86' lang='lat' dir='ltr'>divi-</span> 
     </span>
     <span class='ocr_line' id='line_1_8' title="bbox 157 904 833 950; baseline 0 -13"><span class='ocrx_word' id='word_1_31' title='bbox 157 905 252 937; x_wconf 88' lang='lat' dir='ltr'>tibus</span> <span class='ocrx_word' id='word_1_32' title='bbox 262 904 428 937; x_wconf 83' lang='lat' dir='ltr'>Romanis</span> <span class='ocrx_word' id='word_1_33' title='bbox 444 904 479 937; x_wconf 89' lang='lat' dir='ltr'>in</span> <span class='ocrx_word' id='word_1_34' title='bbox 493 917 557 937; x_wconf 91' lang='lat' dir='ltr'>usu</span> <span class='ocrx_word' id='word_1_35' title='bbox 569 913 641 937; x_wconf 83' lang='lat' dir='ltr'>erat</span> <span class='ocrx_word' id='word_1_36' title='bbox 658 904 833 950; x_wconf 73' lang='lat' dir='ltr'>praecipue</span> 
     </span>
     <span class='ocr_line' id='line_1_9' title="bbox 158 957 831 999; baseline 0 -9"><span class='ocrx_word' id='word_1_37' title='bbox 158 958 193 990; x_wconf 87' lang='lat' dir='ltr'>in</span> <span class='ocrx_word' id='word_1_38' title='bbox 223 957 346 991; x_wconf 87' lang='lat' dir='ltr'>diebus</span> <span class='ocrx_word' id='word_1_39' title='bbox 368 957 485 999; x_wconf 88' lang='lat' dir='ltr'>festis,</span> <span class='ocrx_word' id='word_1_40' title='bbox 511 967 549 990; x_wconf 90' lang='lat' dir='ltr'>ut</span> <span class='ocrx_word' id='word_1_41' title='bbox 577 957 831 991; x_wconf 81' lang='lat' dir='ltr'>Saturnalibus.</span> 
     </span>
     <span class='ocr_line' id='line_1_10' title="bbox 158 1010 833 1056; baseline 0 -13"><span class='ocrx_word' id='word_1_42' title='bbox 158 1010 227 1044; x_wconf 79' lang='lat' dir='ltr'>Sed</span> <span class='ocrx_word' id='word_1_43' title='bbox 247 1024 309 1044; x_wconf 90' lang='lat' dir='ltr'>cur</span> <span class='ocrx_word' id='word_1_44' title='bbox 325 1020 362 1044; x_wconf 89' lang='lat' dir='ltr'>tu</span> <span class='ocrx_word' id='word_1_45' title='bbox 382 1011 585 1044; x_wconf 82' lang='lat' dir='ltr'>vestimenta</span> <span class='ocrx_word' id='word_1_46' title='bbox 604 1023 784 1056; x_wconf 86' lang='lat' dir='ltr'>purpurea</span> <span class='ocrx_word' id='word_1_47' title='bbox 800 1019 833 1044; x_wconf 87' lang='lat' dir='ltr'>et</span> 
     </span>
     <span class='ocr_line' id='line_1_11' title="bbox 158 1063 833 1109; baseline -0.001 -12"><span class='ocrx_word' id='word_1_48' title='bbox 158 1064 310 1097; x_wconf 77' lang='lat' dir='ltr'>violacea</span> <span class='ocrx_word' id='word_1_49' title='bbox 326 1063 515 1097; x_wconf 77' lang='lat' dir='ltr'>adulterae?</span> <span class='ocrx_word' id='word_1_50' title='bbox 529 1064 635 1109; x_wconf 84' lang='lat' dir='ltr'>magis</span> <span class='ocrx_word' id='word_1_51' title='bbox 646 1064 693 1096; x_wconf 89' lang='lat' dir='ltr'>illi</span> <span class='ocrx_word' id='word_1_52' title='bbox 705 1076 833 1097; x_wconf 76' lang='lat' dir='ltr'>conve,-</span> 
     </span>
     <span class='ocr_line' id='line_1_12' title="bbox 159 1117 833 1162; baseline -0.001 -12"><span class='ocrx_word' id='word_1_53' title='bbox 159 1117 249 1150; x_wconf 74' lang='lat' dir='ltr'>niret</span> <span class='ocrx_word' id='word_1_54' title='bbox 266 1126 344 1162; x_wconf 87' lang='lat' dir='ltr'>toga</span> <span class='ocrx_word' id='word_1_55' title='bbox 366 1117 478 1151; x_wconf 83' lang='lat' dir='ltr'>missa.</span> <span class='ocrx_word' id='word_1_56' title='bbox 496 1117 699 1151; x_wconf 87' lang='lat' dir='ltr'>Meretrices</span> <span class='ocrx_word' id='word_1_57' title='bbox 718 1126 833 1150; x_wconf 79' lang='lat' dir='ltr'>autem</span> 
     </span>
     <span class='ocr_line' id='line_1_13' title="bbox 158 1169 832 1215; baseline 0.001 -13"><span class='ocrx_word' id='word_1_58' title='bbox 158 1179 196 1203; x_wconf 87' lang='lat' dir='ltr'>ut</span> <span class='ocrx_word' id='word_1_59' title='bbox 216 1179 250 1204; x_wconf 86' lang='lat' dir='ltr'>et</span> <span class='ocrx_word' id='word_1_60' title='bbox 269 1169 431 1204; x_wconf 78' lang='lat' dir='ltr'>adulterii</span> <span class='ocrx_word' id='word_1_61' title='bbox 455 1171 642 1212; x_wconf 67' lang='lat' dir='ltr'>convictae,</span> <span class='ocrx_word' id='word_1_62' title='bbox 662 1171 696 1203; x_wconf 90' lang='lat' dir='ltr'>in</span> <span class='ocrx_word' id='word_1_63' title='bbox 716 1170 832 1215; x_wconf 80' lang='lat' dir='ltr'>puhli-</span> 
     </span>
     <span class='ocr_line' id='line_1_14' title="bbox 158 1223 833 1269; baseline 0.001 -14"><span class='ocrx_word' id='word_1_64' title='bbox 158 1236 238 1256; x_wconf 91' lang='lat' dir='ltr'>cum</span> <span class='ocrx_word' id='word_1_65' title='bbox 257 1232 383 1268; x_wconf 78' lang='lat' dir='ltr'>togatae</span> <span class='ocrx_word' id='word_1_66' title='bbox 410 1223 617 1269; x_wconf 86' lang='lat' dir='ltr'>prodibant,</span> <span class='ocrx_word' id='word_1_67' title='bbox 639 1232 678 1257; x_wconf 90' lang='lat' dir='ltr'>ut</span> <span class='ocrx_word' id='word_1_68' title='bbox 706 1223 833 1269; x_wconf 84' lang='lat' dir='ltr'>digno-</span> 
     </span>
     <span class='ocr_line' id='line_1_15' title="bbox 157 1277 831 1310; baseline 0 -1"><span class='ocrx_word' id='word_1_69' title='bbox 157 1286 337 1310; x_wconf 77' lang='lat' dir='ltr'>scerentur</span> <span class='ocrx_word' id='word_1_70' title='bbox 353 1289 369 1309; x_wconf 88' lang='lat' dir='ltr'>a</span> <span class='ocrx_word' id='word_1_71' title='bbox 390 1277 490 1310; x_wconf 78' lang='lat' dir='ltr'>castis</span> <span class='ocrx_word' id='word_1_72' title='bbox 501 1277 669 1310; x_wconf 87' lang='lat' dir='ltr'>matronis</span> <span class='ocrx_word' id='word_1_73' title='bbox 687 1277 831 1310; x_wconf 81' lang='lat' dir='ltr'>stolatis.</span> 
     </span>
    </p>
   </div>
   <div class='ocr_carea' id='block_1_7' title="bbox 215 1329 834 1375">
    <p class='ocr_par' dir='ltr' id='par_1_7' title="bbox 215 1329 834 1375">
     <span class='ocr_line' id='line_1_16' title="bbox 215 1329 834 1375; baseline 0.003 -13"><span class='ocrx_word' id='word_1_74' title='bbox 215 1342 244 1362; x_wconf 89' lang='lat'>1.</span> <span class='ocrx_word' id='word_1_75' title='bbox 260 1330 379 1363; x_wconf 89' lang='lat' dir='ltr'>Heins.</span> <span class='ocrx_word' id='word_1_76' title='bbox 392 1329 434 1362; x_wconf 83' lang='lat' dir='ltr'>ad</span> <span class='ocrx_word' id='word_1_77' title='bbox 449 1329 555 1363; x_wconf 84' lang='lat' dir='ltr'>Ovid.</span> <span class='ocrx_word' id='word_1_78' title='bbox 570 1330 669 1375; x_wconf 82' lang='lat' dir='ltr'>epist.</span> <span class='ocrx_word' id='word_1_79' title='bbox 686 1331 735 1363; x_wconf 94' lang='lat' dir='ltr'>IX</span> <span class='ocrx_word' id='word_1_80' title='bbox 747 1355 756 1371; x_wconf 88' lang='lat'><em>‚</em></span> <span class='ocrx_word' id='word_1_81' title='bbox 774 1332 834 1374; x_wconf 82' lang='lat'>78,</span> 
     </span>
    </p>
   </div>
   <div class='ocr_carea' id='block_1_8' title="bbox 157 1382 859 1429">
    <p class='ocr_par' dir='ltr' id='par_1_8' title="bbox 157 1382 859 1429">
     <span class='ocr_line' id='line_1_17' title="bbox 157 1382 859 1429; baseline 0 -15"><span class='ocrx_word' id='word_1_82' title='bbox 157 1383 320 1415; x_wconf 76' lang='lat' dir='ltr'>lzimztlzina</span> <span class='ocrx_word' id='word_1_83' title='bbox 334 1396 347 1422; x_wconf 88' lang='lat'><em>;</em></span> <span class='ocrx_word' id='word_1_84' title='bbox 369 1382 544 1416; x_wconf 87' lang='lat' dir='ltr'>Schrevel.</span> <span class='ocrx_word' id='word_1_85' title='bbox 568 1383 602 1416; x_wconf 88' lang='lat' dir='ltr'>in</span> <span class='ocrx_word' id='word_1_86' title='bbox 625 1382 679 1416; x_wconf 86' lang='lat' dir='ltr'>ed.</span> <span class='ocrx_word' id='word_1_87' title='bbox 699 1383 811 1429; x_wconf 81' lang='lat' dir='ltr'>prima</span> <span class='ocrx_word' id='word_1_88' title='bbox 827 1409 836 1425; x_wconf 79' lang='lat'>,</span> <span class='ocrx_word' id='word_1_89' title='bbox 856 1412 859 1414; x_wconf 82' lang='grc'>.</span> 
     </span>
    </p>
   </div>
   <div class='ocr_carea' id='block_1_9' title="bbox 156 1435 835 1695">
    <p class='ocr_par' dir='ltr' id='par_1_9' title="bbox 156 1435 835 1695">
     <span class='ocr_line' id='line_1_18' title="bbox 156 1435 834 1481; baseline 0 -13"><span class='ocrx_word' id='word_1_90' title='bbox 156 1444 196 1469; x_wconf 93' lang='lat' dir='ltr'>ut</span> <span class='ocrx_word' id='word_1_91' title='bbox 215 1444 248 1469; x_wconf 88' lang='lat' dir='ltr'>et</span> <span class='ocrx_word' id='word_1_92' title='bbox 269 1436 479 1475; x_wconf 76' lang='lat' dir='ltr'>Farnabius,</span> <span class='ocrx_word' id='word_1_93' title='bbox 491 1437 654 1481; x_wconf 75' lang='lat' dir='ltr'>janthina.</span> <span class='ocrx_word' id='word_1_94' title='bbox 675 1457 728 1462; x_wconf 84' lang='lat'>-—</span> <span class='ocrx_word' id='word_1_95' title='bbox 752 1435 834 1469; x_wconf 83' lang='lat' dir='ltr'>Coc-</span> 
     </span>
     <span class='ocr_line' id='line_1_19' title="bbox 156 1489 834 1523; baseline 0.003 -3"><span class='ocrx_word' id='word_1_96' title='bbox 156 1490 239 1522; x_wconf 74' lang='lat' dir='ltr'>cina.</span> <span class='ocrx_word' id='word_1_97' title='bbox 258 1490 380 1523; x_wconf 79' lang='lat' dir='ltr'><strong>Vestes</strong></span> <span class='ocrx_word' id='word_1_98' title='bbox 399 1502 502 1523; x_wconf 88' lang='lat' dir='ltr'>coeco</span> <span class='ocrx_word' id='word_1_99' title='bbox 521 1489 676 1523; x_wconf 81' lang='lat' dir='ltr'>infectas.</span> <span class='ocrx_word' id='word_1_100' title='bbox 700 1489 834 1523; x_wconf 85' lang='lat' dir='ltr'>Coccus</span> 
     </span>
     <span class='ocr_line' id='line_1_20' title="bbox 156 1541 835 1588; baseline 0.001 -14"><span class='ocrx_word' id='word_1_101' title='bbox 156 1550 207 1575; x_wconf 77' lang='lat' dir='ltr'>est</span> <span class='ocrx_word' id='word_1_102' title='bbox 223 1555 368 1587; x_wconf 87' lang='lat' dir='ltr'>granum</span> <span class='ocrx_word' id='word_1_103' title='bbox 386 1556 456 1588; x_wconf 90' lang='lat' dir='ltr'>quo</span> <span class='ocrx_word' id='word_1_104' title='bbox 475 1551 624 1576; x_wconf 84' lang='lat' dir='ltr'>utuntur</span> <span class='ocrx_word' id='word_1_105' title='bbox 642 1541 684 1576; x_wconf 86' lang='lat' dir='ltr'>ad</span> <span class='ocrx_word' id='word_1_106' title='bbox 702 1555 835 1588; x_wconf 89' lang='lat' dir='ltr'>purpu-</span> 
     </span>
     <span class='ocr_line' id='line_1_21' title="bbox 157 1595 833 1642; baseline 0.003 -15"><span class='ocrx_word' id='word_1_107' title='bbox 157 1607 230 1627; x_wconf 92' lang='lat' dir='ltr'>ram</span> <span class='ocrx_word' id='word_1_108' title='bbox 253 1595 388 1629; x_wconf 83' lang='lat' dir='ltr'>ardenti</span> <span class='ocrx_word' id='word_1_109' title='bbox 404 1605 437 1629; x_wconf 88' lang='lat' dir='ltr'>et</span> <span class='ocrx_word' id='word_1_110' title='bbox 458 1608 558 1629; x_wconf 89' lang='lat' dir='ltr'>roseo</span> <span class='ocrx_word' id='word_1_111' title='bbox 576 1596 711 1638; x_wconf 88' lang='lat' dir='ltr'>colore,</span> <span class='ocrx_word' id='word_1_112' title='bbox 728 1609 833 1642; x_wconf 89' lang='lat' dir='ltr'>quem</span> 
     </span>
     <span class='ocr_line' id='line_1_22' title="bbox 158 1648 830 1695; baseline 0.003 -14"><span class='ocrx_word' id='word_1_113' title='bbox 158 1648 248 1681; x_wconf 82' lang='lat' dir='ltr'>Galli</span> <span class='ocrx_word' id='word_1_114' title='bbox 276 1658 401 1682; x_wconf 76' lang='lat' dir='ltr'>vocant</span> <span class='ocrx_word' id='word_1_115' title='bbox 430 1650 588 1690; x_wconf 53' lang='lat' dir='ltr'>amulam,</span> <span class='ocrx_word' id='word_1_116' title='bbox 616 1648 830 1695; x_wconf 83' lang='lat' dir='ltr'>tingendam.</span> 
     </span>
    </p>
   </div>
   <div class='ocr_carea' id='block_1_10' title="bbox 892 848 1577 1641">
    <p class='ocr_par' dir='ltr' id='par_1_10' title="bbox 892 848 1577 1056">
     <span class='ocr_line' id='line_1_23' title="bbox 893 848 1573 897; baseline 0.001 -15"><span class='ocrx_word' id='word_1_117' title='bbox 893 873 944 897; x_wconf 46' lang='grc' dir='ltr'>ῥ-</span> <span class='ocrx_word' id='word_1_118' title='bbox 964 851 1137 890; x_wconf 64' lang='lat' dir='ltr'>lammina,</span> <span class='ocrx_word' id='word_1_119' title='bbox 1160 848 1203 883; x_wconf 87' lang='lat' dir='ltr'>de</span> <span class='ocrx_word' id='word_1_120' title='bbox 1229 850 1357 896; x_wconf 89' lang='lat' dir='ltr'>quibus</span> <span class='ocrx_word' id='word_1_121' title='bbox 1378 850 1509 883; x_wconf 86' lang='lat' dir='ltr'>mentio</span> <span class='ocrx_word' id='word_1_122' title='bbox 1533 850 1573 884; x_wconf 82' lang='lat' dir='ltr'>fit</span> 
     </span>
     <span class='ocr_line' id='line_1_24' title="bbox 892 904 1571 949; baseline 0.001 -13"><span class='ocrx_word' id='word_1_123' title='bbox 892 904 952 937; x_wconf 87' lang='lat' dir='ltr'>lib.</span> <span class='ocrx_word' id='word_1_124' title='bbox 972 904 1009 944; x_wconf 76' lang='grc' dir='ltr'>Ι,</span> <span class='ocrx_word' id='word_1_125' title='bbox 1030 904 1141 949; x_wconf 86' lang='lat' dir='ltr'>epigr.</span> <span class='ocrx_word' id='word_1_126' title='bbox 1166 916 1238 944; x_wconf 78' lang='lat' dir='ltr'>mv,</span> <span class='ocrx_word' id='word_1_127' title='bbox 1264 904 1303 945; x_wconf 79' lang='lat'>5,</span> <span class='ocrx_word' id='word_1_128' title='bbox 1325 912 1405 936; x_wconf 86' lang='lat' dir='ltr'>sunt</span> <span class='ocrx_word' id='word_1_129' title='bbox 1424 912 1533 937; x_wconf 80' lang='lat' dir='ltr'>vestes</span> <span class='ocrx_word' id='word_1_130' title='bbox 1552 917 1571 937; x_wconf 85' lang='lat' dir='ltr'>e</span> 
     </span>
     <span class='ocr_line' id='line_1_25' title="bbox 893 956 1577 1002; baseline 0.003 -13"><span class='ocrx_word' id='word_1_131' title='bbox 893 969 1050 1002; x_wconf 79' lang='lat' dir='ltr'>purpura</span> <span class='ocrx_word' id='word_1_132' title='bbox 1078 957 1223 990; x_wconf 78' lang='lat' dir='ltr'>violacei</span> <span class='ocrx_word' id='word_1_133' title='bbox 1256 956 1408 998; x_wconf 80' lang='lat' dir='ltr'>coloris3</span> <span class='ocrx_word' id='word_1_134' title='bbox 1432 957 1475 990; x_wconf 80' lang='lat' dir='ltr'>ab</span> <span class='ocrx_word' id='word_1_135' title='bbox 1504 957 1548 991; x_wconf 73' lang='grc' dir='ltr'>ἴον</span> <span class='ocrx_word' id='word_1_136' title='bbox 1567 982 1577 998; x_wconf 71' lang='lat'>,</span> 
     </span>
     <span class='ocr_line' id='line_1_26' title="bbox 892 1009 1426 1056; baseline 0.002 -15"><span class='ocrx_word' id='word_1_137' title='bbox 892 1011 979 1042; x_wconf 46' lang='lat' dir='ltr'>”viola</span> <span class='ocrx_word' id='word_1_138' title='bbox 992 1036 1000 1051; x_wconf 88' lang='lat'><strong><em>‚</em></strong></span> <span class='ocrx_word' id='word_1_139' title='bbox 1020 1018 1052 1043; x_wconf 85' lang='lat' dir='ltr'>et</span> <span class='ocrx_word' id='word_1_140' title='bbox 1074 1011 1162 1049; x_wconf 65' lang='grc' dir='ltr'>ἄνθος</span> <span class='ocrx_word' id='word_1_141' title='bbox 1176 1011 1264 1056; x_wconf 86' lang='lat' dir='ltr'>‚flos</span> <span class='ocrx_word' id='word_1_142' title='bbox 1280 1037 1288 1049; x_wconf 91' lang='lat'><em>‚</em></span> <span class='ocrx_word' id='word_1_143' title='bbox 1311 1009 1426 1043; x_wconf 83' lang='lat' dir='ltr'>dictae.</span> 
     </span>
    </p>

    <p class='ocr_par' dir='ltr' id='par_1_11' title="bbox 892 1064 1576 1641">
     <span class='ocr_line' id='line_1_27' title="bbox 950 1064 1574 1108; baseline 0 -12"><span class='ocrx_word' id='word_1_144' title='bbox 950 1077 981 1096; x_wconf 84' lang='lat'>2.</span> <span class='ocrx_word' id='word_1_145' title='bbox 1000 1064 1095 1096; x_wconf 80' lang='lat' dir='ltr'>Mitte</span> <span class='ocrx_word' id='word_1_146' title='bbox 1109 1072 1226 1108; x_wconf 76' lang='lat' dir='ltr'>togam.</span> <span class='ocrx_word' id='word_1_147' title='bbox 1246 1064 1489 1096; x_wconf 72' lang='lat' dir='ltr'>Matr-omarum</span> <span class='ocrx_word' id='word_1_148' title='bbox 1505 1072 1574 1097; x_wconf 84' lang='lat' dir='ltr'>sto-</span> 
     </span>
     <span class='ocr_line' id='line_1_28' title="bbox 894 1116 1573 1154; baseline 0.001 -5"><span class='ocrx_word' id='word_1_149' title='bbox 894 1117 924 1149; x_wconf 85' lang='lat' dir='ltr'>la</span> <span class='ocrx_word' id='word_1_150' title='bbox 940 1142 949 1154; x_wconf 80' lang='grc'>,</span> <span class='ocrx_word' id='word_1_151' title='bbox 974 1117 1197 1150; x_wconf 80' lang='lat' dir='ltr'>meretricum</span> <span class='ocrx_word' id='word_1_152' title='bbox 1225 1130 1309 1149; x_wconf 78' lang='lat' dir='ltr'>vero</span> <span class='ocrx_word' id='word_1_153' title='bbox 1339 1125 1373 1150; x_wconf 90' lang='lat' dir='ltr'>et</span> <span class='ocrx_word' id='word_1_154' title='bbox 1400 1116 1573 1150; x_wconf 84' lang='lat' dir='ltr'>adultera-</span> 
     </span>
     <span class='ocr_line' id='line_1_29' title="bbox 893 1169 1576 1215; baseline 0.001 -13"><span class='ocrx_word' id='word_1_155' title='bbox 893 1183 972 1203; x_wconf 85' lang='lat' dir='ltr'>rum</span> <span class='ocrx_word' id='word_1_156' title='bbox 989 1169 1287 1215; x_wconf 82' lang='lat' dir='ltr'>deprehensarum</span> <span class='ocrx_word' id='word_1_157' title='bbox 1304 1178 1384 1215; x_wconf 82' lang='lat' dir='ltr'>toga</span> <span class='ocrx_word' id='word_1_158' title='bbox 1406 1179 1477 1204; x_wconf 71' lang='lat' dir='ltr'>erat</span> <span class='ocrx_word' id='word_1_159' title='bbox 1496 1183 1576 1215; x_wconf 91' lang='lat' dir='ltr'>pro-</span> 
     </span>
     <span class='ocr_line' id='line_1_30' title="bbox 893 1223 1572 1269; baseline -0.001 -13"><span class='ocrx_word' id='word_1_160' title='bbox 893 1223 982 1268; x_wconf 86' lang='lat' dir='ltr'>pria.</span> <span class='ocrx_word' id='word_1_161' title='bbox 1004 1224 1082 1257; x_wconf 88' lang='lat' dir='ltr'>Lib.</span> <span class='ocrx_word' id='word_1_162' title='bbox 1100 1224 1133 1256; x_wconf 86' lang='lat' dir='ltr'>X</span> <span class='ocrx_word' id='word_1_163' title='bbox 1149 1250 1156 1264; x_wconf 90' lang='lat'><strong>‚</strong></span> <span class='ocrx_word' id='word_1_164' title='bbox 1179 1223 1286 1269; x_wconf 83' lang='lat' dir='ltr'>epigr.</span> <span class='ocrx_word' id='word_1_165' title='bbox 1305 1235 1358 1256; x_wconf 78' lang='lat' dir='ltr'>L11</span> <span class='ocrx_word' id='word_1_166' title='bbox 1376 1235 1384 1256; x_wconf 73' lang='grc' dir='ltr'>ε</span> <span class='ocrx_word' id='word_1_167' title='bbox 1409 1241 1421 1253; x_wconf 75' lang='lat' dir='ltr'>u</span> <span class='ocrx_word' id='word_1_168' title='bbox 1444 1224 1572 1256; x_wconf 72' lang='lat' dir='ltr'>The-lin</span> 
     </span>
     <span class='ocr_line' id='line_1_31' title="bbox 892 1275 1575 1322; baseline 0.003 -13"><span class='ocrx_word' id='word_1_169' title='bbox 892 1275 1028 1309; x_wconf 80' lang='lat' dir='ltr'>viderat</span> <span class='ocrx_word' id='word_1_170' title='bbox 1046 1277 1080 1309; x_wconf 90' lang='lat' dir='ltr'>in</span> <span class='ocrx_word' id='word_1_171' title='bbox 1100 1285 1177 1321; x_wconf 76' lang='lat' dir='ltr'>toga</span> <span class='ocrx_word' id='word_1_172' title='bbox 1196 1275 1389 1322; x_wconf 82' lang='lat' dir='ltr'>spadonem</span> <span class='ocrx_word' id='word_1_173' title='bbox 1402 1302 1411 1317; x_wconf 68' lang='lat'>,</span> <span class='ocrx_word' id='word_1_174' title='bbox 1427 1278 1575 1310; x_wconf 79' lang='lat' dir='ltr'>Damna-</span> 
     </span>
     <span class='ocr_line' id='line_1_32' title="bbox 895 1329 1568 1364; baseline 0.001 -2"><span class='ocrx_word' id='word_1_175' title='bbox 895 1338 963 1362; x_wconf 78' lang='lat' dir='ltr'>tam</span> <span class='ocrx_word' id='word_1_176' title='bbox 995 1330 1110 1363; x_wconf 78' lang='lat' dir='ltr'>Numa</span> <span class='ocrx_word' id='word_1_177' title='bbox 1139 1329 1226 1363; x_wconf 81' lang='lat' dir='ltr'>dixit</span> <span class='ocrx_word' id='word_1_178' title='bbox 1248 1343 1320 1363; x_wconf 87' lang='lat' dir='ltr'>esse</span> <span class='ocrx_word' id='word_1_179' title='bbox 1347 1330 1530 1364; x_wconf 80' lang='lat' dir='ltr'>moecham.</span> <span class='ocrx_word' id='word_1_180' title='bbox 1556 1348 1568 1359; x_wconf 73' lang='lat' dir='ltr'>n</span> 
     </span>
     <span class='ocr_line' id='line_1_33' title="bbox 892 1383 1573 1419; baseline 0.001 -4"><span class='ocrx_word' id='word_1_181' title='bbox 892 1384 1092 1419; x_wconf 81' lang='lat' dir='ltr'>Juvenalis,</span> <span class='ocrx_word' id='word_1_182' title='bbox 1126 1383 1194 1416; x_wconf 84' lang='lat' dir='ltr'>Sat.</span> <span class='ocrx_word' id='word_1_183' title='bbox 1220 1385 1255 1416; x_wconf 94' lang='lat' dir='ltr'>II</span> <span class='ocrx_word' id='word_1_184' title='bbox 1280 1395 1287 1416; x_wconf 94' lang='lat'><strong>:</strong></span> <span class='ocrx_word' id='word_1_185' title='bbox 1317 1401 1330 1412; x_wconf 85' lang='lat'>«</span> <span class='ocrx_word' id='word_1_186' title='bbox 1351 1383 1412 1416; x_wconf 82' lang='lat' dir='ltr'>Est</span> <span class='ocrx_word' id='word_1_187' title='bbox 1438 1384 1573 1416; x_wconf 75' lang='lat' dir='ltr'>moecha</span> 
     </span>
     <span class='ocr_line' id='line_1_34' title="bbox 894 1435 1572 1477; baseline 0.001 -9"><span class='ocrx_word' id='word_1_188' title='bbox 894 1436 1035 1468; x_wconf 79' lang='lat' dir='ltr'>Fabulla</span> <span class='ocrx_word' id='word_1_189' title='bbox 1054 1449 1061 1469; x_wconf 89' lang='lat'>:</span> <span class='ocrx_word' id='word_1_190' title='bbox 1085 1438 1281 1470; x_wconf 84' lang='lat' dir='ltr'>Damnetur</span> <span class='ocrx_word' id='word_1_191' title='bbox 1296 1462 1304 1477; x_wconf 90' lang='lat'>‚</span> <span class='ocrx_word' id='word_1_192' title='bbox 1324 1435 1351 1468; x_wconf 82' lang='lat' dir='ltr'>si</span> <span class='ocrx_word' id='word_1_193' title='bbox 1374 1436 1424 1469; x_wconf 81' lang='lat' dir='ltr'>vis</span> <span class='ocrx_word' id='word_1_194' title='bbox 1439 1462 1447 1476; x_wconf 96' lang='lat'>‚</span> <span class='ocrx_word' id='word_1_195' title='bbox 1469 1437 1572 1470; x_wconf 84' lang='lat' dir='ltr'>etiam</span> 
     </span>
     <span class='ocr_line' id='line_1_35' title="bbox 895 1489 1573 1523; baseline -0.001 0"><span class='ocrx_word' id='word_1_196' title='bbox 895 1489 1047 1523; x_wconf 79' lang='lat' dir='ltr'>Carfinia</span> <span class='ocrx_word' id='word_1_197' title='bbox 1067 1502 1074 1522; x_wconf 73' lang='grc' dir='ltr'>ε</span> <span class='ocrx_word' id='word_1_198' title='bbox 1096 1490 1199 1523; x_wconf 73' lang='lat' dir='ltr'>talem</span> <span class='ocrx_word' id='word_1_199' title='bbox 1226 1490 1306 1522; x_wconf 88' lang='lat' dir='ltr'>Non</span> <span class='ocrx_word' id='word_1_200' title='bbox 1335 1498 1447 1522; x_wconf 85' lang='lat' dir='ltr'>sumet</span> <span class='ocrx_word' id='word_1_201' title='bbox 1474 1489 1573 1522; x_wconf 85' lang='lat' dir='ltr'>dam-</span> 
     </span>
     <span class='ocr_line' id='line_1_36' title="bbox 893 1542 1573 1588; baseline -0.001 -12"><span class='ocrx_word' id='word_1_202' title='bbox 893 1551 972 1576; x_wconf 86' lang='lat' dir='ltr'>nata</span> <span class='ocrx_word' id='word_1_203' title='bbox 996 1552 1121 1588; x_wconf 80' lang='lat' dir='ltr'>togam.</span> <span class='ocrx_word' id='word_1_204' title='bbox 1143 1561 1155 1572; x_wconf 80' lang='lat' dir='ltr'>n</span> <span class='ocrx_word' id='word_1_205' title='bbox 1183 1542 1276 1575; x_wconf 81' lang='lat' dir='ltr'>Vide</span> <span class='ocrx_word' id='word_1_206' title='bbox 1295 1555 1435 1588; x_wconf 89' lang='lat' dir='ltr'>quoque</span> <span class='ocrx_word' id='word_1_207' title='bbox 1453 1543 1512 1576; x_wconf 88' lang='lat' dir='ltr'>lib.</span> <span class='ocrx_word' id='word_1_208' title='bbox 1532 1544 1547 1575; x_wconf 92' lang='grc' dir='ltr'>Ι</span> <span class='ocrx_word' id='word_1_209' title='bbox 1564 1569 1573 1583; x_wconf 86' lang='grc'>,</span> 
     </span>
     <span class='ocr_line' id='line_1_37' title="bbox 893 1596 1571 1641; baseline 0.001 -12"><span class='ocrx_word' id='word_1_210' title='bbox 893 1596 1004 1641; x_wconf 81' lang='lat' dir='ltr'>epigr.</span> <span class='ocrx_word' id='word_1_211' title='bbox 1021 1608 1132 1629; x_wconf 74' lang='lat' dir='ltr'><strong>xxxw</strong></span> <span class='ocrx_word' id='word_1_212' title='bbox 1146 1622 1154 1637; x_wconf 93' lang='lat'>‚</span> <span class='ocrx_word' id='word_1_213' title='bbox 1168 1609 1199 1630; x_wconf 70' lang='lat' dir='ltr'>V.</span> <span class='ocrx_word' id='word_1_214' title='bbox 1221 1598 1240 1631; x_wconf 89' lang='lat'>8</span> <span class='ocrx_word' id='word_1_215' title='bbox 1255 1609 1263 1636; x_wconf 87' lang='grc'>;</span> <span class='ocrx_word' id='word_1_216' title='bbox 1284 1604 1317 1629; x_wconf 80' lang='lat' dir='ltr'>et</span> <span class='ocrx_word' id='word_1_217' title='bbox 1334 1596 1493 1630; x_wconf 84' lang='lat' dir='ltr'>Turneb.</span> <span class='ocrx_word' id='word_1_218' title='bbox 1508 1596 1571 1630; x_wconf 81' lang='lat' dir='ltr'>lib.</span> 
     </span>
    </p>
   </div>
   <div class='ocr_carea' id='block_1_11' title="bbox 893 1650 1185 1695">
    <p class='ocr_par' dir='ltr' id='par_1_12' title="bbox 893 1650 1185 1695">
     <span class='ocr_line' id='line_1_38' title="bbox 893 1650 1185 1695; baseline 0.003 -13"><span class='ocrx_word' id='word_1_219' title='bbox 893 1650 982 1682; x_wconf 93' lang='lat' dir='ltr'>XVI</span> <span class='ocrx_word' id='word_1_220' title='bbox 996 1675 1004 1690; x_wconf 83' lang='lat'><em>‚</em></span> <span class='ocrx_word' id='word_1_221' title='bbox 1027 1661 1100 1695; x_wconf 88' lang='lat' dir='ltr'>cap.</span> <span class='ocrx_word' id='word_1_222' title='bbox 1129 1661 1185 1695; x_wconf 88' lang='lat'>19.</span> 
     </span>
    </p>
   </div>
   <div class='ocr_carea' id='block_1_12' title="bbox 800 1779 931 1835">
    <p class='ocr_par' dir='ltr' id='par_1_13' title="bbox 800 1779 931 1835">
     <span class='ocr_line' id='line_1_39' title="bbox 800 1779 931 1835; baseline 0 -1"><span class='ocrx_word' id='word_1_223' title='bbox 800 1779 931 1835; x_wconf 93' lang='lat' dir='ltr'>XL.</span> 
     </span>
    </p>
   </div>
   <div class='ocr_carea' id='block_1_13' title="bbox 333 1910 1395 1959">
    <p class='ocr_par' dir='ltr' id='par_1_14' title="bbox 333 1910 1395 1959">
     <span class='ocr_line' id='line_1_40' title="bbox 333 1910 1395 1959; baseline -0.001 -1"><span class='ocrx_word' id='word_1_224' title='bbox 333 1931 398 1958; x_wconf 90' lang='lat' dir='ltr'>DE</span> <span class='ocrx_word' id='word_1_225' title='bbox 436 1929 706 1959; x_wconf 84' lang='lat' dir='ltr'>TONGILIO</span> <span class='ocrx_word' id='word_1_226' title='bbox 744 1928 979 1957; x_wconf 83' lang='lat' dir='ltr'><strong>MORBUM</strong></span> <span class='ocrx_word' id='word_1_227' title='bbox 1018 1928 1350 1958; x_wconf 79' lang='lat' dir='ltr'><strong>SIMULANTE.</strong></span> <span class='ocrx_word' id='word_1_228' title='bbox 1377 1910 1395 1926; x_wconf 43' lang='grc'><strong>4</strong></span> 
     </span>
    </p>
   </div>
   <div class='ocr_carea' id='block_1_14' title="bbox 227 2047 1324 2179">
    <p class='ocr_par' dir='ltr' id='par_1_15' title="bbox 227 2047 1324 2179">
     <span class='ocr_line' id='line_1_41' title="bbox 227 2047 1188 2110; baseline -0.002 -18"><span class='ocrx_word' id='word_1_229' title='bbox 227 2050 317 2093; x_wconf 70' lang='grc' dir='ltr'>ΠΜ</span> <span class='ocrx_word' id='word_1_230' title='bbox 344 2048 568 2110; x_wconf 84' lang='lat' dir='ltr'>Tongilius</span> <span class='ocrx_word' id='word_1_231' title='bbox 595 2047 707 2092; x_wconf 81' lang='lat' dir='ltr'>male</span> <span class='ocrx_word' id='word_1_232' title='bbox 733 2047 890 2092; x_wconf 85' lang='lat' dir='ltr'>dicitur</span> <span class='ocrx_word' id='word_1_233' title='bbox 916 2048 1188 2091; x_wconf 74' lang='lat' dir='ltr'>hemitritaeo.</span> 
     </span>
     <span class='ocr_line' id='line_1_42' title="bbox 299 2119 1324 2179; baseline -0.003 -15"><span class='ocrx_word' id='word_1_234' title='bbox 299 2121 414 2164; x_wconf 84' lang='lat' dir='ltr'>Novi</span> <span class='ocrx_word' id='word_1_235' title='bbox 440 2120 628 2163; x_wconf 79' lang='lat' dir='ltr'>hominis</span> <span class='ocrx_word' id='word_1_236' title='bbox 658 2136 802 2164; x_wconf 87' lang='lat' dir='ltr'>mores</span> <span class='ocrx_word' id='word_1_237' title='bbox 829 2137 838 2163; x_wconf 90' lang='lat'>:</span> <span class='ocrx_word' id='word_1_238' title='bbox 869 2119 1030 2173; x_wconf 76' lang='lat' dir='ltr'>esurit,</span> <span class='ocrx_word' id='word_1_239' title='bbox 1062 2128 1192 2179; x_wconf 87' lang='lat' dir='ltr'>atque.</span> <span class='ocrx_word' id='word_1_240' title='bbox 1223 2119 1324 2162; x_wconf 82' lang='lat' dir='ltr'>sitit.</span> 
     </span>
    </p>
   </div>
   <div class='ocr_carea' id='block_1_15' title="bbox 156 2250 835 2724">
    <p class='ocr_par' dir='ltr' id='par_1_16' title="bbox 158 2250 834 2341">
     <span class='ocr_line' id='line_1_43' title="bbox 211 2250 834 2299; baseline 0.003 -13"><span class='ocrx_word' id='word_1_241' title='bbox 211 2250 224 2264; x_wconf 70' lang='lat'>‘¹</span> <span class='ocrx_word' id='word_1_242' title='bbox 248 2255 286 2287; x_wconf 80' lang='lat' dir='ltr'>In</span> <span class='ocrx_word' id='word_1_243' title='bbox 324 2255 504 2299; x_wconf 72' lang='lat' dir='ltr'>Tongilium</span> <span class='ocrx_word' id='word_1_244' title='bbox 531 2255 675 2299; x_wconf 77' lang='lat' dir='ltr'>gulosum</span> <span class='ocrx_word' id='word_1_245' title='bbox 705 2255 834 2288; x_wconf 88' lang='lat' dir='ltr'>lemma</span> 
     </span>
     <span class='ocr_line' id='line_1_44' title="bbox 158 2307 578 2341; baseline 0 0"><span class='ocrx_word' id='word_1_246' title='bbox 158 2317 208 2341; x_wconf 78' lang='lat' dir='ltr'>cst</span> <span class='ocrx_word' id='word_1_247' title='bbox 231 2308 265 2340; x_wconf 90' lang='lat' dir='ltr'>in</span> <span class='ocrx_word' id='word_1_248' title='bbox 284 2307 491 2341; x_wconf 63' lang='lat' dir='ltr'>Rex-erlandi</span> <span class='ocrx_word' id='word_1_249' title='bbox 504 2308 578 2341; x_wconf 84' lang='lat' dir='ltr'>MS.</span> 
     </span>
    </p>

    <p class='ocr_par' dir='ltr' id='par_1_17' title="bbox 156 2360 835 2724">
     <span class='ocr_line' id='line_1_45' title="bbox 211 2360 832 2406; baseline 0 -13"><span class='ocrx_word' id='word_1_250' title='bbox 211 2381 261 2386; x_wconf 89' lang='lat'>—-</span> <span class='ocrx_word' id='word_1_251' title='bbox 269 2361 408 2393; x_wconf 81' lang='lat' dir='ltr'>Novum</span> <span class='ocrx_word' id='word_1_252' title='bbox 419 2360 617 2402; x_wconf 83' lang='lat' dir='ltr'>artificium,</span> <span class='ocrx_word' id='word_1_253' title='bbox 629 2361 832 2406; x_wconf 88' lang='lat' dir='ltr'>febremque</span> 
     </span>
     <span class='ocr_line' id='line_1_46' title="bbox 158 2413 832 2460; baseline -0.001 -13"><span class='ocrx_word' id='word_1_254' title='bbox 158 2414 371 2460; x_wconf 79' lang='lat' dir='ltr'>ingeniosam</span> <span class='ocrx_word' id='word_1_255' title='bbox 399 2414 553 2459; x_wconf 87' lang='lat' dir='ltr'>Tongilii</span> <span class='ocrx_word' id='word_1_256' title='bbox 580 2413 733 2455; x_wconf 83' lang='lat' dir='ltr'>deridet,</span> <span class='ocrx_word' id='word_1_257' title='bbox 758 2413 832 2447; x_wconf 83' lang='lat' dir='ltr'>hel-</span> 
     </span>
     <span class='ocr_line' id='line_1_47' title="bbox 157 2467 835 2512; baseline -0.001 -12"><span class='ocrx_word' id='word_1_258' title='bbox 157 2467 273 2501; x_wconf 82' lang='lat' dir='ltr'>luonis</span> <span class='ocrx_word' id='word_1_259' title='bbox 292 2467 518 2512; x_wconf 81' lang='lat' dir='ltr'>sagacissimi,</span> <span class='ocrx_word' id='word_1_260' title='bbox 541 2480 575 2500; x_wconf 88' lang='lat' dir='ltr'>se</span> <span class='ocrx_word' id='word_1_261' title='bbox 597 2467 721 2499; x_wconf 87' lang='lat' dir='ltr'>morbo</span> <span class='ocrx_word' id='word_1_262' title='bbox 740 2467 835 2499; x_wconf 86' lang='lat' dir='ltr'>labo-</span> 
     </span>
     <span class='ocr_line' id='line_1_48' title="bbox 156 2519 833 2565; baseline -0.003 -11"><span class='ocrx_word' id='word_1_263' title='bbox 156 2529 289 2554; x_wconf 81' lang='lat' dir='ltr'>rantem</span> <span class='ocrx_word' id='word_1_264' title='bbox 311 2520 504 2553; x_wconf 81' lang='lat' dir='ltr'>simulantis</span> <span class='ocrx_word' id='word_1_265' title='bbox 522 2547 530 2562; x_wconf 91' lang='lat'>,</span> <span class='ocrx_word' id='word_1_266' title='bbox 552 2528 590 2553; x_wconf 91' lang='lat' dir='ltr'>ut</span> <span class='ocrx_word' id='word_1_267' title='bbox 609 2520 771 2565; x_wconf 81' lang='lat' dir='ltr'>protinus</span> <span class='ocrx_word' id='word_1_268' title='bbox 790 2519 833 2552; x_wconf 80' lang='lat' dir='ltr'>ad</span> 
     </span>
     <span class='ocr_line' id='line_1_49' title="bbox 157 2573 831 2619; baseline -0.001 -13"><span class='ocrx_word' id='word_1_269' title='bbox 157 2586 192 2606; x_wconf 84' lang='lat' dir='ltr'>se</span> <span class='ocrx_word' id='word_1_270' title='bbox 205 2573 426 2606; x_wconf 84' lang='lat' dir='ltr'>mitterentur</span> <span class='ocrx_word' id='word_1_271' title='bbox 441 2574 482 2606; x_wconf 83' lang='lat' dir='ltr'>ab</span> <span class='ocrx_word' id='word_1_272' title='bbox 502 2573 620 2606; x_wconf 79' lang='lat' dir='ltr'>amicis</span> <span class='ocrx_word' id='word_1_273' title='bbox 637 2573 746 2619; x_wconf 85' lang='lat' dir='ltr'>pisces</span> <span class='ocrx_word' id='word_1_274' title='bbox 759 2574 831 2606; x_wconf 81' lang='lat' dir='ltr'>exi-</span> 
     </span>
     <span class='ocr_line' id='line_1_50' title="bbox 158 2626 832 2672; baseline 0.001 -14"><span class='ocrx_word' id='word_1_275' title='bbox 158 2626 240 2668; x_wconf 84' lang='lat' dir='ltr'>mii,</span> <span class='ocrx_word' id='word_1_276' title='bbox 261 2639 338 2659; x_wconf 64' lang='lat' dir='ltr'>aves</span> <span class='ocrx_word' id='word_1_277' title='bbox 362 2627 538 2672; x_wconf 78' lang='lat' dir='ltr'>exquisitae</span> <span class='ocrx_word' id='word_1_278' title='bbox 553 2652 561 2666; x_wconf 91' lang='lat'>‚</span> <span class='ocrx_word' id='word_1_279' title='bbox 584 2627 662 2659; x_wconf 70' lang='lat' dir='ltr'>vina</span> <span class='ocrx_word' id='word_1_280' title='bbox 681 2626 811 2672; x_wconf 78' lang='lat' dir='ltr'>optima</span> <span class='ocrx_word' id='word_1_281' title='bbox 824 2653 832 2667; x_wconf 91' lang='lat'><em>‚</em></span> 
     </span>
     <span class='ocr_line' id='line_1_51' title="bbox 157 2679 832 2724; baseline 0 -12"><span class='ocrx_word' id='word_1_282' title='bbox 157 2691 233 2724; x_wconf 84' lang='lat' dir='ltr'>quae</span> <span class='ocrx_word' id='word_1_283' title='bbox 247 2679 282 2713; x_wconf 87' lang='lat' dir='ltr'>in</span> <span class='ocrx_word' id='word_1_284' title='bbox 297 2679 436 2713; x_wconf 89' lang='lat' dir='ltr'>lucrum</span> <span class='ocrx_word' id='word_1_285' title='bbox 451 2687 483 2713; x_wconf 84' lang='lat' dir='ltr'>et</span> <span class='ocrx_word' id='word_1_286' title='bbox 498 2679 638 2713; x_wconf 83' lang='lat' dir='ltr'>delicias</span> <span class='ocrx_word' id='word_1_287' title='bbox 655 2692 723 2713; x_wconf 83' lang='lat' dir='ltr'>suae</span> <span class='ocrx_word' id='word_1_288' title='bbox 737 2691 832 2712; x_wconf 85' lang='lat' dir='ltr'>men·</span> 
     </span>
    </p>
   </div>
   <div class='ocr_carea' id='block_1_16' title="bbox 890 2253 1570 2714">
    <p class='ocr_par' dir='ltr' id='par_1_18' title="bbox 890 2253 1570 2406">
     <span class='ocr_line' id='line_1_52' title="bbox 892 2253 1570 2299; baseline 0.003 -12"><span class='ocrx_word' id='word_1_289' title='bbox 892 2267 936 2287; x_wconf 77' lang='lat' dir='ltr'>sae</span> <span class='ocrx_word' id='word_1_290' title='bbox 951 2262 1120 2294; x_wconf 85' lang='lat' dir='ltr'>verteret,</span> <span class='ocrx_word' id='word_1_291' title='bbox 1135 2254 1215 2298; x_wconf 80' lang='lat' dir='ltr'>gula</span> <span class='ocrx_word' id='word_1_292' title='bbox 1226 2253 1345 2299; x_wconf 83' lang='lat' dir='ltr'>potius</span> <span class='ocrx_word' id='word_1_293' title='bbox 1357 2267 1461 2299; x_wconf 86' lang='lat' dir='ltr'>quam</span> <span class='ocrx_word' id='word_1_294' title='bbox 1475 2255 1570 2289; x_wconf 87' lang='lat' dir='ltr'>febre</span> 
     </span>
     <span class='ocr_line' id='line_1_53' title="bbox 890 2306 1565 2352; baseline 0.003 -12"><span class='ocrx_word' id='word_1_295' title='bbox 890 2307 1064 2340; x_wconf 75' lang='lat' dir='ltr'>laborans.</span> <span class='ocrx_word' id='word_1_296' title='bbox 1082 2306 1176 2339; x_wconf 86' lang='lat' dir='ltr'>Vide</span> <span class='ocrx_word' id='word_1_297' title='bbox 1196 2306 1351 2352; x_wconf 86' lang='lat' dir='ltr'>ejusdem</span> <span class='ocrx_word' id='word_1_298' title='bbox 1370 2309 1565 2352; x_wconf 85' lang='lat' dir='ltr'>argumenti</span> 
     </span>
     <span class='ocr_line' id='line_1_54' title="bbox 892 2360 1570 2406; baseline 0.006 -14"><span class='ocrx_word' id='word_1_299' title='bbox 892 2360 1105 2406; x_wconf 83' lang='lat' dir='ltr'>epigramma</span> <span class='ocrx_word' id='word_1_300' title='bbox 1128 2372 1278 2393; x_wconf 79' lang='lat' dir='ltr'>Lxxxvu</span> <span class='ocrx_word' id='word_1_301' title='bbox 1294 2386 1302 2401; x_wconf 92' lang='lat'>‚</span> <span class='ocrx_word' id='word_1_302' title='bbox 1330 2360 1392 2394; x_wconf 84' lang='lat' dir='ltr'>lib.</span> <span class='ocrx_word' id='word_1_303' title='bbox 1412 2362 1476 2394; x_wconf 87' lang='lat' dir='ltr'>XI.</span> <span class='ocrx_word' id='word_1_304' title='bbox 1501 2363 1570 2397; x_wconf 80' lang='lat' dir='ltr'>En.</span> 
     </span>
    </p>

    <p class='ocr_par' dir='ltr' id='par_1_19' title="bbox 892 2414 1570 2607">
     <span class='ocr_line' id='line_1_55' title="bbox 952 2414 1569 2459; baseline 0.005 -14"><span class='ocrx_word' id='word_1_305' title='bbox 952 2426 981 2446; x_wconf 85' lang='lat'>1.</span> <span class='ocrx_word' id='word_1_306' title='bbox 1018 2414 1194 2457; x_wconf 77' lang='lat' dir='ltr'>Tongilius.</span> <span class='ocrx_word' id='word_1_307' title='bbox 1227 2414 1279 2446; x_wconf 89' lang='lat' dir='ltr'>De</span> <span class='ocrx_word' id='word_1_308' title='bbox 1312 2414 1478 2459; x_wconf 82' lang='lat' dir='ltr'>Tongilio</span> <span class='ocrx_word' id='word_1_309' title='bbox 1515 2416 1569 2448; x_wconf 90' lang='lat' dir='ltr'>vel</span> 
     </span>
     <span class='ocr_line' id='line_1_56' title="bbox 892 2465 1570 2512; baseline 0.006 -14"><span class='ocrx_word' id='word_1_310' title='bbox 892 2466 1058 2511; x_wconf 88' lang='lat' dir='ltr'>Tongillo</span> <span class='ocrx_word' id='word_1_311' title='bbox 1085 2465 1236 2512; x_wconf 85' lang='lat' dir='ltr'>quodam</span> <span class='ocrx_word' id='word_1_312' title='bbox 1259 2478 1413 2512; x_wconf 76' lang='lat' dir='ltr'>paupere</span> <span class='ocrx_word' id='word_1_313' title='bbox 1435 2469 1570 2502; x_wconf 78' lang='lat' dir='ltr'>mentio</span> 
     </span>
     <span class='ocr_line' id='line_1_57' title="bbox 893 2518 1569 2565; baseline 0.003 -13"><span class='ocrx_word' id='word_1_314' title='bbox 893 2518 988 2565; x_wconf 85' lang='lat' dir='ltr'>apud</span> <span class='ocrx_word' id='word_1_315' title='bbox 1029 2520 1234 2552; x_wconf 82' lang='lat' dir='ltr'>Juvenalem</span> <span class='ocrx_word' id='word_1_316' title='bbox 1248 2545 1256 2558; x_wconf 92' lang='lat'>‚</span> <span class='ocrx_word' id='word_1_317' title='bbox 1291 2519 1360 2553; x_wconf 88' lang='lat' dir='ltr'>Sat.</span> <span class='ocrx_word' id='word_1_318' title='bbox 1393 2521 1475 2554; x_wconf 83' lang='lat' dir='ltr'><strong>VII.</strong></span> <span class='ocrx_word' id='word_1_319' title='bbox 1518 2545 1569 2548; x_wconf 81' lang='lat'><strong>-</strong></span> 
     </span>
     <span class='ocr_line' id='line_1_58' title="bbox 893 2573 1497 2607; baseline 0.002 -2"><span class='ocrx_word' id='word_1_320' title='bbox 893 2573 1105 2606; x_wconf 76' lang='lat' dir='ltr'>Hemilritoeo.</span> <span class='ocrx_word' id='word_1_321' title='bbox 1125 2573 1228 2606; x_wconf 76' lang='lat' dir='ltr'>Fehri</span> <span class='ocrx_word' id='word_1_322' title='bbox 1251 2573 1497 2607; x_wconf 71' lang='lat' dir='ltr'>semitm-tiana.</span> 
     </span>
    </p>

    <p class='ocr_par' dir='ltr' id='par_1_20' title="bbox 892 2626 1570 2714">
     <span class='ocr_line' id='line_1_59' title="bbox 950 2626 1569 2672; baseline 0.003 -14"><span class='ocrx_word' id='word_1_323' title='bbox 950 2639 981 2658; x_wconf 83' lang='lat'>2.</span> <span class='ocrx_word' id='word_1_324' title='bbox 1003 2626 1087 2658; x_wconf 71' lang='lat' dir='ltr'>Novi</span> <span class='ocrx_word' id='word_1_325' title='bbox 1103 2626 1234 2659; x_wconf 75' lang='lat' dir='ltr'>hominis</span> <span class='ocrx_word' id='word_1_326' title='bbox 1249 2627 1402 2669; x_wconf 67' lang='lat' dir='ltr'>fraudes,</span> <span class='ocrx_word' id='word_1_327' title='bbox 1434 2627 1468 2659; x_wconf 87' lang='lat' dir='ltr'>in</span> <span class='ocrx_word' id='word_1_328' title='bbox 1492 2628 1569 2672; x_wconf 82' lang='lat' dir='ltr'>qui-</span> 
     </span>
     <span class='ocr_line' id='line_1_60' title="bbox 892 2677 1570 2714; baseline 0.003 -3"><span class='ocrx_word' id='word_1_329' title='bbox 892 2677 1050 2713; x_wconf 74' lang='lat' dir='ltr'>busdam.</span> <span class='ocrx_word' id='word_1_330' title='bbox 1064 2701 1114 2707; x_wconf 87' lang='lat'>-—</span> <span class='ocrx_word' id='word_1_331' title='bbox 1125 2679 1210 2712; x_wconf 77' lang='lat' dir='ltr'>Novi</span> <span class='ocrx_word' id='word_1_332' title='bbox 1223 2680 1353 2712; x_wconf 57' lang='lat' dir='ltr'>hominii</span> <span class='ocrx_word' id='word_1_333' title='bbox 1368 2692 1476 2714; x_wconf 79' lang='lat' dir='ltr'>mores.</span> <span class='ocrx_word' id='word_1_334' title='bbox 1491 2681 1570 2713; x_wconf 79' lang='lat' dir='ltr'>Nou</span> 
     </span>
    </p>
   </div>
  </div>
 </body>
</html>
