2061 3288
352 208 439 250 DE
478 208 612 250 ING.
652 209 731 250 ET
770 208 965 250 OPER.
1008 207 1413 250 MARTlALIS.
1490 223 1585 250 xxv

172 305 265 338 tum
305 295 525 338 mcmoriae
561 304 651 350 est,
681 311 732 337 eo
769 312 904 355 usque
940 293 1203 338 delectatum
1231 293 1389 337 AElium
1418 295 1584 338 Verum

171 367 478 426 imperatorem
497 366 612 410 unici
633 366 1003 427 epigrammatarii
1025 364 1265 421 versiculis,
1284 374 1332 408 ut
1347 381 1447 408 eum
1466 382 1586 420 rure,

173 437 318 489 (lomi,
354 437 396 479 in
438 437 540 491 viis,
568 437 611 479 in
642 439 816 490 castris,
853 437 932 482 sub
959 435 1202 498 pulvinari,
1228 437 1351 497 quasi
1388 435 1588 479 manuale

173 507 416 567 quoddam,
444 508 675 567 Epicteteo
706 524 809 552 sane
836 508 1053 569 jocosius,
1085 507 1419 552 circumferret:
1457 524 1590 568 porro

173 579 252 622 etsi
277 576 510 639 aliquando
541 577 694 639 aliquis
714 580 811 639 jure
837 596 916 623 suo
942 579 984 622 id
1007 578 1236 630 effuderit,

387 686 613 723 «Auriculas
637 687 732 724 asini
752 687 857 724 Mida
876 700 942 724 rex
963 686 1129 732 habet»,¹

174 795 291 840 haud
310 797 526 840 immerito
550 814 629 841 nos
649 813 750 841 cum
772 795 855 840 alio
870 833 881 851 ‚
907 806 949 841 et
980 814 1032 841 eo
1054 797 1199 841 minus
1223 797 1378 840 tetrico
1394 832 1405 852 ‚
1427 805 1591 856 satyro·

176 867 347 929 grapho
362 903 374 922 ‚
395 884 680 929 reponemus:

282 977 549 1028 «Principibus
568 979 757 1028 placuisse
777 979 866 1016 viris
889 992 966 1015 non
989 979 1121 1015 ultima
1142 979 1224 1015 laus
1243 986 1335 1014 cst.»
1350 984 1360 998 ²

178 1088 226 1130 C.
251 1084 431 1129 Sollium
459 1085 684 1130 Sidonium
698 1085 995 1147 Apollinarem
1014 1096 1222 1147 praeterea
1249 1087 1474 1146 utriusque
1500 1102 1594 1129 sen-

178 1158 321 1200 tentiae
341 1156 573 1218 suffragari
593 1174 682 1200 non
703 1156 917 1201 silendum
933 1193 943 1212 ,
963 1157 1036 1218 qui
1050 1192 1061 1211 ,
1087 1167 1135 1201 ut
1154 1173 1311 1218 parum
1336 1174 1595 1201 numerosus

180 1237 223 1271 ct
248 1226 386 1271 fluens
417 1229 462 1270 in
496 1227 748 1282 scribendo,
777 1229 835 1271 ita
866 1229 910 1271 in
929 1228 1169 1288 judicando
1199 1238 1430 1272 accuratus
1456 1238 1500 1271 et
1530 1244 1594 1271 sa-

179 1314 284 1359 gaX,
317 1298 563 1342 Martialem
604 1299 653 1342 iis
684 1309 945 1342 annumerat
972 1299 1130 1360 quibus
1162 1301 1374 1360 Hispania
1409 1300 1595 1342 maxime

179 1360 476 1430 gloriabatur3
500 1387 508 1413 :
531 1368 774 1431 protulerat
790 1379 936 1414 tamen
960 1372 1190 1414 Lucanum
1211 1381 1254 1414 et
1281 1371 1391 1414 duos
1412 1372 1597 1414 Senecas

181 1440 420 1502 Hispania,
445 1442 519 1502 qui
557 1440 709 1485 iisdem
748 1441 837 1485 fere
875 1441 1146 1502 temporibus
1181 1441 1440 1502 eloquentiae
1471 1440 1596 1485 simul

181 1520 224 1554 et
253 1512 495 1555 carminum
528 1513 745 1573 principes
776 1512 1075 1567 habebantur,
1097 1523 1140 1556 et
1165 1512 1301 1557 Italiae
1329 1514 1430 1574 ipsis
1455 1514 1499 1556 in
1523 1530 1596 1573 pe-

181 1581 440 1638 netralibus,
490 1584 630 1644 patrio
669 1584 844 1645 ingenio
887 1583 1058 1639 fideles,
1086 1584 1303 1628 Ibericum
1349 1585 1596 1645 ingenium,

183 1653 395 1697 lberieam
425 1655 514 1697 vim
542 1671 745 1715 poeseos,
775 1665 819 1699 et
847 1657 968 1716 quasi
997 1655 1212 1699 lberieam
1247 1655 1471 1699 literarum
1501 1654 1598 1699 offi-

184 1725 324 1767 cinam
354 1725 629 1769 exhibebant.
650 1728 752 1770 Haee
772 1726 949 1786 quidem
971 1725 1075 1770 olim
1102 1736 1145 1770 et
1167 1736 1268 1770 ante
1284 1727 1447 1787 jactata
1468 1743 1598 1787 quam

185 1811 207 1836 a
234 1796 435 1839 Bai-baris
462 1798 709 1841 Caesareum
735 1798 967 1858 imperium
992 1796 1226 1841 velleretur
1242 1834 1252 1850 ,

451 1922 464 1937 «
473 1906 661 1943 Incolumi
679 1910 774 1944 Jove
795 1916 832 1943 et
850 1907 947 1944 urbe
967 1910 1090 1944 Roma
1102 1905 1154 1952 »ῤ’

187 2014 435 2073 vigescente
475 2015 715 2059 etiamnum
762 2016 919 2059 Latina
956 2015 1127 2077 lingua,
1154 2025 1197 2059 et
1238 2015 1327 2059 fere
1364 2015 1418 2058 ab
1460 2031 1600 2075 aequa-

189 2082 310 2128 libus.
344 2085 430 2128 Ubi
455 2095 601 2129 autem
628 2096 727 2147 post
750 2096 896 2131 aetates
923 2086 1082 2131 multas
1113 2087 1258 2130 denuo
1288 2097 1402 2129 artes
1428 2102 1478 2129 ac
1505 2084 1601 2129 lite-

190 2170 247 2197 1·ae
278 2171 301 2197 e
335 2155 542 2216 sepulcris
576 2158 661 2201 suis
692 2174 907 2202 emersere
947 2159 990 2202 in
1018 2158 1183 2213 lucem,
1214 2174 1294 2219 par
1329 2157 1495 2212 honos,
1525 2173 1604 2218 par

190 2241 338 2281 amor,
370 2243 449 2286 par
483 2227 714 2272 admiratio
744 2229 992 2273 Martialem
1031 2229 1295 2273 circumfusa
1340 2238 1429 2280 cst,
1464 2244 1605 2288 neque

191 2294 461 2353 laudatores,
496 2308 775 2343 annotatores
809 2310 852 2343 et
882 2301 1141 2360 interpretes
1182 2300 1220 2342 ei
1257 2300 1394 2360 magis
1426 2299 1604 2342 (lcfuerc

192 2383 319 2426 quam
334 2367 475 2411 Tullio
498 2378 538 2411 et
560 2371 744 2413 Maroni.
760 2364 879 2425 (Vid.
896 2371 950 2415 ad
964 2371 1091 2430 liujus
1112 2371 1425 2415 dissertationis
1439 2369 1602 2414 calcem

252 2509 281 2529 1.
303 2496 396 2529 Pers.
415 2507 476 2530 sat.
495 2499 530 2537 I,
549 2511 594 2530 vs.
619 2510 629 2529 l
644 2511 701 2531 21.

249 2564 279 2581 ·›,.
299 2549 420 2583 Horat.
438 2550 537 2596 epist.
556 2552 671 2595 1,]7,
690 2564 737 2584 xs.
760 2551 816 2585 35.

250 2603 281 2635 3.
301 2601 417 2635 Sidon.
438 2604 593 2648 Apollin.
614 2606 648 2637 in
670 2605 811 2637 carmin.
833 2606 881 2638 IX
899 2614 931 2638 et
953 2606 1083 2638 XXIII.

251 2660 266 2694 Υ,
307 2655 426 2688 Horat.
450 2657 506 2688 lib.
530 2658 596 2696 111,
618 2657 673 2690 od.
694 2671 723 2691 v.
743 2659 877 2703 sti-oph.
900 2658 938 2700 3,
957 2672 1001 2692 vs.
1025 2659 1124 2692 ultim
