2061 3288
441 226 1025 273 EPIGRAMMATUM
1065 227 1189 270 LlB.
1231 226 1328 268 Ill.

1495 222 1592 284 267

849 375 916 433 V.

695 528 763 556 AD
801 504 1085 557 nummum*

246 644 330 687 V1s
355 642 654 687 commendari
673 645 765 687 sine
791 659 860 687 me
881 658 1088 687 cursurus
1111 643 1156 685 in
1181 641 1373 695 Urbem,

317 715 455 757 Parve
481 712 609 771 liber,
640 712 820 758 multis?
848 729 904 757 an
935 714 1036 757 satis
1064 729 1177 757 unus
1202 712 1312 757 erit?

247 784 374 828 Unus
399 785 502 838 erit,
533 785 640 829 mihi
665 784 817 841 crede,
841 785 966 838 satis,
994 785 1064 828 cui
1094 800 1183 828 non
1214 786 1299 829 eris
1325 784 1506 846 hospes,

318 854 482 911 Julius,
503 856 725 900 assiduum
751 872 913 900 nomen
937 855 981 898 in
1008 871 1084 899 ore
1112 871 1223 899 meo.

249 927 452 970 Protinus
479 927 597 972 hune
623 928 773 988 primae
798 943 965 988 quaeres
990 927 1034 970 in
1062 925 1210 970 limine
1233 928 1405 983 Tectae3
1589 946 1602 969 s

321 997 446 1055 Quos
473 1000 613 1043 tenuit
638 998 840 1060 Daphnis
856 1033 868 1055 ,
891 1014 1009 1042 nunc
1032 1007 1153 1042 tenet
1177 996 1247 1041 ille
1261 1033 1272 1055 ,
1293 1000 1440 1042 Lares.

233 1127 249 1143 *
266 1130 413 1164 Librum
424 1156 433 1172 ,
456 1131 566 1178 epigr.
585 1144 615 1165 11
629 1144 732 1178 supra
746 1158 755 1174 ‚
772 1132 861 1166 Fau-

181 1182 274 1218 stino
285 1183 428 1217 missum
437 1209 445 1224 ,
455 1185 551 1219 Julio
562 1197 704 1231 quoque
713 1185 863 1227 Cereali,

180 1236 296 1270 amico
315 1249 396 1279 suo,
417 1237 550 1279 mittit3
570 1237 668 1284 quod
685 1248 723 1273 ut
740 1239 862 1281 faciat,

179 1290 310 1323 librum
331 1291 524 1336 alloquitur
536 1317 546 1333 ,
565 1304 636 1337 qua
654 1299 710 1325 eat
725 1292 779 1325 via
798 1291 863 1325 do-

180 1343 438 1388 cet,jubetque
456 1344 594 1378 Julium
612 1346 759 1390 ejusque
780 1358 865 1379 uxo·

180 1408 255 1429 rem
272 1408 338 1441 pro
353 1408 389 1430 se
405 1396 553 1431 salutare
568 1424 576 1439 ,
594 1398 721 1431 omissa
735 1398 863 1443 episto-

180 1449 221 1482 lae
256 1448 562 1484 commendatione
575 1476 585 1492 ‚
619 1458 660 1484 ut
695 1451 737 1484 fit
770 1451 864 1486 inter

180 1502 379 1536 familiares.
399 1503 466 1536 En.

240 1567 271 1588 1.
297 1555 356 1588 Vis
377 1556 598 1590 commendari.
619 1557 679 1590 Me
698 1570 772 1590 non
801 1557 864 1591 ha-

181 1607 319 1641 biturus
353 1617 542 1654 patronum
581 1618 616 1643 et
652 1609 831 1644 vindicem
855 1636 865 1652 ,

184 1660 264 1694 foro
287 1661 443 1695 Cornelii
466 1672 743 1697 commorantem
761 1690 770 1705 ,
791 1664 864 1705 vis,

183 1725 290 1759 parve
311 1714 419 1756 liber,
440 1715 504 1748 tibi
524 1716 609 1749 alios
627 1715 782 1750 indicem
802 1730 864 1763 pa·

184 1775 306 1800 tronos
327 1779 367 1801 ac
384 1767 563 1802 vindices?
582 1770 651 1802 En.

239 1820 274 1853 3.
300 1821 387 1854 Unus
403 1823 480 1861 erit,
499 1829 564 1855 etc.
581 1822 651 1855 Pro
667 1822 786 1856 multis
799 1823 866 1856 erit

184 1872 312 1915 Julius,
324 1873 419 1907 fidus
433 1875 564 1908 amicus
575 1901 583 1916 ,
597 1875 658 1921 qui
668 1884 701 1910 te
712 1876 866 1921 benigne

184 1926 335 1972 excipiet
354 1939 395 1960 ex
415 1940 472 1961 me
488 1929 702 1962 venientem.
725 1928 791 1962 Et).
814 1950 866 1956 —-

186 1979 323 2024 Hospes.
348 1981 517 2025 Ignotus;
543 1981 654 2027 ignoti
675 1983 767 2015 enim
793 1983 866 2015 fere

186 2040 269 2065 sunt
285 2033 441 2078 hospites
458 2042 492 2067 et
508 2035 696 2080 peregrini.

243 2090 277 2126 4.
300 2085 398 2130 Cujus
413 2095 444 2119 et
457 2087 617 2120 assiduum
633 2089 769 2122 Beverl.
790 2088 865 2122 MS.

186 2159 239 2164 —
250 2138 366 2172 Julius.
381 2139 436 2172 Ad
449 2153 554 2186 quem
566 2141 628 2175 lib.
639 2142 656 2173 Ι
667 2142 778 2188 epigr.
792 2154 864 2175 ΧΠ.

187 2212 240 2218 —
274 2192 448 2226 Assiduum
482 2207 602 2228 nomen.
635 2195 728 2236 Quia
756 2196 866 2228 multa

188 2253 269 2278 sunt
287 2244 324 2277 in
346 2258 468 2290 opere,
489 2247 550 2279 uhi
567 2246 611 2280 de
628 2260 670 2280 eo
691 2248 838 2281 mentio.

242 2301 274 2331 5.
293 2298 446 2332 Protinus
468 2299 549 2332 lzunc
576 2300 690 2341 adeas,
710 2304 867 2347 primique

187 2351 218 2383 in
230 2350 335 2383 limine
348 2354 421 2384 tecti
435 2351 490 2386 ed.
506 2354 612 2398 antiq.
628 2354 655 2386 F
658 2366 765 2388 errar.
780 2367 864 2387 ann.

192 2407 310 2448 14713
347 2404 427 2438 Ald.
465 2405 580 2448 1501;
615 2407 714 2440 Junt.
748 2407 864 2441 Colin.

187 2456 325 2502 Gryph.
356 2458 430 2492 aliae
459 2466 543 2492 vett.
567 2461 666 2505 primi
689 2462 742 2506 qui
762 2460 867 2493 limine

188 2512 261 2542 tecti
289 2518 389 2544 vetus
421 2510 532 2545 codex
567 2513 741 2558 Cagnerii.
773 2514 864 2547 Dan.

187 2562 308 2596 Heins.
331 2563 373 2597 ad
391 2564 515 2599 Claud.
531 2566 586 2598 III
603 2567 710 2600 Cous.
728 2567 864 2600 Honor.

195 2627 237 2648 10
249 2641 258 2656 ‚
288 2628 329 2650 ex
357 2619 508 2664 vestigiis
543 2619 706 2653 Vaticani
738 2619 867 2654 codicis

189 2669 382 2714 corrigebat
410 2683 418 2704 :
441 2675 554 2717 primce
574 2675 605 2706 in
627 2673 731 2707 limine
753 2682 841 2706 tectae
855 2688 867 2712 ;

920 1130 1018 1178 quod
1042 1130 1086 1164 ad
1109 1131 1277 1165 Senecam
1302 1131 1506 1165 Gronovius
1531 1131 1604 1176 jam

922 1193 1165 1230 occupaverat.
1197 1185 1275 1219 Nic.
1301 1197 1386 1218 vero
1411 1184 1533 1217 Heins.
1559 1182 1603 1216 ad

924 1236 1027 1272 Ovid.
1053 1238 1143 1272 Fast.
1172 1239 1248 1280 VI,
1282 1251 1349 1283 192
1367 1265 1377 1280 ,
1411 1236 1602 1271 emendat:

925 1292 1074 1324 Protinus
1088 1292 1168 1324 hunc
1185 1294 1298 1336 primae
1314 1293 1479 1338 quaesitum
1497 1293 1508 1324 i
1522 1291 1605 1323 limi-

922 1358 964 1377 na
985 1345 1090 1378 Tectoe
1103 1357 1116 1378 :
1134 1345 1224 1389 Quos
1242 1348 1341 1377 tenuit
1352 1371 1361 1386 ‚
1378 1353 1445 1378 etc.
1462 1346 1512 1378 Ita
1525 1370 1534 1385 ,
1552 1344 1605 1376 in-

923 1398 1024 1443 quit,
1056 1410 1096 1430 ex
1126 1398 1280 1443 vestigiis
1315 1398 1603 1431 membranarum

922 1449 1151 1484 scribendum
1168 1472 1177 1490 ‚
1206 1450 1385 1496 quidquid
1414 1451 1481 1484 viri
1509 1450 1605 1484 docti

923 1504 1177 1549 obloquantur.
1205 1505 1413 1538 Lectionem
1448 1512 1605 1538 nostram

923 1565 1097 1590 testantur
1118 1555 1225 1591 codd.
1246 1558 1428 1599 Scriverii,
1447 1570 1608 1603 unusque

923 1610 1111 1650 Farnabii‚
1139 1610 1350 1644 Oxoniensis
1381 1610 1525 1644 scilicet.
1554 1631 1607 1637 —

922 1664 1076 1697 Protinus
1092 1664 1173 1696 liunc
1185 1667 1299 1709 primae
1316 1677 1435 1712 quoeres
1450 1667 1481 1697 in
1501 1665 1607 1697 limine

929 1718 1047 1751 Tectae.
1071 1718 1179 1751 Tecta
1198 1726 1272 1751 erat
1301 1717 1462 1764 quaedam
1497 1717 1607 1751 Urbis

923 1770 1002 1812 via,
1023 1770 1061 1803 in
1086 1772 1184 1817 cujus
1213 1771 1371 1817 ingressu
1397 1779 1497 1805 erant
1516 1769 1606 1804 aedes

924 1822 1023 1856 istius
1043 1823 1143 1857 Julii.
1170 1824 1241 1856 Alii
1268 1825 1389 1870 legunt
1416 1837 1424 1858 :
1454 1826 1607 1857 Protinus

925 1876 1006 1908 hunc
1019 1876 1115 1909 adeas
1127 1904 1136 1918 ,
1152 1880 1307 1923 primique
1326 1880 1359 1910 in
1378 1878 1483 1910 limine
1507 1879 1579 1909 tecti
1594 1889 1605 1909 .·

925 1937 959 1962 et
980 1927 1110 1974 duplex
1129 1938 1179 1963 est
1197 1942 1339 1972 sensus3
1358 1931 1492 1964 scilicet
1511 1944 1519 1963 ε
1542 1931 1607 1963 Ju-

924 1982 993 2015 lius
1019 1983 1153 2016 habitat
1178 1983 1331 2028 primam
1356 1982 1502 2017 domum
1530 1996 1608 2029 quae

926 2047 962 2068 se
984 2035 1089 2069 offert
1111 2037 1260 2069 Romam
1291 2049 1354 2083 per
1382 2037 1474 2070 viam
1495 2037 1607 2070 AEmi-

924 2088 1009 2121 liam
1025 2088 1322 2134 ingredientibus3
1339 2098 1414 2131 aut,
1427 2091 1533 2124 Recta
1550 2089 1607 2124 adi

924 2141 1060 2175 Julium
1085 2143 1288 2185 Cerealem,
1317 2156 1468 2188 eumque
1497 2145 1608 2177 saluta

926 2195 962 2227 in
990 2198 1088 2241 primi
1119 2198 1192 2228 tecti
1222 2197 1348 2237 limine,
1377 2197 1444 2230 hoc
1469 2205 1544 2238 est,
1567 2198 1604 2230 in

926 2248 1015 2281 atrio
1039 2250 1115 2295 ipso
1127 2275 1136 2290 ,
1160 2258 1199 2283 ut
1217 2250 1246 2283 si
1266 2249 1398 2284 diceret
1414 2262 1421 2282 :
1438 2251 1498 2283 Nil
1519 2263 1607 2296 opus

926 2301 990 2334 tibi
1003 2311 1142 2348 captare
1155 2311 1325 2336 secretum
1339 2328 1348 2343 ,
1360 2303 1395 2336 in
1411 2304 1500 2337 atrio
1517 2304 1607 2350 ipso,

926 2367 1002 2400 quae
1030 2356 1144 2401 prima
1165 2369 1244 2401 pars
1273 2356 1400 2390 aedium
1425 2365 1461 2390 et
1490 2357 1607 2390 limini

927 2408 1087 2452 proxima
1115 2417 1184 2450 est,
1211 2409 1303 2443 inter
1323 2411 1551 2444 salutatorum
1573 2419 1610 2444 et

926 2460 1109 2495 clientium
1122 2462 1238 2496 officia
1253 2475 1334 2496 eum
1350 2463 1444 2497 adire
1458 2465 1606 2510 poteris;

927 2514 1024 2548 nulla
1042 2515 1137 2548 enim
1158 2528 1256 2549 mora
1274 2516 1500 2563 interposita,
1519 2518 1608 2551 reci-

928 2567 1002 2612 piet
1022 2577 1056 2602 te
1071 2594 1079 2609 ,
1101 2576 1135 2601 et
1152 2569 1253 2615 leget.
1272 2571 1481 2606 Mus-ambert.

983 2623 1017 2655 6.
1042 2623 1199 2667 Daphnis.
1224 2622 1330 2657 Dives
1356 2624 1482 2670 aliquis
1503 2625 1610 2659 libern

929 2682 985 2708 tus
1002 2701 1010 2715 ,
1036 2684 1095 2709 aut
1114 2676 1200 2710 alius
1220 2677 1324 2722 vulgo
1345 2687 1458 2711 notus.
