2061 3288
471 234 562 290 143

844 234 905 276 M.
928 233 1069 275 VAL.
1109 232 1497 276 MARTIALIS

534 323 601 365 Ne
628 331 774 365 tamen
799 320 854 363 ad
875 320 1043 380 Stygias
1069 317 1256 362 famulus
1280 318 1562 363 descenderet
1582 318 1759 364 umbras
1780 356 1791 376 ‚

612 393 772 436 Ureret
795 389 1053 451 implicitum
1078 406 1212 449 quum
1238 389 1446 433 scelerata
1468 388 1560 434 lues
1575 423 1585 441 ,

538 464 770 516 Cavimus,
799 471 841 505 et
871 461 1035 504 domini
1062 460 1131 520 jus
1163 476 1291 503 omne
1321 461 1563 504 remisimus
1592 477 1740 521 aegro:

606 534 791 576 Munere
814 532 970 593 dignus
997 540 1088 574 erat
1114 529 1385 574 convaluisse
1406 548 1519 575 meo.

538 605 681 649 Sensit
701 603 906 648 deficiens
927 618 1004 645 sua
1025 603 1225 662 praemia,
1247 617 1404 662 meque
1425 611 1659 662 patronum

605 676 747 729 Dixit,
774 674 828 718 ad
853 673 1042 718 infernas
1065 672 1175 716 liber
1200 673 1338 716 iturus
1361 688 1506 733 aquas.
1848 701 1879 716 ω

464 823 544 849 nas,
557 817 621 842 etc.
641 807 767 841 Addita
784 809 899 838 messis.
919 805 974 838 Sic
994 802 1143 836 undevi-

465 863 553 908 ginti
576 873 686 894 annos
708 869 809 893 natus
835 867 909 892 erat
931 857 1142 891 Demetrius.

522 916 556 949 5.
586 914 751 948 Famulus.
782 913 864 946 Non
890 912 1051 944 libertate
1080 908 1145 942 do-

463 978 576 1002 natus.
595 968 721 1001 Sensus
736 973 809 1006 est;
830 965 1003 1005 cavimus,
1023 962 1146 1009 prohi-

463 1023 624 1061 buimus,
647 1033 692 1053 ne
713 1019 805 1053 servi
823 1030 954 1051 nomen
976 1017 1147 1050 retineret

465 1076 501 1108 in
517 1084 674 1108 extremo
695 1072 835 1106 morbo.
854 1092 907 1098 —
926 1070 1058 1103 Similis
1078 1081 1150 1101 ma-

463 1128 633 1161 numissio
649 1125 804 1160 Glauciae
818 1124 919 1171 pueri
938 1123 1027 1156 facta
1041 1134 1059 1154 a
1075 1122 1148 1155 Me-

461 1182 550 1215 liore
564 1179 717 1226 quodam
732 1180 805 1223 ejus
821 1177 966 1211 domino
977 1201 987 1217 ‚
1001 1176 1062 1208 lib.
1074 1176 1146 1216 VI,

465 1235 574 1280 epigT.
613 1245 710 1266 xxm.
747 1230 842 1264 Vide
875 1241 1017 1275 quoque
1054 1228 1145 1261 Plin.

465 1288 548 1321 Jun.
574 1287 673 1332 epist.
700 1287 765 1326 16,
786 1285 849 1317 lib.
871 1283 972 1316 VIII.

521 1353 555 1385 7.
580 1340 775 1383 Domim'jus
795 1349 892 1370 omne.
912 1336 988 1368 Hoc
1008 1337 1065 1379 jus
1083 1333 1147 1367 do-

466 1393 629 1427 minicale
647 1393 681 1424 in
701 1403 818 1424 servos
833 1389 992 1422 terribile
1013 1396 1045 1420 et
1063 1388 1147 1420 hor-

464 1446 619 1480 rendum
642 1445 709 1477 fuit
728 1444 811 1476 olim
836 1441 927 1488 apud
948 1443 1145 1479 Romanos;

465 1511 619 1544 namque
640 1497 718 1530 vitae
745 1505 778 1529 et
802 1495 896 1528 necis
911 1521 920 1536 ‚
940 1492 1147 1539 torquendi-

465 1565 532 1598 que
550 1552 625 1584 fuit.
647 1549 746 1583 Nihil
769 1548 958 1594 proprium
980 1546 1046 1580 sibi
1066 1559 1145 1591 pos-

466 1605 579 1639 sidere
615 1610 751 1649 poterat
773 1613 892 1635 servus
910 1626 920 1642 ‚
955 1612 1000 1633 ne
1039 1599 1146 1632 vitain

466 1656 629 1704 quide1n3
652 1667 797 1688 uxorem
809 1680 818 1695 ‚
839 1662 1000 1700 parentes
1017 1664 1145 1697 cogna-

466 1720 589 1756 tosque
604 1710 734 1742 habere
747 1708 778 1740 ei
797 1720 868 1740 non
885 1707 1011 1739 licebat
1025 1718 1033 1746 ;
1048 1704 1145 1738 deni-

467 1776 534 1810 que
546 1761 699 1796 vendere
714 1773 812 1801 eum,
831 1760 885 1793 vel
902 1759 939 1792 in
956 1771 1142 1792 numerum

464 1816 597 1850 vilioris
618 1813 830 1848 conditionis
850 1825 1031 1846 servorum
1054 1809 1146 1844 redi·

1204 815 1284 848 gere
1304 803 1353 836 fas
1374 802 1519 836 domino
1539 812 1622 837 erat.
1647 804 1771 837 Postea
1794 817 1882 838 vero

1204 868 1311 901 quam
1335 857 1574 889 Romanorum
1596 869 1712 891 mores
1738 857 1885 891 emolliti

1206 909 1362 951 fuerunt,
1370 909 1516 954 pessima
1522 910 1691 943 hactenus
1700 923 1883 944 servorum

1205 961 1362 995 conditio
1386 963 1512 996 melior
1537 963 1654 997 evasit.
1675 963 1749 997 Sub
1768 965 1880 998 Anto-

1204 1016 1300 1048 ninis
1314 1015 1589 1061 imperatoribus
1603 1029 1647 1049 ne
1667 1029 1724 1050 eos
1747 1029 1812 1062 pro
1827 1017 1882 1050 lu-

1205 1068 1281 1102 bitu
1295 1068 1497 1102 occiderent
1514 1068 1647 1102 domini
1663 1070 1884 1115 prohibitum

1206 1122 1290 1163 fuit,
1308 1120 1368 1154 sed
1384 1130 1521 1155 tantum
1533 1135 1668 1169 semper
1683 1148 1693 1164 ‚
1709 1123 1884 1169 etiamque

1207 1175 1272 1208 sub
1288 1175 1496 1208 Christianis
1511 1176 1808 1221 Iniperatoribus,
1827 1189 1883 1210 ca-

1206 1228 1331 1272 stigare
1353 1240 1410 1261 eos
1424 1228 1561 1261 licitum
1583 1230 1658 1262 sine
1674 1229 1745 1262 ulla
1765 1230 1885 1263 restri-

1212 1281 1330 1314 ctione
1352 1281 1429 1314 fuit.
1450 1282 1515 1314 ΕΙ).

1261 1334 1295 1367 8.
1317 1334 1449 1366 Munere
1465 1334 1614 1366 debuerat
1630 1335 1784 1368 tentabat
1801 1336 1883 1368 Ant.

1207 1386 1244 1418 de
1269 1387 1381 1432 Rooy;
1412 1386 1509 1431 quod
1529 1388 1677 1420 verbum
1707 1396 1740 1420 et
1770 1387 1885 1421 intru-

1208 1438 1307 1472 deret
1344 1438 1448 1472 ovid.
1484 1440 1592 1473 Trist.
1629 1441 1682 1472 IV
1696 1466 1705 1482 ,
1741 1442 1760 1474 8
1777 1466 1786 1481 ,
1828 1445 1884 1480 14.

1212 1509 1224 1521 «
1242 1492 1325 1525 Haec
1359 1505 1434 1525 mea
1467 1492 1515 1525 sic
1552 1491 1731 1538 quondam
1769 1494 1886 1539 peragi

1206 1553 1403 1590 speraverat
1421 1553 1498 1578 aetas
1515 1558 1522 1579 :
1542 1545 1614 1579 Hos
1632 1558 1696 1591 ego
1713 1546 1761 1579 sic
1778 1558 1886 1580 annos

1205 1610 1337 1643 ponere
1358 1597 1546 1632 debueram
1560 1624 1570 1640 ‚
1592 1616 1605 1628 u
1631 1611 1696 1644 pro
1723 1616 1736 1628 α
1759 1597 1886 1644 dignus

1208 1663 1315 1684 eram.
1339 1668 1353 1680 »

1262 1703 1523 1749 9.Suapraemia.
1542 1704 1756 1738 Libertatem
1778 1717 1884 1750 quam

1204 1755 1301 1790 fideli
1332 1770 1393 1790 sua
1416 1770 1522 1802 opera
1548 1765 1746 1800 meruerat,
1771 1758 1887 1792 Poetae

1205 1810 1362 1844 laborem
1387 1810 1520 1844 utiliter
1539 1809 1749 1856 adjuvando.
1764 1810 1832 1843 En.

1094 1940 1256 1997 CIII.

940 2118 946 2122 .
976 2086 1044 2114 An
1084 2062 1372 2113 LYCOR1M.*

681 2208 774 2263 QUI
801 2205 939 2266 pinxit
962 2206 1179 2247 Venerem
1206 2213 1350 2258 tuam,
1374 2202 1554 2262 Lycori,

682 2276 931 2331 Blanditiis,
958 2284 1093 2336 puto,
1121 2274 1263 2334 pictor
1291 2282 1355 2316 est
1384 2273 1610 2316 Minervae.

526 2408 540 2421 '‘
560 2413 601 2444 In
620 2410 688 2444 hoc
707 2409 954 2454 epigrammate
978 2406 1067 2439 nihil
1091 2418 1150 2439 va-

473 2466 565 2499 riant
578 2462 786 2508 exemplaria
800 2473 904 2494 manu
923 2468 1058 2493 exarata
1069 2485 1077 2501 ‚
1094 2467 1152 2492 aut

473 2518 566 2564 typis
587 2528 720 2549 excusa.

531 2584 562 2603 2.
576 2569 747 2602 Blandita,-
766 2575 812 2600 est
830 2566 992 2599 Minervae.
1013 2566 1151 2598 Venere

475 2623 607 2657 seilicet
628 2620 832 2654 deformiter
854 2621 961 2665 picta,
983 2631 1061 2652 cum
1084 2630 1151 2663 qua

474 2674 623 2709 olimde
643 2675 755 2706 forma
777 2671 958 2706 contendit
981 2672 1149 2704 Minerva.

1211 2403 1294 2438 Vid.
1329 2404 1389 2437 lib.
1422 2405 1475 2446 V,
1504 2403 1611 2449 epigr.
1640 2415 1712 2436 xm.
1734 2401 1888 2436 Pictores

1211 2467 1327 2491 autem
1348 2457 1518 2491 Minervae
1542 2457 1684 2489 clientes
1703 2463 1795 2488 sunt.
1816 2456 1888 2500 Ly-

1211 2512 1322 2544 corim
1340 2523 1420 2543 sane
1436 2509 1629 2542 deformem
1645 2508 1755 2553 carpit
1769 2508 1887 2549 Poeta,

1212 2576 1315 2609 quain
1336 2563 1424 2595 male
1447 2563 1540 2608 picta
1560 2563 1682 2593 Venus
1699 2562 1773 2605 ejus
1789 2562 1887 2606 jussu

1211 2617 1412 2649 Veneribus
1448 2615 1517 2648 suis
1548 2627 1618 2647 non
1650 2613 1808 2646 ornabat.
1835 2614 1886 2646 De

1212 2669 1340 2714 Lycori
1358 2667 1430 2700 vid.
1452 2668 1514 2701 lib.
1532 2668 1597 2709 IV,
1617 2667 1724 2711 epigr.
1744 2678 1830 2699 an.
