2061 3288
435 216 1017 263 EPlGRAMMATUM
1055 217 1181 260 LIB.
1223 218 1253 260 Ι.
1466 234 1551 281 127

284 309 542 368 Dimisitque
569 308 755 350 animam
783 304 994 349 nobiliore
1020 306 1102 348 via.

216 381 342 423 Hanc
368 387 555 422 mortem
583 377 680 421 fatis
710 377 857 437 magni
885 375 1088 438 praeferre
1114 377 1292 420 Catonis

284 451 415 493 Fama
443 457 586 510 potest
610 464 617 491 :
646 447 776 508 hujus
801 448 948 492 Caesar
975 447 1142 491 amicus
1169 456 1274 490 erat.
1529 476 1558 493 ,ο

272 568 372 611 ’Καὶ
396 569 656 628 γενναιοτέρῳ
679 568 826 626 πότμῳ
851 567 978 625 ἀφῆκε
1006 568 1147 614 πνοήν.

216 632 345 680 Τοῦδε
376 641 495 700 μόρον
526 641 647 697 τιμᾷν
674 632 845 681 δύναται
871 638 948 697 πρὸ
975 638 1112 698 μόροιο
1138 636 1333 686 Κάτωνος

288 709 405 752 Αἰών.
436 703 555 752 τοῦδε
585 709 695 769 φίλος
721 710 881 768 Καῖσαρ
912 710 1094 767 ἐτύνχαν’
1122 710 1210 750 ἐών.

149 835 319 869 Lucretiae
342 860 350 876 ‚
389 835 544 877 Catoni,
579 836 690 870 Bruto
709 861 717 877 ,
760 843 823 869 etc.

149 888 291 933 placuit.

205 942 240 976 8.
281 941 407 974 venet.
453 940 532 974 Ald.
569 942 667 975 Junt.
710 941 826 975 Colin.

151 993 290 1040 Gryph.
320 994 392 1027 aliae
415 1003 498 1028 vett.
525 994 710 1035 exhibent,
739 994 827 1027 nobi-

153 1047 228 1079 liore
259 1060 336 1091 rogo
354 1060 364 1079 .·
386 1055 419 1080 et
448 1047 603 1081 Ramires
624 1046 668 1081 de
689 1045 803 1080 Prado
818 1073 827 1088 ‚

152 1099 269 1133 nescio
300 1099 396 1133 unde
414 1125 421 1137 ‚
455 1101 536 1134 citat
565 1100 716 1133 nobiliore
750 1101 826 1133 loco.

153 1153 424 1186 Musambertins
442 1165 461 1186 e
482 1153 695 1186 membranis
711 1153 831 1193 affert,

154 1206 304 1238 nobiliore
321 1208 378 1238 ‘via
399 1219 410 1238 :
429 1205 539 1240 codex
557 1206 700 1239 Heraldi
724 1206 829 1239 habet

154 1261 243 1298 vita,
264 1267 299 1292 et
318 1258 415 1304 quod
437 1260 623 1293 confirmat
638 1259 828 1293 lectionem

155 1319 309 1345 nostram
327 1324 367 1345 ex
392 1312 535 1358 optimis
563 1312 662 1346 libris
688 1312 830 1345 restitu-

155 1372 236 1397 tam.
249 1363 332 1398 Vid.
349 1377 420 1398 var.
436 1373 544 1399 notas.
563 1365 727 1398 Nobiliore
740 1365 831 1397 modo

157 1417 299 1451 fortasse
318 1417 563 1464 reponendum
582 1426 681 1464 putat
694 1419 747 1453 W
750 1419 831 1452 ake-

886 833 980 868 field.
995 835 1031 868 in
1044 834 1139 880 S‘ylv.
1151 835 1229 868 crit.
1248 842 1336 880 part.
1354 835 1418 876 IV,
1432 832 1452 873 ὃ
1478 847 1489 868 1
1500 838 1561 880 (59.

886 909 938 915 —-
948 887 1112 922 Nobiliore
1123 890 1194 929 via,
1208 888 1229 922 i.
1246 900 1276 922 e.
1291 888 1437 921 vulnere
1451 888 1562 930 facto;

886 941 1030 975 honesta
1042 941 1151 987 igitur
1166 949 1199 975 et
1219 942 1331 988 ampla
1350 949 1452 987 porta
1465 967 1476 982 ,
1492 954 1563 975 non

889 1003 1002 1028 autem
1020 993 1113 1028 foedo
1130 1003 1247 1028 meatu
1266 1007 1371 1040 quem
1387 995 1564 1040 aperiebat

887 1055 1065 1093 mentagra
1077 1072 1085 1084 ,
1103 1047 1218 1081 emisit
1232 1048 1397 1082 animam.

942 1113 975 1145 9.
998 1101 1142 1134 Catonis.
1179 1100 1262 1134 Vid.
1301 1101 1410 1147 epigr.
1443 1113 1479 1135 rx
1493 1126 1503 1143 ‚
1531 1111 1565 1135 et

888 1165 984 1187 x1.111
996 1179 1005 1194 ,
1023 1166 1056 1187 v.
1077 1158 1096 1194 4
1114 1166 1228 1199 supra.

948 1218 959 1239 1
970 1219 1003 1239 o.
1013 1207 1119 1252 Hujus
1135 1207 1266 1241 Caesar:
1281 1220 1316 1240 se
1329 1207 1423 1240 enim
1435 1207 1566 1241 intere-

889 1260 953 1292 mit
966 1260 1053 1293 Cato
1069 1269 1165 1294 metu
1182 1268 1240 1293 aut
1252 1259 1336 1294 odio
1354 1260 1518 1302 Caesaris3
1533 1269 1567 1294 at

890 1324 974 1345 vero
995 1313 1216 1347 Domitianus
1240 1314 1328 1359 Imp.
1350 1313 1456 1360 hujus
1475 1314 1567 1347 Festi

892 1365 1022 1398 amicus
1037 1366 1273 1413 fuit.Majoris
1294 1375 1345 1400 est
1363 1366 1492 1408 animi,
1516 1367 1567 1401 vi—

892 1426 962 1453 tam
981 1418 1183 1464 relinquere
1200 1420 1349 1454 beatam.
1363 1420 1433 1453 En.

729 1554 990 1610 LXXX.

473 1686 539 1715 AD
579 1686 847 1725 ATTALUM,
887 1686 1262 1716 ARDELIONEM.

232 1798 422 1841 SEMPER
451 1798 543 1858 agis
572 1813 745 1851 causas,
768 1807 812 1841 et
835 1814 902 1841 res
932 1798 1050 1858 agis,
1080 1796 1244 1853 Astale,
1272 1814 1443 1859 semper
1467 1817 1474 1842 :

301 1869 401 1922 Est,
427 1884 515 1911 non
545 1878 607 1911 est
634 1867 751 1928 quod
775 1883 903 1928 agas,
928 1866 1094 1922 Attalo,
1123 1885 1295 1928 semper
1326 1871 1426 1930 agis.

234 1939 276 1981 Si
306 1955 374 1982 res
400 1948 444 1982 et
468 1955 607 1983 causae
633 1938 812 1993 desunt,
838 1940 951 1998 agis,
975 1936 1142 1992 Astale,
1168 1937 1318 1983 mulas.

304 2009 468 2065 Astale,
492 2025 547 2053 ne
574 2009 690 2070 quod
717 2025 820 2070 agas
842 2009 973 2062 desit,
1000 2024 1103 2069 agas
1129 2010 1329 2053 animam.

220 2130 424 2176 Perstringit
437 2131 563 2165 Noster
576 2144 683 2164 unum
700 2144 741 2164 ex
764 2131 837 2165 istis
892 2144 962 2177 per.
977 2132 1064 2164 Mox
1079 2143 1128 2164 vs.
1149 2132 1168 2164 3
1182 2159 1190 2172 ,
1204 2134 1273 2176 ogis
1285 2159 1294 2171 ‚
1313 2133 1425 2165 Attale
1437 2160 1445 2173 ,
1459 2146 1570 2177 nugas.

168 2182 416 2217 Ardelionibus
430 2209 438 2222 ,
469 2196 556 2229 quos
592 2184 640 2218 sic
674 2183 839 2218 describit

168 2234 356 2276 Phaedrus,
389 2237 447 2270 lib.
482 2237 527 2269 II.
558 2237 641 2270 Fab.
667 2237 714 2270 5:
740 2254 754 2267 «
779 2238 841 2271 Est

168 2287 401 2322 Ardelionum
420 2288 577 2334 quaedam
599 2290 718 2323 Romae
743 2291 839 2323 natio

167 2340 322 2387 Trepide
341 2353 552 2375 concursans
567 2367 576 2382 ‚
606 2351 775 2387 occupata
802 2343 839 2376 in

168 2394 260 2435 otio,
279 2395 396 2428 Gratis
411 2395 595 2435 anhelans,
614 2395 724 2427 multa
739 2408 841 2440 agen-

169 2445 215 2479 do
231 2447 320 2480 nihil
336 2460 436 2493 agens
448 2474 457 2488 ‚
476 2448 549 2481 Sibi
563 2447 707 2481 molesta
719 2456 754 2481 et
768 2448 841 2482 aliis

170 2498 398 2534 odiosissima.
417 2501 485 2534 Eo.

226 2565 255 2586 1.
276 2553 317 2586 In
335 2554 432 2588 Junt.
446 2566 553 2599 penes
569 2553 739 2587 editorem
754 2566 844 2587 mar-

171 2605 242 2650 gini
263 2606 429 2652 scriptum
452 2607 579 2652 legitur
600 2620 606 2640 :
631 2607 758 2652 Semper
775 2610 845 2651 agis

173 2671 297 2697 causas,
319 2660 390 2692 dum
413 2664 519 2705 agitur
535 2675 580 2693 rcus
594 2689 600 2700 ,
622 2661 755 2701 Armis,
772 2674 847 2693 nnn·

899 2205 950 2210 —-
962 2185 1088 2218 Attale.
1100 2183 1184 2217 Vid.
1199 2184 1392 2218 Martialem
1414 2194 1573 2220 nostrum

900 2237 959 2270 lih.
984 2238 1018 2270 II
1032 2263 1041 2279 ‚
1062 2236 1172 2283 epigr.
1192 2250 1259 2271 vn.

954 2295 986 2329 4.
1007 2291 1101 2335 Agas
1119 2293 1266 2323 animam.
1290 2289 1329 2323 Id
1347 2299 1397 2325 est
1410 2317 1419 2332 ,
1444 2303 1574 2337 pereas.

899 2343 1011 2377 Lusus
1043 2343 1298 2389 epigrammatis
1326 2352 1376 2377 est
1399 2344 1435 2377 in
1468 2345 1575 2378 ambi-

900 2397 1029 2439 guitate
1050 2396 1148 2429 verbi
1175 2409 1238 2440 ago
1254 2422 1263 2437 ‚
1285 2396 1379 2442 quod
1403 2397 1577 2442 significat

902 2449 1014 2482 facere
1026 2473 1035 2487 ‚
1049 2457 1122 2481 ante
1134 2462 1166 2481 se
1179 2449 1289 2482 ducere
1301 2477 1310 2489 ,
1326 2450 1477 2495 erpellere
1490 2479 1497 2490 ,
1512 2460 1576 2485 etc.

904 2501 1072 2534 Similiter
1096 2502 1178 2535 lusit
1204 2501 1354 2543 Seneca,
1380 2504 1479 2548 epist.
1510 2509 1576 2545 243

909 2553 1015 2599 «quid
1029 2555 1138 2599 egeris
1153 2564 1234 2589 tunc
1248 2556 1430 2601 apparebit
1443 2582 1452 2597 ,
1468 2569 1577 2602 quum

906 2607 1054 2641 animam
1088 2620 1174 2653 ages.
1194 2628 1205 2638 ι·
1231 2608 1314 2642 Vid.
1349 2618 1381 2643 et
1409 2609 1469 2643 lib.
1503 2610 1576 2650 IV,

907 2661 1015 2707 epigr.
1035 2674 1152 2695 Lxxu.
