2061 3288
427 234 521 280 352

799 237 861 279 M.
891 238 970 280 VA
984 238 1032 280 L.
1071 238 1120 280 M
1135 238 1343 281 ARTIA
1359 240 1465 282 LIS

960 384 1308 442 LXXXVI.

778 541 845 569 AD
881 540 1091 570 CASTAM
1130 522 1485 571 MATRONAMf

497 667 567 709 NE
589 664 753 727 legeres
778 676 948 728 partem
973 666 1146 721 lascivi,
1171 677 1313 723 casta,
1340 666 1493 721 libelli,

570 737 753 780 Praedixi
783 747 825 781 et
850 739 1000 781 monui
1022 754 1029 780 :
1062 747 1109 781 tu
1140 748 1287 781 tamen
1303 774 1313 792 ,
1338 755 1467 788 ecce,
1492 737 1610 799 legis.

497 807 582 851 Sed
608 809 640 850 si
668 807 982 861 Panniculum,
1009 810 1042 852 si
1069 818 1262 869 spectas,
1289 818 1427 863 casta,
1455 810 1660 852 Latinum
1677 844 1689 864 ,

565 879 667 922 Non
697 888 798 922 sunt
822 879 916 922 haec
942 880 1087 923 mimis
1118 879 1386 940 improbiora
1409 897 1417 923 :
1448 878 1556 941 lege.

480 1012 683 1057 'Jusserat‚
704 1028 801 1061 supr.
823 1016 933 1062 epigr.
957 1028 1074 1049 vanl
1093 1042 1102 1058 ,

426 1081 471 1102 ne
493 1077 651 1102 matrona
679 1078 769 1102 casta
794 1070 836 1102 ab
861 1082 901 1102 eo
928 1070 1104 1115 epigram·

427 1131 517 1155 mata
547 1122 724 1167 sequentia
752 1123 903 1167 legeret,
931 1122 991 1156 sed
1016 1135 1104 1168 prae-

427 1175 562 1208 dixerat
581 1176 755 1215 futurum,
776 1184 813 1209 ut
839 1183 952 1208 totum
974 1175 1105 1208 librum

430 1227 585 1261 studiosa
617 1229 757 1273 legeret.
789 1229 892 1261 Nunc
923 1237 1038 1261 autem
1069 1228 1105 1261 id

427 1282 559 1314 exitum
578 1280 662 1314 dicit
684 1283 949 1327 coniprobasse3
975 1280 1034 1315 sed
1055 1290 1106 1314 ta-

429 1348 507 1367 men
525 1347 634 1377 quum
652 1335 777 1368 mimos
793 1335 939 1368 lascivos
955 1343 1106 1380 spectet,

428 1400 498 1420 non
513 1388 732 1421 inhonestius
742 1389 857 1433 legere
870 1396 984 1433 potest
1001 1388 1105 1421 hosce

428 1453 558 1473 sersus.
584 1441 737 1474 Rumires.

1221 1029 1252 1050 1.
1284 1017 1353 1050 Nec
1381 1017 1496 1061 legeres
1527 1015 1733 1050 Beverlandi
1763 1017 1839 1050 MS.

1220 1082 1252 1103 2.
1273 1070 1434 1102 Praediaeti
1453 1070 1489 1103 in
1511 1069 1647 1103 eodem.
1671 1071 1702 1102 T
1701 1084 1721 1102 ιι
1740 1078 1841 1102 tantem

1165 1135 1259 1169 usque
1280 1123 1358 1167 legis
1375 1122 1587 1169 adscriptum
1606 1123 1754 1168 margini
1779 1123 1841 1156 ha-

1165 1177 1224 1209 bet
1240 1189 1303 1208 nos
1326 1189 1431 1220 penes
1446 1176 1604 1209 Juntina.

1221 1229 1255 1262 3.
1276 1229 1341 1261 Sed
1358 1233 1387 1262 sl
1403 1230 1625 1262 Panniculum.
1645 1228 1790 1261 Latinus
1808 1237 1842 1261 et

1166 1282 1378 1314 Panniculus
1397 1282 1495 1315 mimi
1518 1283 1560 1319 in>
1574 1280 1763 1315 Comoediis
1781 1294 1841 1326 pe-

1165 1336 1319 1368 tulanter
1335 1335 1569 1368 lasciviebant.
1587 1336 1639 1367 De
1653 1335 1706 1367 his
1723 1334 1784 1367 lib.
1802 1335 1818 1366 Ι
1832 1360 1841 1374 ,

1165 1388 1277 1433 epigr.
1299 1401 1319 1419 v
1337 1413 1346 1427 ,
1364 1401 1414 1421 vs.
1438 1390 1456 1422 5
1475 1401 1483 1428 ;
1507 1396 1541 1421 et
1564 1387 1624 1420 lib.
1647 1388 1708 1428 ΙΙ,
1729 1387 1839 1431 epigr.

1165 1453 1267 1474 Lxxu
1283 1465 1292 1481 ,
1314 1453 1360 1473 vs.
1388 1445 1421 1479 4.

941 1574 1335 1629 LXXXVII.

937 1725 992 1753 IN
1032 1703 1331 1753 CHIONE11.*

498 1846 702 1889 Ninum
728 1854 770 1887 te
792 1860 963 1897 rumor,
990 1843 1182 1896 Chione,
1210 1858 1433 1903 nunquam
1461 1859 1553 1885 esse
1582 1842 1788 1894 fututam,

570 1918 713 1975 Atque
737 1914 844 1958 nihil
871 1931 1015 1958 cunno
1041 1914 1192 1974 purius
1215 1930 1306 1957 esse
1332 1923 1420 1956 tuo.

499 1989 631 2030 'l‘ecta
661 1996 807 2029 tamen
833 2002 922 2028 non
952 1985 1059 2039 hac,
1081 2001 1167 2045 qua
1196 1984 1353 2039 debes,
1383 1992 1506 2045 parte
1535 1981 1703 2026 lavaris.

573 2058 616 2100 Si
643 2056 785 2118 pudor
810 2066 900 2111 est,
923 2055 1114 2121 lraiiisfc1²
1145 2054 1338 2115 subligar
1365 2055 1409 2097 in
1441 2053 1610 2097 faciem.

485 2190 499 2202 ⁴¹
520 2192 559 2223 In
572 2191 676 2236 hujus
689 2189 946 2236 epigrammatis
959 2189 1109 2222 lectione

433 2244 527 2276 nulla
548 2252 598 2277 est
618 2244 765 2276 varietas
790 2243 826 2276 in
854 2242 1110 2288 exemplaribus

433 2297 570 2342 scriptis
591 2305 648 2329 aut
670 2296 764 2342 typis
787 2296 929 2329 excusis.

490 2363 521 2383 Ι.
541 2350 666 2382 Ᾰίινναῐ
691 2359 729 2382 le.
761 2349 979 2382 Fellatricem
1003 2347 1110 2381 Chio-

433 2415 512 2435 nen]
539 2401 789 2448 reprehendit,
818 2400 913 2446 quod
940 2409 1027 2434 tecta
1044 2413 1110 2445 pu-

433 2453 548 2488 denda
590 2464 687 2500 parte
722 2455 878 2500 corporis
913 2454 1106 2492 lavaretur,

433 2521 541 2554 quum
573 2515 685 2540 tamen
722 2508 778 2540 illa
813 2520 884 2540 non
914 2514 1085 2552 peccasset
1101 2532 1109 2545 ‚

433 2569 622 2606 monetque
642 2569 680 2593 ut
696 2561 851 2593 velamen
869 2560 1052 2593 transferat
1068 2558 1110 2592 ad

435 2627 471 2647 us
485 2640 493 2651 ,
513 2625 585 2658 quo
602 2621 815 2659 peccaverat.
832 2614 985 2645 Rama-es.
1001 2611 1110 2644 Modo

435 2667 543 2712 epigr.
564 2678 776 2699 Lxxx111.-—-
794 2667 921 2699 Rumor.
946 2666 1024 2698 Lib.
1056 2666 1109 2702 11,

1170 2189 1277 2234 epigr.
1302 2200 1421 2228 Lxxm
1445 2197 1478 2221 et
1494 2200 1571 2233 sup.
1591 2187 1701 2232 epigr.
1726 2198 1842 2220 Lxxrx.

1226 2241 1258 2274 3.
1286 2242 1382 2274 Tecta
1401 2249 1503 2273 tamen
1527 2254 1588 2273 ηοη
1614 2241 1692 2279 Ιιαε,
1723 2247 1789 2273 etc.
1809 2239 1844 2272 Si

1170 2295 1334 2339 subligari
1359 2303 1452 2339 tegas
1484 2293 1650 2325 inferiora
1677 2305 1748 2337 prae
1779 2305 1844 2337 pu-

1170 2347 1281 2388 dore,
1306 2360 1370 2380 cur
1402 2360 1473 2379 non
1510 2346 1628 2391 potius
1664 2358 1701 2378 os
1734 2345 1844 2390 tegis?

1168 2413 1319 2445 namque
1340 2400 1404 2433 hac
1419 2407 1518 2445 parte
1535 2412 1638 2431 rumor
1653 2406 1703 2430 est
1721 2407 1753 2430 te
1768 2410 1846 2442 pec·

1169 2466 1246 2486 care
1273 2454 1427 2498 μΰζευριν.
1457 2453 1497 2485 In
1525 2465 1609 2485 voce
1634 2463 1739 2484 rumor·
1764 2451 1845 2482 latet

1170 2507 1267 2539 ulcus
1287 2498 1607 2538 paronomastfcon.

1227 2563 1259 2598 [2.
1283 2559 1320 2592 Si
1331 2559 1436 2603 pudor
1454 2566 1508 2591 est.
1534 2557 1569 2590 Si
1590 2556 1670 2589 facis
1692 2567 1762 2601 prae
1778 2567 1842 2600 pu-

1173 2612 1270 2644 dore.
1287 2631 1338 2636 —
1357 2610 1662 2653 T1*u11.sfi·1·.c11bl1gar
1675 2609 1843 2649 infamem.

1173 2665 1221 2697 Ut
1237 2672 1397 2709 contegat
1419 2676 1456 2696 os
1480 2664 1668 2707 impurum.
