2061 3288
457 209 1066 254 ΙΞΡΙΟΒΑΜΜΑΊῚ]Μή7
1086 208 1212 250 LIB.
1252 208 1317 249 II.

1496 221 1586 249 201

752 362 1024 418 XXXV.

565 509 638 539 An
685 507 968 547 PHOEBUM,
1004 505 1211 535 VARUM.

245 635 396 692 QUUM
428 634 512 679 sint
541 650 671 678 crura
701 633 804 689 tibi,
833 630 1037 677 simulent
1067 646 1164 692 quae
1194 645 1359 674 cornua
1387 628 1524 684 lunae,

312 707 364 749 In
391 705 536 767 rhytio
562 715 761 766 poteras,
785 703 971 759 Phoebe,
1000 701 1146 745 lavare
1175 700 1322 763 pedes.

232 856 262 877 1.
285 843 390 888 Quum
412 846 475 876 sint
495 857 577 889 pura
604 844 704 877 Junt.
738 842 829 877 1512
846 868 855 884 ‚

174 905 209 931 et
237 897 352 931 Colin.
389 896 478 931 1528
496 921 504 934 ,
532 896 627 943 quod
658 904 855 930 correctum

174 958 226 984 est
248 950 283 983 in
303 950 447 983 Juntina
462 959 595 983 nostra.

231 1016 264 1036 2.
280 1004 320 1036 In
335 1004 439 1048 νΙῃ-ίὶο
458 1012 560 1036 otei-as
578 1003 613 1036 in
630 1002 753 1036 iisdem
772 1001 854 1036 edd.

174 1064 208 1090 et
226 1068 317 1091 corr.
339 1056 374 1089 in
397 1065 514 1090 nostra
532 1065 662 1102 poteras
681 1057 724 1089 ab
744 1056 854 1101 antiq.

175 1121 295 1142 manu.
333 1110 476 1142 Imbritio
504 1119 633 1155 poteras
665 1108 855 1155 legendum

174 1171 275 1208 putat
289 1163 454 1204 Perotus;
475 1163 514 1196 In
529 1163 632 1196 rlzidio
646 1171 774 1208 poteras
787 1164 857 1195 Do-

175 1216 293 1248 mitius
305 1215 523 1250 Calderinus.
540 1217 576 1250 [η
592 1216 728 1263 Bri-thio
746 1215 855 1249 codex

175 1269 316 1302 Thuan.
342 1260 440 1302 ῥυτὸν
465 1269 500 1301 in
528 1270 636 1315 epigr.
666 1282 720 1314 ap.
750 1269 854 1302 Salm.

175 1321 213 1354 in
242 1321 354 1355 Solin.
381 1335 416 1367 p.
447 1323 543 1364 638;
571 1322 656 1355 item
676 1323 855 1355 Heronem

174 1373 210 1407 in
220 1374 411 1420 Spiritalih.
423 1375 617 1420 Ulpianum
627 1376 663 1408 in
672 1375 853 1408 Demosth.

173 1439 208 1472 p.
240 1430 327 1473 679.
356 1428 497 1473 Brythii
517 1428 665 1474 figuram
688 1428 794 1461 habes
818 1428 855 1461 in

173 1481 267 1514 Part.
296 1494 328 1514 2.
355 1482 562 1527 Antiquitat.
583 1482 681 1516 Alex.
709 1481 853 1516 Petavii.

175 1535 339 1567 Attamen
367 1547 480 1580 quum
503 1535 643 1568 Thuan.
669 1535 855 1580 caeterique

175 1586 279 1620 codd.
310 1587 461 1621 habeant
489 1589 648 1633 Ery-thio,
678 1589 769 1621 forte
795 1588 854 1621 hic

173 1639 291 1673 locum
311 1640 416 1674 habet
440 1643 582 1686 Βρυτέων
595 1667 603 1682 ,
620 1640 663 1674 de
683 1654 753 1687 quo
770 1642 855 1674 Are-

175 1700 280 1734 taeus,
303 1706 340 1738 p.
371 1698 437 1735 14,
463 1707 475 1727 1
490 1706 546 1727 12.
568 1695 696 1739 Βρύτιον
724 1695 853 1728 sEoles.

175 1765 216 1772 —-
250 1747 379 1780 Phoebe.
410 1747 587 1780 Cornibus
610 1747 701 1781 lunae
728 1747 854 1781 similia

913 853 1016 874 crura
1044 839 1196 874 habebat
1222 840 1390 878 Phoebus,
1412 852 1470 872 seu
1490 851 1594 872 varus

913 902 1006 936 erat,
1039 893 1189 928 diductis
1222 905 1350 939 nempe
1381 892 1597 938 poplitibus,

913 948 1042 993 plantis
1078 959 1162 982 vero
1198 946 1407 981 coeuntibus
1435 958 1444 979 :
1478 946 1596 991 itaque

914 1000 1002 1034 dicit
1021 1001 1128 1034 Poeta
1144 1012 1243 1046 posse
1263 1000 1435 1033 Phoebum
1455 999 1490 1031 in
1513 999 1596 1044 rhy-

915 1055 964 1088 tio
984 1055 1089 1089 lavari
1106 1066 1114 1088 :
1135 1055 1224 1099 ῥυτὸν
1243 1054 1384 1099 rlzytum,
1404 1053 1520 1098 poculi
1537 1065 1596 1097 ge-

913 1120 979 1142 nus
1004 1107 1048 1141 de
1070 1120 1138 1153 quo
1167 1107 1249 1140 solis
1270 1107 1440 1139 heroibus
1467 1106 1519 1139 uti
1545 1106 1594 1138 fas

916 1169 991 1194 erat
1003 1188 1012 1203 ‚
1030 1169 1116 1195 teste
1133 1160 1399 1205 Theophrasto;
1415 1159 1518 1192 ctiam
1533 1172 1594 1205 po-

914 1215 984 1247 culi
1005 1227 1113 1260 genus
1131 1214 1175 1247 ab
1198 1222 1344 1258 angusto
1363 1211 1475 1246 fundo
1495 1213 1531 1246 in
1551 1213 1596 1245 la-

914 1277 988 1301 tum
1022 1280 1191 1313 surgens,
1217 1268 1325 1300 instar
1357 1278 1494 1306 cornu,
1531 1278 1591 1298 seu

914 1321 1022 1354 literae
1049 1322 1081 1354 Y
1098 1345 1108 1360 ‚
1125 1319 1186 1353 sed
1205 1320 1422 1365 perforatum
1434 1344 1442 1360 ‚
1459 1332 1499 1351 ex
1522 1331 1595 1364 quo

915 1373 1119 1407 tenuissime
1139 1373 1336 1419 profluente
1355 1373 1438 1406 vino
1459 1372 1595 1404 inferne

914 1427 1060 1461 bibitur.
1080 1428 1230 1473 lilityffz'zcm
1257 1438 1341 1459 vero
1367 1434 1417 1458 est
1444 1424 1596 1457 (liminu-

915 1481 1039 1514 tivum.
1063 1481 1186 1514 Cornu
1211 1480 1305 1512 enim
1332 1479 1407 1512 vari
1436 1478 1597 1512 cruribus

915 1533 1014 1579 quasi
1034 1534 1208 1580 aptissima
1228 1533 1352 1578 vagina
1371 1531 1521 1565 videtur.
1544 1532 1596 1564 De

914 1588 1034 1633 Rhyto
1050 1588 1119 1633 agit
1138 1587 1327 1620 Athenaeus
1339 1612 1348 1627 ,
1366 1586 1427 1618 lib.
1447 1586 1479 1618 X
1492 1610 1501 1626 ‚
1517 1597 1593 1629 cap.

920 1642 987 1683 133
1010 1647 1043 1673 et
1061 1641 1122 1673 lib.
1143 1641 1215 1679 XI,
1234 1652 1309 1685 cap.
1337 1651 1376 1680 Ι,
1405 1638 1422 1672 5
1439 1664 1448 1680 ,
1472 1646 1505 1670 et
1537 1640 1597 1670 26.

914 1694 1045 1727 Forsan
1072 1702 1123 1727 est
1144 1705 1285 1739 quoque
1303 1691 1409 1726 ludus
1432 1692 1469 1724 in
1488 1691 1597 1724 verbo

913 1747 1040 1780 Plaaebe.

741 1880 1030 1936 XXXVI.

642 2020 714 2049 Ao
771 2020 1086 2050 PANNICUM.
1109 2000 1126 2017 *

248 2143 488 2186 FLECTERE
515 2151 558 2185 te
584 2141 718 2186 nolim
735 2178 746 2197 ‚
774 2142 848 2186 sed
875 2159 955 2187 nec
982 2142 1162 2186 turbare
1189 2141 1386 2202 capillos.

231 2268 245 2283 ¹
271 2273 393 2318 Carpit
420 2273 618 2307 Pannicum
640 2273 827 2319 quemdam
847 2301 856 2316 ,

179 2334 219 2360 ut
238 2326 378 2359 mollem
396 2326 511 2359 virum
525 2352 533 2367 ‚
552 2327 611 2372 qui
633 2327 782 2360 nimium
804 2327 856 2360 vir

177 2378 292 2412 videri
322 2379 462 2412 volebat
483 2406 492 2420 ‚
523 2379 671 2412 turbatis
702 2380 856 2426 capillis,

176 2430 322 2466 horrida
345 2432 472 2471 barba,
498 2431 640 2466 sordida
659 2441 759 2474 cute,
777 2446 857 2466 cru-

178 2486 277 2518 ribus
293 2494 327 2518 et
346 2493 488 2530 pectore
509 2486 630 2519 setosis
647 2497 655 2518 2
677 2484 720 2518 ad
739 2486 858 2519 horta-

180 2546 309 2583 turque
324 2564 333 2579 ‚
363 2547 402 2571 ut
437 2537 592 2572 medium
624 2548 738 2572 servet
767 2540 858 2572 inter

181 2591 324 2624 nimiam
344 2591 549 2636 elegantiam
566 2592 782 2637 nimiamque
799 2604 857 2626 ru-

182 2643 379 2677 sticitatem.
399 2644 464 2677 En.

974 2287 1005 2307 1.
1033 2275 1102 2307 Alii
1121 2283 1257 2318 pectere.
1286 2275 1428 2307 Flectere
1453 2284 1481 2308 tc
1506 2276 1600 2309 nolim

915 2326 1105 2373 legendum
1121 2336 1264 2361 censent
1280 2327 1454 2361 Gruterus
1469 2337 1502 2361 et
1516 2330 1601 2363 Gui-

916 2381 1086 2422 liehnius3
1099 2379 1197 2425 quod
1208 2381 1304 2413 malit
1317 2382 1419 2414 etiam
1434 2383 1597 2424 Ramires,

920 2442 954 2466 et
975 2433 1010 2466 in
1036 2442 1171 2467 textum
1193 2435 1326 2479 recepit
1345 2435 1495 2475 Bar-hou,
1520 2436 1596 2469 Par.

925 2486 1034 2530 1754.
1058 2488 1102 2520 At
1119 2486 1200 2520 vide
1220 2500 1291 2520 var.
1313 2495 1388 2521 not.
1410 2510 1461 2514 —
1478 2489 1601 2522 Flecle-

920 2552 951 2571 re
972 2567 978 2578 ,
1007 2548 1072 2572 etc.
1107 2540 1260 2585 Capillos
1288 2540 1446 2582 flectere,
1467 2540 1504 2574 id
1530 2551 1600 2583 est,

919 2592 1123 2626 calamistrIS
1156 2602 1189 2626 et
1224 2593 1388 2628 candenti
1420 2595 1513 2628 ferro
1547 2596 1599 2628 vi-

921 2647 1021 2679 brare
1065 2646 1100 2678 in
1140 2647 1261 2680 orbem
1286 2641 1431 2692 (gallice
1455 2648 1575 2690 frises)
1592 2674 1600 2684 ,
