2061 3288
449 239 1037 282 EPIGRAMMATUM
1076 239 1202 281 LIB.
1243 237 1339 279 111.

1505 232 1603 293 329

323 327 423 371 Non
452 328 587 371 miror
611 343 619 369 :
651 325 784 379 illud,
811 328 1040 381 Cassiano,
1067 327 1271 378 mirarer,

322 399 364 441 Si
391 396 659 441 fabulantem
684 399 869 441 Canium
896 397 1150 458 reliquisset.

184 539 230 572 ita
246 537 398 584 puduit,
419 547 458 572 ut
478 539 513 571 in
536 550 633 571 mare
652 550 724 571 sese
740 538 860 583 praeci-

183 591 392 637 pitaverint;
420 591 468 625 sic
493 592 584 624 enim
616 592 722 624 fatum
752 592 861 636 jusse-

184 654 246 678 rat.
268 645 334 678 En.

975 538 1006 570 (3.
1034 536 1070 569 St
1088 535 1287 579 fabulantem
1304 561 1310 574 ‚
1343 542 1407 566 etc.
1442 532 1600 565 Suaviter

924 602 962 623 ac
974 590 1136 635 nequiter
1146 588 1357 634 garrientem
1368 599 1376 627 3
1389 595 1457 620 tam
1474 585 1602 618 blanda

923 643 1103 688 suavisque
1115 650 1165 676 est
1172 642 1245 687 ejus
1256 638 1420 674 facundia
1436 638 1600 672 liberior!

794 788 982 844 LXV.

482 946 550 974 ΑΙ)
590 945 971 975 DIADUMENUM
1011 923 1282 973 Ι)[1Ἰ<]Ιὶῐ]ἶὶ1.ἢζ

255 1053 396 1109 QUOD
422 1052 557 1113 spirat
582 1062 731 1096 tenera
756 1051 919 1096 malum
946 1051 1174 1096 mordente
1204 1049 1376 1111 puella3

324 1123 456 1179 Quod
486 1122 539 1166 de
566 1124 752 1184 Corycio
783 1140 878 1184 quae
904 1124 1022 1167 venit
1046 1138 1151 1166 aura
1182 1138 1339 1175 croeo;

256 1195 399 1237 Vinea
425 1193 566 1254 quod,
592 1195 741 1254 primis
770 1194 898 1238 floret
921 1210 1056 1254 quum
1083 1209 1191 1237 cana
1217 1193 1426 1245 racemis3

324 1265 534 1308 Gramina
556 1264 672 1324 quod
702 1264 922 1321 redolent,
946 1282 1041 1326 quae
1064 1263 1195 1308 modo
1226 1263 1387 1323 carpsit
1416 1262 1508 1305 ovis
1529 1279 1540 1315 3

235 1396 250 1412 ⁴²
287 1401 496 1436 Diadumeni
534 1404 633 1448 pueri
671 1403 723 1436 sui
756 1403 859 1436 basiis

185 1449 285 1501 (quae
305 1457 482 1489 numerari
502 1469 573 1489 non
603 1457 677 1489 vult
698 1456 760 1490 lib.
786 1457 858 1497 VI,

184 1508 294 1554 epigr.
314 1503 443 1552 xxxxv)
458 1535 466 1550 ‚
485 1508 659 1555 quidquid
684 1510 722 1542 in
741 1522 857 1542 rerum

183 1569 308 1594 natura
338 1562 529 1596 suavissimi
558 1571 607 1596 est
626 1562 765 1604 odoris,
788 1571 858 1596 tam

184 1614 359 1659 eleganter
376 1625 572 1660 comparat,
597 1624 635 1648 ut
653 1616 742 1648 nihil
764 1617 799 1649 in
817 1628 858 1649 eo

185 1667 431 1712 epigrammate
447 1693 456 1709 ‚
479 1669 608 1712 leporis
624 1668 759 1713 antiqui
781 1668 859 1701 dul-

184 1719 308 1753 cedine
333 1721 472 1766 penitus
497 1720 655 1754 delibuto
671 1746 680 1762 ‚
708 1721 798 1754 nihil
817 1722 860 1755 sit

184 1773 275 1806 forte
314 1773 587 1807 desiderandum
606 1799 614 1812 ,
655 1774 722 1806 nisi
764 1773 859 1819 quod

184 1826 314 1859 Noster
339 1827 375 1859 in
409 1839 449 1859 eo
476 1826 702 1861 inscribendo
736 1827 861 1860 misere

184 1879 362 1913 erraverit.
377 1879 414 1912 Si
431 1892 547 1912 secum
565 1879 728 1913 certantis
744 1880 860 1913 Poetae

185 1931 381 1965 foecundam
394 1933 596 1966 varietatem
614 1933 732 1966 mirari
744 1933 862 1966 volue-

186 1984 254 2026 ris,
273 1985 348 2030 lege
366 1985 425 2018 lib.
448 1987 500 2028 II,
520 1987 627 2031 epigr.
647 1998 731 2019 vm.
753 1986 819 2020 En.

243 2048 274 2070 Ι.
297 2039 395 2082 Quod
406 2041 506 2084 spirat
526 2047 629 2071 tenera
642 2066 651 2079 ‚
674 2048 738 2072 etc.
761 2038 859 2072 Ordo

187 2098 263 2123 est:
283 2099 340 2124 tua
370 2091 463 2125 basia
491 2093 645 2137 fragrant
673 2091 768 2137 quod
791 2092 858 2125 fra-

187 2151 261 2187 grat
295 2157 440 2189 pomum
456 2166 465 2183 ‚
499 2146 612 2190 puella
649 2145 833 2179 mordente
850 2171 858 2185 ‚

186 2204 252 2229 etc.
271 2197 337 2230 ΕΙ).
361 2218 410 2223 —-
434 2198 553 2230 Tener-a
570 2199 682 2231 malum
703 2199 860 2231 mordente

182 2249 407 2293 J›uellu.De11s
424 2251 585 2294 juvenilis
598 2276 607 2291 ‚
626 2252 860 2297 puellarisque

185 2301 313 2335 halitus
331 2303 459 2335 olentia
475 2303 643 2337 reddebat
661 2313 694 2338 et
710 2305 860 2349 gratiora

187 2367 321 2388 amasus
340 2368 466 2400 poma3
494 2365 566 2389 erat
594 2357 687 2390 enim
706 2370 747 2389 eo
772 2366 859 2390 tein-

186 2420 272 2452 pore
302 2409 428 2453 puellis
456 2422 554 2451 mos,
591 2419 630 2444 ut
656 2423 761 2455 poma
790 2411 858 2444 suis

186 2462 398 2494 amatoribus
416 2462 580 2495 semirosa
597 2463 775 2496 mitterent
791 2489 800 2505 ‚
826 2473 858 2497 et

187 2514 320 2547 attritas
349 2515 449 2547 etiam
484 2516 644 2554 corollas,
677 2525 710 2548 et
737 2516 858 2561 hujus-

186 2565 284 2599 modi
314 2580 420 2612 nugas
433 2593 442 2609 ,
475 2567 517 2600 ad
547 2581 669 2601 eorum
706 2581 858 2603 amorem

185 2619 409 2664 captandum.
452 2621 564 2654 Testis
603 2621 780 2655 Lucianus
822 2622 857 2655 in

189 2672 333 2705 Toxare.
350 2674 548 2707 Ramircsius.
564 2696 613 2701 --=
626 2675 758 2708 Malzmz.
776 2675 856 2708 Vid.

918 1403 999 1436 infr.
1014 1403 1074 1436 lib.
1095 1403 1170 1444 XI,
1190 1402 1299 1448 epigr.
1317 1413 1406 1442 vut,
1427 1414 1460 1434 v.
1482 1400 1514 1433 3.
1529 1400 1598 1433 En.

975 1470 1006 1489 2.
1040 1456 1137 1500 Quod
1164 1456 1201 1488 de
1230 1455 1364 1500 Cozjrclo
1388 1456 1530 1499 pervenit
1560 1453 1597 1485 in

918 1508 1039 1543 codice
1069 1509 1207 1542 Thuan.
1234 1517 1267 1542 et
1289 1506 1495 1541 Beverlantli
1520 1507 1597 1540 MS.

917 1577 969 1584 —
989 1563 1088 1607 Quod
1106 1563 1144 1594 de
1171 1562 1327 1607 Corycio,
1353 1568 1419 1594 etc.
1442 1562 1598 1605 Corycus

917 1628 1017 1649 mons
1050 1624 1099 1648 est
1131 1615 1294 1649 Ciliciae:
1323 1614 1455 1647 Ciliciae
1480 1621 1597 1646 autem

917 1668 1175 1702 nobilissimum
1195 1681 1267 1701 esse
1286 1680 1426 1701 crocum
1446 1665 1598 1699 diximus

917 1722 979 1755 lib.
1004 1723 1119 1767 Spect.
1138 1722 1249 1767 epigr.
1268 1722 1342 1761 III,
1362 1734 1395 1753 v.
1420 1721 1460 1760 8,
1482 1728 1514 1752 et
1535 1732 1597 1764 pa-

918 1783 966 1808 tet
988 1775 1091 1808 etiam
1107 1788 1146 1808 ex
1164 1775 1224 1807 lib.
1246 1775 1297 1807 IX
1316 1800 1324 1815 ‚
1346 1773 1455 1819 epigr.
1474 1784 1595 1806 xxxlx.

917 1839 1021 1860 versu
1051 1827 1082 1860 5.
1103 1849 1154 1853 —-
1175 1828 1226 1859 De
1259 1827 1403 1871 Corycio.
1428 1825 1511 1858 Vid.
1535 1825 1596 1858 lib.

918 1881 970 1913 XI
988 1905 996 1922 ‚
1014 1880 1122 1925 epigr.
1140 1892 1210 1913 vnI
1227 1904 1235 1921 ,
1256 1893 1286 1912 v.
1311 1892 1344 1912 2.
1360 1880 1426 1912 En.

975 1934 1007 1966 3.
1043 1932 1146 1966 Cana.
1179 1933 1300 1973 Quum
1333 1931 1461 1964 emittit
1494 1929 1596 1963 flores

918 1998 1024 2019 suave
1044 1986 1185 2019 olentes.

974 2043 1007 2079 4.
1022 2039 1126 2072 Multi
1139 2037 1242 2072 codd.
1254 2037 1367 2083 inquit
1377 2036 1594 2070 Calderinus.

917 2092 1048 2126 habent
1079 2106 1148 2138 qum
1176 2092 1266 2124 modo
1297 2093 1415 2136 carpsit
1441 2092 1508 2135 apis
1524 2115 1533 2130 ‚
1558 2099 1596 2122 ut

919 2144 962 2178 de
990 2146 1112 2191 thymo
1140 2145 1375 2189 intelligatur3
1401 2144 1469 2176 hoc
1490 2143 1594 2176 etiam

917 2199 1048 2232 habent
1061 2197 1164 2232 codd.
1183 2197 1366 2235 Scriverii,
1390 2205 1423 2229 et
1439 2196 1486 2230 sic
1503 2197 1594 2240 conj.

916 2252 1078 2285 Barthius
1097 2277 1104 2291 ,
1124 2251 1296 2296 probante
1318 2250 1476 2283 Gronov.
1496 2249 1594 2281 Non-

916 2305 1005 2338 'nulli
1039 2305 1204 2337 exhibent
1217 2330 1224 2343 ,
1259 2317 1327 2350 quoe
1356 2303 1445 2334 modo
1479 2306 1595 2347 carpsit

916 2361 1003 2398 avis,
1027 2366 1065 2390 ut
1082 2357 1125 2389 de
1146 2356 1444 2403 Phoenicelpossis
1464 2355 1594 2388 intelli-

916 2423 994 2456 gere
1011 2436 1019 2449 ,
1046 2423 1121 2456 quae
1148 2408 1250 2442 nidos
1271 2409 1441 2442 construit
1458 2420 1499 2441 ex
1520 2409 1592 2441 cin·

916 2477 1080 2497 namomo
1108 2472 1141 2496 et
1167 2463 1265 2496 casia.
1284 2463 1445 2495 Nostram
1469 2461 1591 2494 lectio-

916 2529 995 2549 nem
1015 2525 1183 2550 testantur
1203 2515 1282 2548 edd.
1300 2523 1384 2548 vett.
1406 2514 1499 2547 Vide
1517 2527 1590 2547 var.

916 2578 1028 2603 notas.
1049 2591 1096 2596 -—-
1120 2569 1276 2604 Gramina
1305 2568 1390 2614 quod
1423 2568 1561 2600 redolent
1580 2594 1588 2606 ‚

917 2637 985 2669 quse
1004 2623 1095 2655 modo
1118 2624 1235 2668 empsit
1252 2625 1327 2655 ovis.
1348 2622 1445 2654 Hanc
1469 2620 1590 2653 lectio-

918 2689 997 2709 nem
1033 2676 1178 2709 omnino
1217 2675 1329 2719 rejicit
1368 2673 1568 2708 Gronovius
1587 2698 1596 2711 ⁷
