2061 3288
421 223 1009 271 EPIGRAMMATUM
1046 222 1171 266 Lm.
1212 222 1296 264 IV.

1475 221 1568 273 [12¹

307 315 440 370 Audi,
465 331 594 375 quem
621 330 830 376 puerum,
856 312 1034 367 Flacce,
1057 324 1212 372 rogare
1238 307 1380 352 velim.

239 387 411 431 ‘Niliacis
442 387 632 447 primum
660 401 769 446 puer
795 386 828 428 is
860 393 1064 427 nascatur
1091 383 1133 425 in
1161 381 1248 425 oris
1272 397 1280 422 :

308 457 531 518 Nequitias
563 455 688 500 tellus
720 456 800 500 scit
827 455 931 498 dare
956 452 1075 497 nulla
1101 452 1250 513 magis.

238 529 304 572 Sit
333 529 431 573 nive
459 526 683 571 candidior
712 544 719 570 :
746 542 934 588 namque
959 526 1004 569 in
1025 522 1269 568 Mareotide
1296 521 1417 565 fusca

306 598 534 643 Pulchrior
561 608 648 653 est,
673 607 837 658 quanto
866 597 1006 640 rarior
1030 597 1111 639 iste
1137 593 1270 638 color.

238 670 424 713 Lumina
451 669 662 713 sideribus
688 678 856 713 certent
871 704 882 724 ‚
905 666 1145 727 mollesque
1170 662 1389 725 flagellent

310 739 433 784 Colla
461 756 596 784 comae
619 756 628 782 :
656 749 793 783 tortas
816 756 905 783 non
930 754 1053 791 amo,
1079 735 1256 789 Flacce,
1279 749 1441 779 eomas.

239 813 375 854 Frons
399 811 565 865 brevis,
590 819 719 870 atque
748 810 905 854 modus
933 809 1125 853 breviter
1153 807 1207 851 sit
1233 805 1410 849 naribus
1437 804 1583 857 uncis-3

169 962 275 995 quam
294 949 352 982 ille
374 949 490 982 omnia
511 948 669 987 abstulit,
697 948 764 982 alia
792 960 847 981 ro-

170 1001 283 1047 gando
297 1027 306 1042 ,
326 1002 391 1036 alia
406 1000 584 1048 poscendo
598 1028 607 1043 ,
625 1002 689 1034 alia
708 1014 847 1034 sumen-

170 1055 230 1090 do.
251 1073 266 1086 ι
298 1054 382 1089 Vid.
409 1056 471 1089 lib.
494 1055 584 1088 VIII
599 1080 609 1097 ‚
636 1055 745 1101 epigr.
771 1066 848 1096 ιη,

171 1122 221 1142 vs.
243 1111 260 1143 5
275 1134 283 1147 ‚
306 1109 341 1142 in
361 1121 431 1155 quo
448 1109 540 1141 Rufo
553 1107 754 1142 commodat
764 1120 849 1154 pue-

172 1175 252 1196 rum
268 1162 437 1196 Martialis
449 1188 458 1203 ‚
471 1169 505 1195 et
518 1162 578 1195 lib.
598 1162 614 1193 I
629 1187 637 1202 ‚
654 1161 761 1207 epigr.
778 1173 849 1202 mx,

174 1216 234 1248 ubi
249 1215 409 1261 queritur
422 1214 590 1248 Martialis
608 1227 644 1248 se
661 1227 733 1248 non
750 1226 850 1260 posse

175 1270 346 1302 cariorem
368 1280 483 1301 emere
502 1280 665 1313 puerum.

229 1337 263 1355 2.
282 1322 327 1354 Et
345 1321 404 1355 hic
425 1321 529 1354 etiam
547 1320 712 1354 nonnulli
729 1320 852 1365 leg-unt

176 1376 278 1407 locare
308 1387 373 1420 pro
406 1387 530 1418 rogare.
566 1373 645 1407 Ald.
679 1374 777 1406 Junt.
817 1381 852 1406 et

177 1427 292 1461 Colin.
329 1440 406 1473 quae
438 1440 540 1460 versu
571 1427 687 1472 primo
725 1428 854 1471 roganti

177 1481 324 1521 habent,
340 1481 398 1514 hic
420 1481 524 1513 locare
541 1480 720 1514 exhibent.

232 1534 266 1567 3.
308 1534 445 1568 Niliacis
482 1536 618 1579 primum
644 1560 652 1574 ,
703 1542 768 1566 etc.
813 1532 854 1564 In

179 1589 345 1634 Aigypto.

235 1645 267 1680 4.
283 1641 464 1686 Nequitiam
480 1640 515 1673 in
529 1639 608 1673 edd.
626 1648 711 1673 vett.
725 1660 776 1666 —
788 1638 855 1671 Nc-

181 1696 294 1739 quietas
315 1693 404 1725 tellus
417 1720 426 1734 ,
448 1701 513 1726 etc.
533 1693 726 1726 Laseiviam
745 1701 779 1725 et
794 1691 857 1724 im-

182 1746 393 1791 probitatem
429 1758 623 1779 veneream.
654 1747 675 1778 J
680 1744 833 1779 uvenalis
846 1768 856 1784 ,

181 1807 245 1833 sat.
268 1800 349 1841 XV,
371 1798 429 1838 45.
448 1798 542 1831 Vide
562 1799 625 1831 lib.
650 1799 726 1839 III,
748 1797 856 1843 epigr.

184 1865 279 1894 mu,
298 1865 348 1886 vs.
370 1853 412 1893 5;
433 1851 537 1885 Ovid.
553 1852 614 1885 lib.
632 1853 649 1884 I
671 1851 858 1890 Tristium‚

183 1906 289 1950 elegia
313 1918 329 1938 2
348 1917 356 1939 :
380 1923 393 1936 κ
410 1905 489 1938 Non
518 1913 557 1938 ut
580 1903 769 1937 Alexandri
790 1903 859 1936 cla-

184 1971 258 1991 ram
275 1957 408 1991 delatus
432 1959 467 1991 in
489 1959 615 1991 urbem
640 1957 791 1990 Delicias
813 1955 861 1988 vi-

185 2012 305 2053 deam,
328 2012 407 2044 Nile
420 2013 553 2056 jocose,
572 2019 683 2044 tuas.»
704 2011 861 2044 Consen-

188 2066 282 2097 tiunt
299 2065 392 2098 enim
416 2065 603 2097 innumera
618 2065 789 2097 Veterum
810 2071 862 2096 te-

187 2118 348 2151 stimonia
360 2143 370 2159 ,
389 2118 515 2163 quibus
534 2125 668 2150 constet
682 2117 864 2162 ffigyptios

190 2171 292 2203 fuisse
312 2169 449 2203 deditos
467 2170 658 2215 nequitiis;
678 2168 865 2202 deducitur

192 2232 305 2256 autem
325 2224 381 2256 illa
403 2236 469 2256 vox
495 2225 640 2269 nequitia?
665 2236 683 2256 a
707 2234 793 2255 voce
812 2236 866 2255 ne-

192 2289 301 2320 quam,
327 2289 403 2322 quae
425 2277 497 2321 ipsa
524 2289 587 2322 per
610 2287 789 2322 syncopen
811 2274 869 2308 de-

193 2328 334 2362 ducitur
353 2343 371 2362 a
388 2343 425 2361 ne
442 2329 609 2375 quidquam
627 2356 635 2368 ‚
655 2327 691 2361 id
706 2337 756 2362 est
769 2329 849 2361 nihil
857 2341 869 2361 .·

195 2383 239 2414 ita
257 2390 297 2415 ut
314 2383 422 2415 homo
445 2394 597 2427 nequam
616 2381 788 2427 significet
807 2382 870 2414 ho-

196 2448 252 2468 ino
270 2435 401 2468 nullius
417 2435 520 2481 pretii
533 2461 542 2476 ‚
560 2435 682 2480 gallice
695 2447 737 2467 un
753 2435 870 2467 homme

195 2490 233 2520 du
250 2490 338 2528 rie11;
358 2496 392 2521 et
407 2501 518 2534 quum
531 2487 724 2533 significare
740 2488 872 2521 vellent

197 2542 218 2571 Χ
234 2550 342 2574 eteres
356 2541 535 2574 hominem
548 2541 765 2574 luxuriosum
778 2567 787 2582 ,
805 2549 870 2575 etc.

199 2594 360 2627 dicebant
380 2595 530 2627 hominene
551 2607 693 2640 nequam.

254 2647 287 2680 5.
311 2648 454 2694 ,Vanaque
473 2675 480 2688 ‚
515 2657 577 2681 etc.
603 2647 761 2692 Namque
784 2648 873 2681 inter

907 947 1090 994 EEgyptios
1113 971 1122 987 ‚
1154 946 1215 993 qui
1243 956 1363 978 omnes
1396 944 1469 977 fere
1498 943 1586 977 fusci

907 1010 988 1034 sunt
1000 1027 1009 1041 ,
1040 1000 1166 1045 majori
1198 999 1235 1032 in
1268 997 1384 1043 pretio
1412 1004 1463 1030 est
1476 1021 1486 1038 ‚
1515 1008 1586 1041 quo

907 1054 986 1100 quis
996 1054 1041 1087 sit
1054 1051 1249 1086 candidior.
1263 1051 1424 1084 -Poeta
1435 1077 1444 1092 ‚
1457 1049 1565 1083 credo
1578 1076 1587 1090 ,

908 1107 1021 1140 voluit
1036 1107 1073 1140 in
1090 1108 1243 1153 AEgypto
1263 1105 1453 1151 plerosque
1471 1103 1586 1136 fuscos

909 1173 1004 1202 esse,
1027 1168 1060 1193 at
1082 1160 1139 1193 cui
1160 1159 1258 1193 color
1284 1156 1477 1195 candidus,
1506 1169 1587 1189 eum

909 1226 982 1247 esse
999 1213 1238 1259 purissimum.
1254 1212 1321 1245 En.
1340 1209 1427 1244 Vid.
1449 1210 1511 1243 lib.
1532 1209 1565 1242 Χ
1578 1235 1588 1250 ,

909 1267 1021 1312 epigr.
1049 1279 1102 1299 ΧΠ
1119 1292 1128 1307 ,
1149 1279 1198 1299 vs.
1228 1265 1345 1298 ultim.
1374 1284 1426 1290 -—-
1457 1263 1588 1296 Mareo-

911 1320 984 1354 tide.
1006 1319 1171 1352 Mareotis
1192 1320 1285 1353 lacus
1306 1325 1358 1351 est
1380 1317 1534 1362 [Egypti.

967 1386 1000 1418 7.
1018 1373 1214 1417 Flagellent.
1231 1371 1389 1405 Dimissae
1405 1378 1439 1403 et
1452 1368 1589 1402 diffusae

912 1427 1022 1460 fluant
1036 1438 1099 1472 per
1118 1427 1206 1459 colla
1218 1452 1227 1467 ‚
1244 1437 1320 1458 non
1340 1423 1492 1469 crobylis
1507 1448 1516 1463 ‚
1534 1434 1591 1454 an-

913 1480 1024 1518 nulis,
1047 1487 1106 1511 aut
1121 1478 1219 1513 cirri5
1235 1478 1483 1512 calamistratas.
1503 1473 1588 1507 Vid.

913 1533 974 1566 lib.
987 1533 1004 1565 I
1021 1559 1030 1574 ‚
1049 1532 1159 1578 epigr.
1175 1543 1277 1565 xxxn
1293 1557 1302 1571 ,
1318 1543 1366 1564 VS.
1391 1533 1411 1563 (3
1427 1543 1434 1563 :
1457 1548 1468 1559 u
1486 1530 1594 1561 Dum-

915 1598 983 1632 que
994 1584 1119 1619 decent
1133 1586 1216 1619 fusae
1226 1585 1333 1618 lactea
1342 1584 1430 1616 colla
1440 1583 1557 1627 jubae3
1574 1598 1587 1610 n

917 1649 950 1673 et
959 1638 1066 1673 Ovid.
1077 1639 1137 1672 lib.
1153 1640 1206 1671 1ss
1220 1664 1229 1680 ‚
1243 1639 1318 1672 Art.
1340 1656 1352 1668 ιι
1364 1636 1516 1670 Alterius
1530 1634 1596 1668 cri-

915 1706 977 1726 nes
987 1693 1136 1726 humero
1147 1693 1322 1738 jactentur
1330 1688 1594 1736 utroque‚Talis

916 1758 951 1780 es
961 1753 1138 1790 assumpta
1152 1771 1160 1787 ,
1173 1745 1302 1778 Phoehe
1315 1755 1443 1777 canore
1458 1769 1466 1784 ‚
1478 1742 1589 1786 lyra.»

972 1800 1006 1832 8.
1017 1799 1164 1831 Juntina
1181 1806 1300 1831 nostra
1310 1796 1458 1841 margini
1471 1794 1598 1828 adscri-

917 1860 1018 1898 ptum
1033 1852 1139 1885 habet
1151 1860 1257 1884 curtas
1275 1864 1339 1895 pro
1361 1857 1459 1881 tortas
1473 1875 1480 1887 ,
1500 1845 1597 1892 quod

918 1904 1137 1951 probabilius
1162 1913 1223 1937 est.
1247 1904 1329 1936 Haec
1356 1901 1527 1935 vocabula
1550 1900 1597 1932 fa-

919 1958 1047 1991 cillime
1062 1965 1308 2003 permutantur
1323 1956 1358 1989 in
1375 1953 1598 1988 membranis.

919 2010 1005 2044 Vid.
1026 2010 1171 2044 Sueton.
1188 2011 1225 2043 in
1242 2010 1361 2043 Tiber.
1380 2021 1456 2053 cap.
1480 2009 1525 2041 68
1539 2032 1548 2047 ‚
1567 2013 1602 2038 et

922 2065 1004 2097 Ner.
1024 2076 1101 2109 cap.
1127 2064 1186 2097 51.

978 2132 1012 2160 9.
1037 2118 1139 2152 Frons
1161 2117 1258 2149 brevis
1274 2142 1283 2155 ‚
1310 2124 1376 2148 etc.
1408 2114 1519 2146 Frons
1550 2121 1602 2145 te·

925 2170 1007 2203 uuis
1024 2170 1215 2203 Veteribus
1238 2169 1273 2202 in
1294 2166 1409 2201 laude.
1431 2167 1487 2200 Sic
1509 2166 1603 2199 canit

931 2224 1116 2264 Horatius,
1127 2221 1186 2256 od.
1201 2223 1236 2263 I,
1253 2222 1298 2255 33
1315 2248 1324 2263 ,
1341 2219 1385 2254 ad
1400 2219 1605 2256 Tibullum:

932 2294 945 2306 ι
965 2277 1147 2321 Insignem
1172 2274 1271 2310 tenui.
1292 2274 1408 2308 fronte
1430 2270 1607 2319 Lycorida

929 2329 1016 2375 Cyri
1037 2330 1165 2362 Torret
1185 2341 1293 2361 amor.
1317 2344 1389 2357 n—
1402 2326 1520 2360 Modus
1537 2326 1606 2357 bre-

928 2385 1012 2415 viter·
1022 2395 1035 2422 ;
1048 2390 1113 2415 etc.
1129 2382 1180 2415 Sit
1190 2380 1316 2414 modus
1332 2380 1476 2413 naribus
1490 2378 1607 2412 brevi-

929 2444 982 2469 ter
998 2462 1007 2477 ,
1029 2434 1066 2468 id
1084 2444 1134 2469 est
1147 2460 1156 2475 ‚
1175 2433 1313 2468 modice
1331 2433 1441 2466 uncis.
1463 2432 1520 2465 Sic
1536 2432 1609 2464 fere

931 2489 1119 2521 Petronius
1137 2487 1324 2533 loquitur:
1354 2504 1367 2516 ι
1394 2486 1503 2518 Nares
1527 2496 1609 2530 pau-

931 2542 1042 2575 lulum
1072 2541 1220 2575 inflexae.
1238 2559 1251 2571 »
1286 2541 1330 2574 Et
1355 2539 1523 2573 Sidonius
1548 2538 1609 2570 lib.

934 2596 949 2627 Ῐ
967 2621 974 2635 ,
998 2595 1096 2640 epist.
1122 2608 1138 2627 2
1158 2621 1167 2635 ,
1189 2593 1233 2627 de
1257 2592 1485 2626 Theodorico
1505 2603 1584 2635 rege
1603 2603 1609 2621 :

942 2666 954 2678 ιι
975 2648 1083 2681 Nasus
1101 2647 1341 2681 venustissime
1360 2646 1535 2679 incurvus.
1561 2662 1572 2670 ›-

1398 2709 1406 2729 ί

1321 2735 1378 2762 2-

1361 2766 1369 2779 ι
