2061 3288
463 218 560 270 204

838 217 898 260 M.
921 218 1064 260 VAL.
1103 218 1495 264 MARTIALIS

668 304 921 349 Traduntur
951 322 1088 366 puero
1116 305 1295 350 domum
1327 307 1519 352 ferenda.

672 377 765 420 Nos
795 376 1093 421 accumbimus
1125 378 1260 421 otiosa
1287 378 1427 422 turba.

669 445 795 490 Ullus
826 448 859 491 si
884 446 1027 508 pudor
1055 457 1144 503 est,
1174 465 1336 509 repone
1366 465 1534 493 coenam
1557 466 1567 491 :
1843 478 1873 493 ω

670 519 778 562 Cras
808 527 876 571 te,
904 517 1159 574 Caeciliane,
1182 536 1270 563 non
1298 521 1463 564 vocavi.

460 656 557 690 sectae
584 669 720 702 mappae
744 665 778 690 et
805 656 1058 699 condimentis,
1080 658 1133 692 vel

460 722 590 755 vapore
612 709 804 743 calidorum
824 711 997 744 ciborum.

514 775 547 806 9.
572 763 685 796 Otiosa
703 764 805 797 turba.
827 764 1056 798 Collectivum
1074 777 1136 798 no-

460 828 539 849 men
558 817 719 862 jungitur
732 830 878 850 numero
894 817 1021 863 plurali
1042 829 1049 851 τ
1069 817 1137 851 hoc

459 878 511 902 est
526 895 535 911 ‚
561 870 797 904 accumbimus
819 871 940 911 otiosi,
959 871 1048 904 nihil
1075 871 1137 904 ha-

458 922 580 956 bentes
605 922 641 955 in
662 936 732 969 quo
754 923 876 957 dentes
900 937 1135 958 exerceamus.

519 988 532 1009 1
546 989 558 1008 1
569 1003 576 1009 .
589 975 653 1009 Ed.
667 977 919 1022 antiq.Ferrar.
932 991 1013 1011 ann.
1026 990 1039 1011 1
1050 982 1095 1022 47
1106 989 1136 1010 1.

462 1029 590 1062 Venet.
613 1028 691 1062 Ald.
707 1030 807 1063 Junt.
829 1038 862 1063 et
882 1031 997 1064 Colin.
1012 1033 1136 1063 vocavi.

464 1082 679 1116 Pulmannus
701 1083 828 1129 aliique
856 1084 984 1116 vocabo.
1005 1084 1138 1116 Verum

462 1135 636 1169 Domitius
665 1135 874 1170 Calderinus
902 1145 936 1169 et
968 1136 1139 1170 Heraldus

1194 659 1283 693 bene
1306 668 1452 694 monent
1470 657 1656 706 legendum
1680 661 1812 698 vocam}
1833 656 1872 691 id

1195 720 1246 745 est
1258 737 1268 753 ,
1290 724 1423 745 coenam
1451 713 1591 759 paravi,
1619 720 1659 745 ut
1689 709 1771 745 edas
1795 711 1873 752 hic,

1195 778 1266 798 non
1286 773 1324 798 ut
1341 778 1454 798 serves
1468 766 1504 798 in
1518 765 1717 799 crastinum.
1732 787 1785 791 —
1798 764 1873 797 Non

1196 821 1317 851 moa-avi.
1350 817 1570 859 Soloecisnius
1598 827 1665 859 est,
1692 816 1751 851 sed
1771 829 1873 862 argu-

1197 871 1350 905 tissimus
1365 883 1374 913 ;
1394 884 1463 904 cras
1477 885 1537 904 non
1553 873 1685 911 vocavi,
1703 870 1873 903 nimirum

1196 937 1269 957 non
1292 924 1328 957 in
1348 925 1535 958 crastinum
1551 950 1559 966 ‚
1581 923 1638 956 sed
1660 923 1873 956 hodiernum

1198 977 1289 1011 diem
1306 986 1341 1011 te
1355 978 1499 1011 invitavi
1514 991 1523 1020 3
1540 990 1673 1010 coenam
1689 977 1795 1022 igitur
1810 976 1873 1008 ho-

1198 1030 1255 1064 die
1269 1043 1366 1064 sume
1380 1030 1425 1063 de
1442 1043 1519 1064 meo
1535 1057 1543 1070 ‚
1560 1039 1594 1064 et
1606 1029 1703 1063 domi
1718 1041 1804 1062 meae
1818 1041 1875 1074 ap-

1198 1084 1348 1130 positam
1363 1097 1372 1124 ;
1395 1097 1467 1117 non
1488 1096 1561 1118 cras
1577 1092 1611 1117 et
1626 1082 1723 1117 domi
1742 1091 1810 1116 tuae
1824 1094 1878 1116 re-

1199 1146 1380 1170 servatam.

972 1273 1367 1329 XXXVIII.

1004 1417 1061 1445 IN
1100 1396 1334 1446 LINUM.*

530 1546 660 1599 QUID
684 1543 790 1586 mihi
812 1542 965 1586 reddat
984 1559 1107 1603 ager,
1129 1544 1309 1603 quaeris,
1335 1543 1466 1597 Line,
1487 1541 1819 1586 Nomentanus?

603 1616 698 1657 Hoc
721 1613 827 1657 mihi
852 1613 994 1657 reddit
1017 1629 1121 1674 ager
1142 1630 1149 1656 :
1175 1623 1239 1668 te,
1265 1614 1373 1657 Line
1389 1648 1400 1668 ,
1423 1630 1512 1656 non
1533 1612 1674 1656 video.

519 1749 533 1762 *
550 1752 590 1783 In
603 1751 710 1796 hujus
723 1751 980 1797 epigrammatis
992 1750 1142 1785 lectione

465 1803 559 1837 haud
574 1805 709 1838 variant
727 1805 809 1838 libri
831 1804 1061 1850 manuscripti
1085 1812 1143 1837 aut

466 1857 559 1904 typis
579 1857 749 1902 impressi.

523 1923 535 1943 1
547 1937 554 1944 .
589 1911 817 1944 Nomentanus.
850 1911 910 1943 Est
939 1911 1022 1943 urbs
1053 1909 1143 1943 Latii

464 1964 722 1997 Nomentanum
736 1990 745 2007 ς
762 1963 869 1997 hodie
888 1965 1095 1997 Lamentana.

522 2030 553 2050 2.
573 2017 647 2050 Non
664 2017 768 2050 video.
793 2017 842 2050 Ut
857 2017 992 2062 fugeret
1010 2016 1140 2050 Linum

466 2069 532 2103 sibi
567 2070 814 2116 importunum
845 2067 1048 2113 (fdclaeuas),
1077 2077 1140 2103 aut

468 2122 619 2157 invisum
629 2149 638 2164 ‚
652 2122 831 2157 secedebat
841 2123 946 2155 Poeta
956 2123 992 2155 in
1007 2135 1141 2167 agrum,

464 2176 544 2221 qui,
568 2176 723 2223 alioquin
746 2189 859 2210 macer
876 2185 909 2209 et
923 2176 1048 2209 sterilis
1064 2201 1073 2217 ,
1089 2189 1142 2209 sa·

465 2229 507 2261 tis
523 2237 637 2262 tamen
648 2228 824 2263 commodi
835 2229 1035 2275 praestabat,
1047 2227 1143 2274 quod

462 2281 529 2327 ipsi
543 2282 623 2316 Lini
638 2290 865 2328 conspectum
881 2283 1042 2316 auferret.
1058 2281 1141 2315 Vid.

1201 1751 1262 1784 lib.
1275 1751 1343 1783 VII
1358 1776 1367 1791 ‚
1377 1750 1588 1796 epigramma
1605 1762 1668 1784 xcv
1678 1775 1687 1790 ,
1700 1749 1736 1783 in
1746 1749 1880 1783 Linum

1202 1803 1407 1849 quemdam,
1428 1804 1518 1837 forte
1537 1803 1713 1837 eumdem.
1726 1825 1780 1829 —
1795 1803 1876 1836 Non

1203 1857 1352 1890 libenter
1370 1865 1490 1903 putem
1511 1857 1655 1890 Poetam
1675 1857 1799 1889 urbem
1821 1868 1879 1888 re-

1202 1910 1345 1956 liquisse
1363 1920 1396 1943 et
1415 1910 1451 1943 in
1474 1923 1597 1955 agrum
1618 1909 1793 1943 secessisse
1806 1934 1816 1950 ,
1835 1921 1877 1942 eo

1203 1964 1349 1997 consilio
1381 1972 1419 1996 ut
1451 1964 1693 2008 importunum
1723 1962 1875 1995 vitaret:

1200 2018 1242 2050 ab
1264 2016 1406 2049 homine
1430 2016 1590 2061 pergravi
1609 2028 1643 2049 se
1669 2014 1878 2060 expediendi

1199 2070 1272 2102 haec
1299 2070 1423 2102 ultima
1452 2082 1532 2102 sane
1559 2077 1632 2102 erat
1653 2069 1768 2101 ratio:
1803 2080 1878 2101 cre-

1202 2122 1282 2155 dam
1318 2122 1523 2167 simpliciter
1557 2122 1624 2155 hoc
1658 2121 1706 2155 illi
1741 2121 1878 2166 placere

1203 2188 1348 2221 agrum,
1373 2174 1469 2221 quod
1498 2176 1540 2208 ab
1575 2175 1716 2208 incursu
1746 2174 1813 2207 viri
1836 2174 1875 2206 in

1204 2229 1291 2262 urbe
1310 2227 1468 2274 degentis
1489 2237 1523 2261 et
1539 2227 1652 2261 odiosi
1671 2228 1786 2273 ipsum
1802 2239 1878 2260 om-

1202 2282 1289 2315 nino
1306 2289 1421 2315 tutum
1438 2289 1626 2327 praestaret.
1650 2282 1718 2314 En.
