2061 3288
441 219 541 275 344
815 222 877 263 Μ.
905 222 1044 264 VAL.
1084 223 1473 265 MARTlALlS

435 307 498 339 lib.
510 306 562 348 X,
580 318 657 351 cap.
681 318 694 339 1
714 331 724 346 ‚
741 306 983 352 significatque
996 319 1111 339 vorare

433 367 549 391 s!ercus
567 372 578 392 .·
596 359 657 392 ubi
676 358 756 392 vide
774 372 850 405 quae
866 359 953 392 dicit
974 359 1017 392 de
1039 360 1110 392 Xe-

432 420 589 445 nocrate.
621 412 807 457 Duplicem
833 413 1019 446 lectionem
1052 425 1110 446 ex-

433 465 532 498 hibet
561 478 623 498 nos
651 478 757 510 penes
787 466 933 499 Juntina
963 466 1110 511 margini

433 517 641 563 adscriptam
655 530 663 552 :
676 519 788 564 ecquid
801 521 895 559 enim,
910 519 1042 558 Baetice,
1050 532 1111 563 pu-

437 579 481 603 tre
497 573 619 616 fizgis?
639 581 672 604 et
690 579 725 603 ut
743 572 821 618 qnicl
839 575 918 603 enlm
932 598 939 611 ‚
966 572 1106 612 Baett'ce,

1172 315 1258 352 turpe.
1277 311 1363 351 sugis
1376 334 1386 348 ,
1411 316 1523 341 metro
1539 334 1547 348 ,
1571 309 1599 340 si
1616 308 1705 341 nihil
1729 308 1821 342 aliud
1839 336 1850 351 9

1170 361 1338 394 obstante.
1351 361 1384 393 Si
1397 360 1483 406 quid
1498 360 1721 400 mutandum,
1735 362 1824 395 forte
1838 376 1845 395 :

1169 414 1282 459 ecquid
1305 416 1384 446 enim
1398 441 1406 453 ,
1438 414 1557 446 Baetice
1574 441 1582 454 ‚
1617 422 1704 459 turpe
1720 415 1813 458 sugis
1830 421 1850 447 Δ)

1170 488 1221 492 -—
1234 466 1432 511 Saprofage's.
1448 470 1670 512 Σαπροφαγεῖς
1683 493 1692 509 ,
1705 467 1846 512 putrida

1170 518 1268 552 edis?
1284 531 1325 552 ex
1342 521 1462 565 σαπρὸς
1473 545 1483 562 ,
1495 520 1663 566 putridus,
1682 528 1716 554 et
1731 520 1822 565 φάγω
1837 546 1848 561 ,

1169 572 1239 605 edo.

974 714 1304 770 LXXVIII.

922 870 990 896 AD
1028 849 1362 898 PAULINUM*

502 996 729 1039 MINXISri
762 1004 965 1039 currente
994 994 1147 1049 semel,
1178 994 1379 1050 Pauline,
1405 995 1563 1038 carina.

569 1066 733 1110 Meiere
761 1067 825 1110 vis
848 1064 1034 1110 iterum?
1053 1066 1144 1126 jain
1169 1065 1398 1109 Palinurus
1428 1065 1523 1109 eris.

482 1200 497 1214 *
516 1202 640 1243 Quum
652 1203 778 1247 cymba
786 1202 839 1235 vel
852 1202 931 1235 navi
943 1210 1107 1235 currente

427 1268 579 1301 praeceps
614 1256 801 1289 veheretur
840 1255 1033 1296 Paulinus,
1068 1255 1104 1287 in

427 1321 551 1354 aquam
576 1309 749 1341 minxerat
770 1321 841 1341 non
860 1309 934 1341 siue.
952 1307 1106 1353 quodam

427 1361 609 1406 periculo,
645 1370 768 1406 utpote
804 1361 863 1406 qui
885 1387 893 1401 ‚
924 1361 960 1394 vi
992 1361 1104 1393 subita

427 1426 611 1453 excussus,
636 1415 673 1447 111
698 1413 831 1446 undam
864 1415 962 1447 facile
989 1413 1105 1447 delabi

426 1476 556 1512 posset.
582 1467 686 1500 Hunc
717 1467 825 1512 igitur
851 1466 944 1499 idem
972 1475 1105 1500 tentare

426 1520 603 1553 volentem
621 1519 799 1553 dissuadet
817 1520 985 1553 Martialis
997 1545 1006 1560 ‚
1024 1532 1068 1552 ne
1086 1532 1104 1552 e

425 1572 574 1605 Paulino
610 1573 794 1606 Palinurus
832 1572 902 1605 fiat.
932 1573 1105 1605 Palinurus

425 1624 569 1670 quidem
604 1638 733 1658 nomen
775 1633 826 1658 est
861 1625 1104 1670 gubernatoris

425 1678 541 1719 illius,
573 1678 658 1723 qui,
688 1691 810 1711 somno
845 1691 1057 1724 oppressus,
1084 1690 1102 1711 e

425 1731 506 1764 navi
523 1733 641 1764 AEneae
663 1731 699 1764 111
721 1743 817 1764 mare
834 1731 951 1777 lapsus
973 1731 1102 1776 periit;

424 1783 484 1817 sed
508 1783 629 1817 eadem
648 1797 719 1818 vox
739 1785 912 1818 Palinurus
931 1784 1103 1830 significat

1166 1205 1275 1234 iterum
1295 1203 1406 1233 malens
1429 1197 1565 1241 (πάλιν,
1583 1214 1689 1233 rursus
1701 1215 1714 1240 ‚·
1735 1203 1846 1246 οὐρεῖν,

1167 1253 1316 1296 meiere);
1336 1254 1371 1286 in
1384 1254 1448 1287 hac
1468 1254 1694 1299 ambiguitate
1710 1256 1847 1299 jocatur

1167 1308 1315 1347 Noster,
1337 1306 1455 1340 dicens
1471 1319 1479 1340 z
1498 1307 1589 1340 Cave
1605 1320 1649 1340 ne
1668 1307 1713 1340 sis
1729 1308 1844 1340 Palm-

1167 1374 1240 1393 urus
1253 1388 1261 1400 ‚
1287 1359 1322 1392 id
1339 1368 1411 1402 est,
1428 1372 1472 1392 ne
1497 1360 1541 1393 sis
1568 1363 1679 1392 iterum
1707 1362 1819 1392 meiens
1831 1374 1843 1398 ;

1165 1422 1199 1446 et
1218 1426 1300 1447 cave
1315 1426 1359 1446 ne
1378 1413 1422 1446 sis
1443 1413 1617 1445 Palinurus
1630 1439 1639 1453 ,
1662 1412 1697 1445 id
1710 1421 1759 1445 est
1771 1439 1779 1452 ‚
1799 1425 1844 1446 ne

1165 1467 1201 1499 in
1231 1479 1356 1512 aquam
1391 1464 1530 1499 decidas
1543 1490 1552 1505 ‚
1583 1474 1622 1498 ut
1656 1466 1841 1498 Palinurus.

1165 1518 1250 1553 Vid.
1280 1519 1379 1563 Virg.
1409 1521 1489 1551 [En.
1516 1518 1577 1551 lib.
1607 1520 1654 1557 V,
1678 1531 1711 1550 v.
1744 1519 1841 1559 85o;

1164 1573 1322 1605 Turneb.
1342 1572 1403 1605 lib.
1420 1573 1485 1612 LV,
1505 1584 1578 1616 cap.
1600 1583 1658 1614 19.
1678 1572 1743 1604 En.

1217 1647 1268 1651 —
1293 1626 1334 1657 In
1366 1625 1433 1658 hoc
1465 1624 1712 1669 epigrammate
1743 1624 1841 1656 nulla

1165 1686 1215 1710 est
1236 1678 1381 1710 omnino
1410 1678 1603 1710 lectionum
1631 1677 1777 1710 varietas
1805 1677 1841 1709 in

1162 1731 1259 1764 libris
1292 1731 1424 1764 calamo
1447 1730 1611 1766 exaratis,
1645 1739 1704 1763 aut
1732 1730 1842 1775 praelo

1164 1784 1418 1829 typographico
1441 1783 1591 1816 excusis.

992 1923 1266 1978 LXXIX.

896 2080 964 2121 ΑΒ
1003 2057 1361 2107 511111Το3101ιῖ

491 2208 600 2251 REM
630 2207 798 2267 peragit
827 2204 991 2248 nullam
1016 2205 1254 2259 Sertorius,
1280 2204 1460 2247 inchoat
1486 2219 1650 2246 omnes„

559 2279 689 2320 Hunc
715 2293 797 2336 ego
813 2309 824 2330 7
849 2292 985 2336 quum
1011 2275 1165 2330 futuit,
1198 2291 1286 2317 non
1314 2283 1422 2335 puto
1448 2273 1671 2334 perficere.

471 2412 487 2426 *
509 2415 553 2448 Et
568 2414 626 2448 hic
647 2415 736 2447 nihil
756 2415 889 2447 variant
908 2421 967 2446 aut
987 2425 1097 2445 mem-

416 2469 553 2509 branae,
579 2475 638 2501 aut
654 2467 863 2512 exemplaria
880 2467 1056 2511 impressa.

474 2535 507 2553 2.
534 2519 698 2565 Perficere.
731 2520 868 2554 Festive
898 2519 1093 2552 Sertorium

417 2573 557 2615 irridet,
571 2573 634 2618 qui
645 2586 753 2618 quum
764 2573 882 2606 omnia
895 2572 1090 2619 inchoaret,

417 2627 504 2661 nihil
535 2635 649 2660 tamen
681 2621 1027 2672 perficiebat,‘quod
1055 2633 1092 2658 ut

1155 2421 1279 2458 augeat
1306 2424 1414 2458 usque
1436 2411 1480 2445 ad
1507 2424 1704 2452 summum,
1727 2411 1772 2444 ait
1799 2423 1834 2443 se

1153 2478 1226 2498 non
1254 2474 1399 2510 putare,
1430 2465 1627 2498 Sertorium
1662 2463 1832 2510 perficere

1153 2531 1227 2551 rem
1247 2531 1350 2563 quam
1369 2518 1441 2564 ipsa
1460 2526 1584 2551 natura
1607 2530 1678 2550 11011
1701 2517 1833 2562 patitur

1153 2571 1392 2617 imperfectam
1411 2571 1578 2616 relinqui.
1604 2569 1686 2603 Vid.
1710 2569 1771 2602 lib.
1792 2569 1807 2600 I
1825 2594 1833 2609 ‚

1153 2624 1262 2669 epigr.
1289 2637 1399 2661 XLvn.
1420 2625 1572 2658 Rama-es.
