2061 3288
795 232 859 274 M.
881 231 1024 275 VAL.
1065 231 1459 276 MARTIALIS

1055 368 1200 426 VL*

966 490 1035 518 DE
1073 489 1287 519 EADEM.

418 579 559 616 *Prisci
577 577 760 628 temporis
777 575 1046 613 venationibus
1061 576 1174 613 hasce
1189 577 1348 614 Caesaris
1368 578 1565 628 anteponit
1577 606 1586 624 ‚
1603 591 1649 615 eo
1667 578 1840 625 nomine,

475 641 580 692 quod
612 642 673 678 vel
706 641 846 678 femina
878 640 918 677 in
947 639 1230 691 amphitheatro
1261 641 1409 678 leonem
1437 642 1694 688 interfecerit,
1725 655 1840 692 quem

478 706 650 744 laborem
670 705 769 742 inter
791 717 958 742 summas
976 704 1154 743 Herculis
1176 703 1309 742 laudes
1330 705 1552 743 decantarat
1571 706 1788 757 antiquitas.

492 816 785 859 Pos‘rRATUM
815 812 993 856 'Nemeae
1024 811 1099 856 sed
1125 821 1248 856 vasta
1279 812 1323 856 in
1350 811 1462 856 valle
1490 812 1690 870 leonem,

564 883 724 929 Nobile
749 893 794 927 et
821 882 1089 927 Herculeum
1118 882 1235 927 fama
1261 883 1445 928 canebat
1474 901 1597 946 opus.

495 956 642 1000 Prisca
667 954 774 998 fides
802 963 945 997 taceat
968 970 976 997 ε
1005 969 1106 997 nam
1138 963 1239 1014 post
1268 964 1343 998 tua
1370 971 1574 1012 munera,
1597 957 1758 1010 Caesar,

565 1029 669 1071 Haec
694 1026 783 1086 jam
812 1024 999 1068 feminea
1029 1024 1216 1069 vidimus
1247 1034 1344 1070 acta
1374 1042 1522 1070 manu.

498 1135 582 1177 Τοῦ
610 1134 767 1193 Neptem
801 1126 1024 1192 δμηθέντος
1055 1133 1092 1174 ἐν
1123 1129 1331 1194 ἀγκοίνῃσι
1355 1134 1540 1188 λέοντος,

568 1207 658 1247 Τῶν
686 1203 720 1246 θ’
752 1193 982 1262 Ἡρακλείων
1013 1201 1059 1250 ἦν
1088 1203 1208 1262 φάτις
1235 1207 1421 1264 ἣνορεῶν.

502 1274 684 1337 Σιγοὶσθω
717 1273 771 1316 τὰ
796 1273 939 1317 πάλαι·
968 1272 1073 1332 μετὰ
1102 1273 1177 1335 γὰρ
1209 1273 1260 1316 σὰ
1289 1274 1495 1334 (ie-Auara,
1522 1277 1707 1335 Καῖσαρ,

574 1345 699 1389 Ταῦθ’
728 1345 806 1388 ὑπὸ
838 1344 1061 1404 θηλυτερῶν
1087 1345 1260 1406 γινόμεν’
1287 1346 1533 1408 ηὐγοὶσαμεν.

492 1480 522 1501 1.
543 1466 681 1500 Nemeae.
698 1466 791 1498 Silva
811 1473 863 1498 est
880 1465 916 1498 in
937 1464 1113 1511 Pelopon-

436 1532 519 1554 neso
553 1520 644 1553 inter
666 1519 814 1552 Cleonas
839 1526 872 1551 et
897 1518 1112 1551 Phliuntem.

436 1596 489 1602 -—
508 1572 574 1606 Sed
591 1580 684 1605 vasta
705 1575 738 1604 in
758 1571 857 1605 valle.
879 1570 921 1604 Id
944 1584 1006 1616 per
1025 1571 1116 1604 anti-

439 1626 565 1660 thesim
585 1625 779 1671 opponitur
799 1625 905 1658 verbo
924 1624 1014 1657 infra
1034 1624 1118 1656 vidi-

439 1693 506 1713 mus
522 1692 533 1712 :
548 1691 628 1713 nam
643 1678 751 1712 dubia
765 1677 852 1711 fides
869 1685 920 1711 est
932 1678 1005 1723 ejus
1022 1676 1117 1723 quod

439 1733 475 1766 in
504 1733 607 1766 vastis
636 1731 852 1777 desertisque
876 1731 961 1764 locis
987 1731 1117 1764 factum

437 1788 606 1833 jactatur,
625 1794 659 1818 et
683 1785 710 1817 si
736 1785 866 1818 factum
888 1792 938 1817 est
956 1784 1118 1830 volupta-

439 1848 508 1873 tem
521 1838 756 1884 spectantibus
767 1850 838 1870 non
850 1837 986 1870 tribuit.
997 1838 1118 1870 En.—

441 1894 585 1926 Leonem.
605 1891 768 1924 Herculis
789 1890 943 1936 primum
964 1903 1052 1937 opus
1082 1902 1120 1923 ac

440 1946 539 1979 labor
552 1971 561 1987 ‚
582 1945 636 1978 leo
657 1945 839 1977 Nemeaeus
857 1956 961 1989 quem
981 1944 1017 1976 in
1035 1943 1122 1976 valle

442 2012 519 2045 quae
536 2007 587 2031 est
608 1999 698 2031 inter
709 1998 875 2044 Mycenas
897 2005 929 2030 et
943 1997 1119 2030 Nemaeam

441 2053 563 2086 silvam
594 2051 771 2091 confecit,
804 2049 899 2084 unde
930 2049 1044 2083 dictus
1072 2057 1122 2083 est

444 2106 609 2139 Nemeaeus
633 2104 797 2137 Hercules.
815 2104 882 2137 ΕΙ).
902 2123 956 2128 -
970 2104 1122 2136 Prostru-

448 2167 511 2192 tum
536 2159 687 2198 Nemees,
718 2165 750 2189 et
771 2165 865 2189 'rasta
895 2158 925 2188 ἱιι
948 2156 1034 2188 ‘valle
1063 2156 1124 2188 leo-

444 2225 511 2244 nem
525 2237 534 2252 ‚
555 2219 696 2245 servant
715 2223 836 2243 omnes
854 2202 946 2249 fere}
966 2210 1012 2242 cf.
1033 2208 1123 2241 infra

446 2265 566 2311 Epigr.
590 2277 603 2298 1
615 2265 633 2298 5
646 2289 655 2306 ,
671 2272 704 2297 et
721 2263 826 2296 Ovid.
843 2262 929 2295 Met.
946 2263 997 2295 IX
1010 2288 1018 2303 ,
1041 2274 1122 2306 197.

446 2318 512 2351 Sed
527 2326 622 2350 frasta
642 2320 674 2350 in
690 2317 795 2356 valle,
815 2317 944 2348 leonem.
965 2315 1122 2348 Gronox'.

447 2372 646 2404 prostratum
679 2378 773 2402 wasta
807 2369 938 2404 Nemees
970 2371 1002 2401 in
1038 2368 1125 2400 valle

447 2425 562 2456 leonem
578 2450 586 2463 ,
606 2423 785 2456 Marcilius
797 2449 805 2464 ‚
823 2434 868 2455 ne
882 2422 992 2454 otiose
1011 2422 1125 2454 abun-

447 2477 505 2510 det
528 2485 581 2516 εί,-
613 2477 686 2516 vel,
710 2477 911 2509 Prusa-atum
941 2475 1071 2508 Nemees
1096 2483 1127 2506 et

448 2538 573 2562 vastum
602 2532 632 2561 in
657 2530 743 2561 «mlle
768 2529 883 2562 leonem
898 2541 909 2561 .·
932 2528 1127 2570 Gruterus,

443 2591 603 2629 prm-asta
634 2584 665 2614 in
692 2582 779 2614 ‘ralle
802 2595 813 2615 .·
842 2582 925 2614 Ant.
957 2580 1000 2614 de
1026 2582 1125 2626 Boo)y

447 2644 576 2668 <vastata
609 2635 711 2675 valle,
735 2635 788 2667 vel
818 2637 848 2666 in
876 2635 980 2675 valle,
1001 2646 1127 2678 nempe

447 2702 512 2735 per
531 2690 664 2721 leonem
683 2696 691 2720 ἑ
718 2688 762 2722 cf.
783 2686 906 2721 Claud.
928 2688 969 2720 R.
992 2688 1030 2719 P.
1057 2688 1126 2729 ΙΙΙ1

1178 1467 1248 1500 168
1263 1492 1272 1508 ‚
1288 1466 1451 1500 etRufin.
1464 1467 1499 1503 Ι,
1518 1468 1603 1501 286.
1626 1484 1638 1496 α
1659 1464 1754 1499 Illud
1770 1474 1801 1498 et
1815 1483 1828 1496 „
1842 1492 1851 1508 ‚

1174 1519 1307 1565 inquit,
1325 1538 1337 1549 κ
1353 1520 1422 1553 huc
1434 1520 1549 1553 forsan
1565 1520 1701 1565 irrepsit
1716 1531 1756 1552 ex
1770 1519 1853 1552 ulti-

1174 1585 1229 1606 ma
1252 1573 1383 1619 syllaba
1404 1576 1456 1606 τοῦ
1479 1574 1632 1613 Nemees;
1651 1581 1683 1606 et
1702 1581 1854 1606 extrema

1175 1626 1211 1658 in
1230 1634 1361 1658 vastata
1381 1627 1482 1659 facile
1503 1626 1709 1672 properanti
1733 1626 1854 1659 scribae

1176 1678 1336 1713 excidere
1348 1680 1465 1725 potuit
1479 1693 1486 1711 ε
1503 1680 1559 1712 vel
1572 1679 1701 1713 sciolus
1717 1678 1855 1724 aliquis,

1178 1745 1316 1766 versum
1341 1733 1472 1778 syllaba
1499 1732 1678 1766 abundare
1707 1731 1853 1772 videns,

1177 1785 1206 1819 si
1229 1787 1265 1819 τὸ
1288 1793 1320 1818 et
1338 1793 1555 1828 servaretur,
1583 1786 1855 1832 geminationem

1177 1837 1301 1872 mediae
1327 1839 1363 1871 in
1392 1847 1516 1871 vastata
1542 1839 1697 1873 sustulit.
1719 1856 1731 1868 n
1757 1839 1856 1871 Ano-

1177 1905 1306 1937 nymus
1324 1891 1467 1938 quidam
1488 1892 1523 1924 in
1543 1892 1691 1938 Epistol.
1711 1891 1787 1925 crit.
1813 1889 1856 1924 ad

1179 1944 1341 1978 eumdem
1362 1946 1445 1978 Ant.
1468 1944 1513 1978 de
1530 1947 1647 1991 Rooy,
1669 1944 1858 1990 proposuit

1179 1999 1378 2031 Prostratum
1413 1998 1542 2031 Nemees
1581 2001 1613 2031 in
1640 2006 1736 2030 wasta
1772 1997 1858 2030 ‘valle

1180 2051 1296 2084 leonem
1307 2078 1315 2093 ‚
1333 2050 1429 2096 quod
1444 2052 1584 2097 jamjam
1600 2063 1618 2084 e
1634 2050 1754 2084 codice
1770 2063 1859 2096 quo·

1181 2103 1260 2137 dam
1284 2105 1480 2150 protulerat
1504 2105 1625 2150 Steph.
1650 2104 1858 2138 Claverius:

1181 2156 1276 2190 idem
1308 2159 1516 2203 Anonymus
1545 2159 1637 2203 conj.
1673 2158 1777 2191 etiam
1810 2159 1856 2190 in-

1174 2211 1263 2254 festa
1278 2211 1375 2244 «valle.

1239 2268 1273 2304 4.
1296 2264 1380 2296 Hcec
1389 2265 1460 2309 jam
1474 2265 1625 2307 feminea.
1645 2264 1807 2308 Namque
1827 2270 1862 2296 et

1183 2317 1219 2349 in
1252 2317 1444 2350 Romanam
1481 2329 1618 2350 arenam
1648 2314 1861 2350 descendere

1183 2370 1424 2403 sustinuerunt
1441 2370 1597 2410 fenn'nae,
1611 2378 1645 2403 et
1662 2367 1757 2415 quod
1777 2368 1862 2401 olim

1184 2423 1352 2457 Hercules
1389 2422 1425 2456 id
1453 2425 1524 2468 jam
1560 2423 1697 2456 feminae
1731 2422 1863 2455 faciunt

1183 2476 1346 2509 Juvenal.
1370 2475 1438 2509 Sat.
1462 2477 1478 2508 Ι
1500 2489 1507 2508 :
1532 2493 1544 2505 ιι
1561 2475 1683 2508 Maevia
1708 2475 1863 2508 Tuscum

1186 2529 1283 2573 Figat
1303 2542 1443 2574 aprum,
1462 2536 1496 2562 et
1517 2527 1610 2561 nuda
1627 2536 1741 2561 teneat
1759 2539 1863 2561 vena-

1185 2582 1266 2615 bula
1288 2594 1449 2615 mamma.
1474 2599 1487 2611 n
1515 2580 1608 2614 Vide
1631 2581 1804 2627 Xiphilin.
1828 2581 1864 2613 in

1187 2635 1348 2673 Nerone,
1370 2643 1402 2667 et
1428 2635 1497 2668 Tit.
1525 2634 1667 2667 Sueton.
1691 2634 1775 2668 Ner.
1805 2634 1839 2666 II
1855 2659 1864 2674 ,

1187 2688 1299 2722 Tacit.
1320 2688 1444 2721 Annal.
1468 2688 1548 2727 XV,
1573 2687 1630 2721 32.
