2061 3288
453 221 548 268 136

822 218 884 261 M.
907 216 1051 260 VAL.
1092 213 1477 258 MARTIALIS

515 309 701 368 Accipe,
724 320 823 350 care
848 319 978 365 puer,
1002 302 1139 346 nostri
1163 309 1449 345 monumenta
1472 297 1632 344 laboris
1654 315 1663 341 :

587 379 670 422 Hic
693 376 771 420 tibi
790 383 1003 436 perpetuo
1024 382 1220 433 tempore
1242 373 1362 415 vivet
1385 371 1541 414 honor.

518 451 670 507 Quum
695 447 802 491 mihi
827 460 1053 506 supremos
1079 442 1287 487 Lachesis
1311 441 1562 503 perneverit
1584 456 1747 492 annos,

587 521 691 565 Non
712 517 836 561 aliter
855 517 1022 560 cineres
1042 512 1202 558 mando
1219 512 1366 572 jacere
1387 528 1520 557 meos.
1830 536 1860 551 10

519 638 680 696 Λάζου,
714 638 817 699 φίλιε
849 643 988 697 κοῦρε,
1020 635 1151 679 πόνων
1183 639 1371 694 μνημεῖον
1400 635 1531 694 ἐμεῖο·

589 703 746 754 Ενθοίδε
774 709 839 752 τοὶ
869 714 989 768 τιμῆς
1023 703 1116 748 αἶσα
1147 705 1309 752 τέθηλεν
1342 704 1416 747 ἀεί.

518 774 693 826 ὁππότε
727 798 794 840 μοι
825 778 1000 838 Λάχεσις
1033 771 1257 819 διακλώσαι
1279 774 1452 818 λοίσθιον
1483 771 1615 835 ἦμαρ,

593 855 684 896 Οὐκ
715 849 848 900 ἄλλως
884 850 1056 908 κέλομαι
1080 844 1255 904 λείψανα
1284 845 1436 888 κεῖσθαι
1465 845 1555 905 ἐμοί.

454 986 567 1027 Ιά7ι.
601 980 730 1013 Ve'net.
766 976 846 1010 Ald.
879 977 978 1009 Junt.
1011 973 1128 1009 Colin.

451 1035 589 1080 Grypb.
604 1033 718 1066 Plant.
736 1031 896 1064 Pulman.
915 1028 989 1062 aliae
1000 1027 1132 1060 habent

452 1089 557 1121 etiam
585 1085 726 1119 humida.
755 1087 917 1117 Nostram
958 1088 1130 1114 testantur

450 1142 640 1175 lectionem
687 1136 793 1171 codd.
838 1134 939 1168 Bodl.
989 1133 1128 1166 Thuan.

452 1192 633 1227 Arondell.
654 1191 759 1225 Grut.
780 1198 814 1222 et
830 1188 939 1222 Scriv.
951 1186 1131 1218 —Prata.

452 1247 632 1292 Cespitem
641 1269 651 1285 ‚
673 1243 757 1277 meis
769 1240 932 1287 lacrymis
945 1238 1041 1284 quasi
1053 1246 1133 1284 gut-

454 1300 536 1334 tulis
555 1298 718 1343 rorigeris
735 1293 974 1329 humidulum.
987 1293 1053 1324 En.

508 1365 543 1396 7.
570 1353 614 1385 In
638 1349 719 1384 edd.
739 1357 824 1382 vett.
852 1352 1048 1379 monumenta
1080 1345 1136 1376 do-

453 1407 528 1438 loris
540 1432 549 1446 ‚
569 1403 666 1450 quod
681 1403 787 1435 habet
805 1400 906 1434 etiam
927 1397 1005 1432 cod.
1024 1399 1136 1429 Aron-

454 1458 537 1493 dell.
566 1458 667 1490 labori
692 1455 776 1489 citat
801 1453 954 1497 Langius
983 1462 1024 1483 ex
1052 1449 1135 1482 Pul-

454 1511 577 1544 mauni
602 1509 770 1544 editione.
789 1527 841 1533 -—-
863 1505 1068 1538 Monumenta
1087 1502 1135 1534 la-

455 1565 550 1597 horis.
582 1564 701 1596 Buxos
718 1586 727 1601 ‚
755 1559 945 1604 cespitem,
969 1564 1003 1589 et
1032 1554 1134 1588 simul

456 1616 622 1650 carmina.

510 1671 544 1703 8.
563 1669 629 1701 Hic
648 1667 705 1700 tibi
718 1672 880 1710 perpetuo.
892 1661 934 1696 Id
953 1660 996 1694 de
1010 1672 1136 1706 perpe·

455 1722 583 1756 tuitate
605 1732 751 1754 suorum
773 1716 969 1751 carminum
989 1725 1136 1758 augura-

454 1785 512 1809 tur
524 1776 648 1816 Poeta,
667 1781 707 1806 ut
721 1771 809 1804 dixit
821 1770 882 1802 lib.
896 1769 946 1809 X,
964 1767 1072 1812 epigr.
1086 1778 1115 1799 11
1129 1791 1137 1806 ‚

453 1841 487 1862 v.
509 1841 547 1862 11
568 1840 575 1861 :
601 1844 615 1857 «ι
638 1828 684 1859 At
708 1823 836 1858 chartis
864 1833 930 1854 nec
954 1821 1046 1853 furta
1074 1832 1139 1852 no-

1189 985 1262 1006 non
1272 980 1404 1006 norunt
1416 971 1491 1004 haec
1502 978 1728 1004 monumenta
1738 969 1840 1004 mori.
1849 987 1863 999 »ι

1244 1038 1279 1070 9.
1299 1025 1448 1058 Lachesis
1459 1026 1636 1069 pervenerit
1650 1024 1687 1057 in
1705 1022 1870 1056 omnibus

1191 1077 1272 1111 edd.
1305 1086 1391 1111 vett.
1417 1078 1527 1111 Error
1556 1076 1640 1110 inde
1669 1084 1771 1109 natus
1792 1084 1867 1115 est,

1191 1130 1286 1177 quod
1303 1131 1412 1164 literae
1427 1144 1447 1163 n
1462 1139 1496 1163 et
1508 1143 1531 1163 v
1544 1142 1634 1176 saepe
1650 1137 1870 1163 commutan-

1191 1193 1250 1217 tur
1264 1197 1282 1216 a
1298 1183 1469 1225 librariis3
1487 1183 1536 1217 sic
1554 1196 1617 1215 nox
1641 1191 1675 1216 et
1692 1196 1757 1215 τοι
1770 1204 1780 1221 ,
1804 1195 1871 1214 ner-

1191 1250 1250 1270 vos
1268 1245 1303 1270 et
1318 1249 1431 1269 ‘vernos
1443 1263 1453 1276 ‚
1474 1249 1529 1268 nos
1554 1245 1588 1270 et
1604 1249 1662 1268 vos
1677 1262 1686 1275 ‚
1712 1244 1820 1267 neuter
1836 1242 1871 1267 et

1193 1298 1324 1329 menter,
1346 1297 1450 1322 noster
1476 1298 1510 1322 et
1536 1297 1643 1322 voster
1666 1288 1722 1321 vel
1747 1295 1868 1327 vester,

1193 1351 1326 1375 ‘venerat
1354 1350 1387 1375 et
1414 1350 1563 1382 necet-at,
1595 1350 1629 1375 et
1657 1341 1722 1373 alia
1749 1352 1871 1385 quam-

1194 1395 1357 1441 plurima.
1373 1415 1425 1421 ——-
1438 1396 1595 1428 Lachesis.
1612 1394 1690 1427 Una
1707 1406 1726 1426 e
1742 1393 1872 1432 Parcis,

1195 1460 1272 1493 quae
1305 1447 1467 1481 humanae
1495 1447 1576 1480 vitae
1613 1454 1748 1480 stamen
1780 1454 1840 1478 net
1863 1458 1872 1478 ι

1195 1509 1264 1534 tres
1284 1509 1532 1543 numerantur,
1559 1499 1688 1534 Clotho
1704 1524 1714 1541 .,
1739 1498 1873 1532 Lache-

1195 1553 1240 1587 sis
1261 1562 1296 1586 et
1316 1555 1483 1598 Atropos.

1253 1618 1307 1639 10.
1328 1607 1403 1640 Non
1431 1607 1525 1639 aliter
1548 1608 1673 1638 cineres.
1696 1604 1773 1638 Hoc
1799 1612 1872 1645 est,

1196 1659 1371 1693 tumulum
1409 1672 1527 1692 meum
1559 1659 1718 1692 versibus
1746 1657 1875 1702 egregii

1196 1720 1307 1757 poetae
1323 1712 1441 1745 ornari
1463 1720 1600 1745 tantum
1616 1711 1721 1756 cupio
1732 1735 1741 1752 ‚
1764 1710 1875 1755 cespi-

1197 1773 1339 1810 temque
1385 1765 1579 1798 amicorum
1624 1763 1785 1809 lacrymis
1827 1763 1876 1795 ir-

1200 1817 1325 1863 rigari:
1341 1818 1408 1851 hoc
1425 1818 1530 1859 mihi,
1549 1830 1653 1863 quam
1672 1815 1876 1862 pretiosissi-

457 1889 536 1915 cent
550 1907 558 1923 ,
577 1892 642 1914 nec
661 1877 784 1913 saecula
802 1881 970 1921 prosunt3
991 1872 1141 1918 Solaque
1201 1883 1298 1904 mum
1318 1871 1534 1905 mausoleum
1547 1896 1557 1913 ‚
1575 1869 1770 1915 pretiosius.
1789 1869 1857 1902 En.

1106 2005 1237 2063 XC.

992 2151 1060 2180 AD
1099 2125 1360 2176 cummim*

600 2276 783 2319 GAnms
807 2272 851 2315 in
875 2286 1029 2314 aurem
1054 2285 1226 2330 semper
1246 2266 1472 2319 omnibus,
1496 2266 1663 2319 Cinna3

602 2344 753 2388 Garris
778 2352 821 2386 et
841 2341 970 2398 illud,
992 2350 1100 2384 teste
1122 2339 1240 2401 quod
1262 2338 1362 2382 licet
1385 2335 1526 2379 turba.

517 2472 531 2484 *
552 2472 673 2506 Cinnae
689 2472 854 2504 morbum
873 2470 1004 2515 carpit,
1028 2467 1142 2502 omni-

463 2527 527 2559 bus
553 2525 589 2557 in
619 2537 737 2557 aurem
769 2523 967 2557 clanculum
994 2522 1143 2555 immur-

464 2577 634 2612 murantis
646 2603 655 2618 ‚
673 2576 771 2621 quasi
793 2576 949 2623 mysterii
964 2574 1145 2621 quidpiam

466 2630 608 2664 diceret.
627 2630 694 2663 ΕΙ).

1259 2479 1291 2499 2.
1318 2466 1408 2498 Teste
1426 2463 1520 2509 quod.
1545 2461 1642 2494 Clam
1659 2459 1763 2500 dicis,
1786 2457 1881 2504 quod

1205 2518 1370 2554 audiente
1388 2517 1493 2561 vulgo
1511 2514 1643 2561 profari
1666 2513 1766 2553 licet3
1785 2511 1883 2557 quasi

1207 2572 1330 2616 aliquis
1343 2568 1437 2616 apud
1452 2581 1516 2602 nos
1534 2566 1577 2600 ad
1592 2578 1712 2600 aurem
1723 2564 1855 2599 diceret
1874 2575 1883 2597 :

1208 2626 1306 2668 ilskn't
1326 2624 1404 2656 beau
1426 2630 1530 2665 temps.
1551 2620 1616 2653 El).
