2061 3288
434 207 1020 256 EPIGRAMMATUM
1059 207 1184 249 LIB.
1224 205 1321 248 III.

1489 203 1579 249 301

781 363 991 420 XLII.

699 522 754 550 IN
811 519 1058 549 POLLAM.

240 649 472 692 LoMEN‘ro
500 662 628 708 rugas
661 647 773 690 uteri
799 644 918 706 quod
945 643 1133 688 condere
1159 653 1322 699 tentas,

309 717 451 771 Polla3
483 718 560 761 tibi
589 727 812 772 ventrem,
838 731 928 760 non
953 714 1061 758 mihi
1090 713 1211 758 labra
1235 713 1343 758 linis.

239 787 501 849 Simpliciter
526 797 672 849 pateat
696 788 850 831 vitium
877 786 1060 830 fortasse
1087 784 1291 846 pusillum
1315 802 1323 828 :

302 859 436 916 Quod
465 860 647 920 tegitur,
673 858 813 919 majus
844 856 1036 901 creditur
1065 872 1157 900 esse
1183 855 1361 900 malum.

223 1014 254 1036 1.
281 1004 431 1037 Tomento
447 1003 655 1038 Beverlandi
670 1003 744 1038 MS.
764 1004 841 1037 Hoc

163 1054 341 1090 distichon
360 1058 408 1091 ita
424 1058 508 1103 legit
530 1057 651 1103 Scalig.
670 1058 837 1097 Lomento,

163 1122 259 1153 rugas
276 1112 357 1142 uteri
369 1123 428 1155 quo
440 1111 570 1143 condere
585 1118 684 1142 tentas
698 1137 706 1150 ,
722 1110 836 1149 Polla,

164 1162 222 1194 tila·
236 1171 374 1195 ventrem
393 1164 537 1196 nonm'lzil
555 1163 633 1195 abra
649 1163 731 1196 linit.
746 1161 839 1195 Vide

161 1226 232 1248 var.
267 1225 341 1249 not.
373 1216 442 1250 Pro
471 1217 601 1249 condere
630 1216 687 1249 alii
719 1216 840 1260 legunt

160 1267 295 1300 credere.
325 1289 377 1295 —-
406 1270 565 1303 Lomento.
598 1270 811 1302 Lomentum
829 1293 836 1305 ‚

158 1327 245 1353 teste
264 1321 420 1354 Roberto
438 1321 617 1367 Stephano
634 1347 643 1363 ‚
667 1323 779 1354 farina
792 1322 838 1354 fa-

158 1373 284 1415 bacea,
311 1386 379 1419 qua
406 1374 450 1407 ad
481 1374 654 1420 eruganda
689 1386 838 1419 corpora

159 1437 219 1459 usa
239 1435 290 1460 est
307 1427 505 1473 antiquitas.
528 1429 678 1461 Uterum
698 1440 779 1461 vero
795 1427 837 1460 li-

158 1479 262 1512 nebat
288 1480 406 1520 Polla,
439 1489 476 1514 ut
499 1481 602 1514 sulcis
625 1479 836 1514 absconditis

157 1532 272 1576 puella
288 1532 478 1567 videretur.

214 1597 245 1617 2.
270 1586 345 1619 Non
373 1587 448 1619 mihi
475 1587 564 1619 labra
588 1588 672 1621 linis.
694 1586 735 1620 Id
760 1595 835 1628 est,

157 1649 228 1670 11011
244 1650 300 1670 me
313 1637 444 1684 decipis
453 1639 521 1673 hoc
534 1640 631 1681 fuco,
646 1653 719 1685 quo
733 1652 834 1673 sensu

157 1689 298 1724 Plautus
313 1690 399 1725 dicit
413 1717 422 1732 ‚
443 1705 476 1724 os
497 1692 661 1726 sublinere.
681 1693 763 1726 Haec
781 1692 834 1726 di-

900 1001 1003 1036 cendi
1040 1002 1189 1035 formula
1221 1001 1395 1047 originem
1425 1001 1530 1035 traxit
1562 1014 1581 1035 a

899 1068 1025 1101 genere
1045 1054 1120 1088 ludi
1146 1067 1218 1101 quo
1243 1054 1499 1088 dormientibus
1518 1067 1579 1088 ora

898 1109 1114 1154 pinguntur3
1139 1120 1226 1154 quos
1252 1120 1360 1153 quum
1390 1108 1464 1141 aliis
1485 1107 1578 1141 ludi-

899 1161 978 1194 brio
1000 1174 1072 1195 esse
1092 1162 1224 1194 vellent
1242 1160 1398 1206 antiqui,
1418 1173 1475 1194 eos
1495 1160 1577 1194 dor-

898 1215 1044 1248 mientes
1062 1227 1126 1260 per
1138 1216 1257 1260 jocum
1273 1214 1442 1248 liniebant
1461 1215 1578 1248 colore

899 1268 1015 1314 aliquo
1033 1292 1042 1308 ‚
1062 1268 1116 1301 vel
1139 1267 1299 1312 fuligine.
1327 1268 1408 1300 Haec
1427 1268 1578 1301 formula

897 1329 1013 1366 potest
1029 1321 1131 1353 etiam
1144 1320 1279 1353 desumi
1296 1321 1337 1353 ab
1352 1321 1392 1353 iis
1409 1320 1468 1365 qui
1483 1333 1575 1353 ama-

897 1386 951 1407 ras
971 1374 1133 1419 potiones
1153 1373 1288 1418 aegrotis
1308 1374 1363 1406 vel
1382 1374 1498 1419 pueris
1519 1386 1575 1406 ex-

896 1427 1056 1460 hibentes
1074 1453 1082 1468 ,
1113 1427 1208 1459 labra
1236 1427 1446 1472 poculorum
1475 1427 1576 1460 melle

896 1480 1058 1520 illinunt,
1079 1488 1118 1513 ut
1133 1480 1198 1512 hac
1217 1478 1403 1513 dulcedine
1419 1480 1574 1525 primum

896 1531 1034 1579 decepti
1053 1533 1235 1579 potionem
1251 1533 1424 1566 hauriant.

950 1586 984 1619 3.
1007 1587 1210 1631 Simpliciter.
1237 1585 1416 1626 Candide,
1441 1587 1572 1632 absque

895 1639 994 1672 fuco:
1011 1640 1072 1673 lib.
1091 1641 1107 1672 Ι
1122 1665 1130 1680 ,
1150 1639 1258 1685 epigr.
1278 1652 1443 1672 Lxxxvni
1457 1652 1509 1682 ‚v.
1529 1642 1571 1680 83

895 1701 928 1726 et
952 1693 1012 1726 lib.
1035 1694 1087 1725 VI
1102 1719 1110 1729 ,
1133 1693 1241 1738 epigr.
1262 1705 1337 1735 vn,
1358 1705 1391 1727 v.
1414 1695 1449 1727 6.

733 1831 979 1887 XLIII.

649 1990 706 2018 IN
752 1989 1078 2019 LENTINUM.

223 2116 457 2160 MENTIRIS
481 2115 686 2175 juvenem
717 2116 883 2171 tinctis,
912 2116 1119 2170 Lentine‚
1149 2114 1312 2176 capillis
1336 2132 1343 2158 :

327 2188 437 2230 Tam
468 2186 610 2230 subito
643 2203 825 2242 corvus,
847 2186 921 2247 qui
947 2185 1079 2230 modo
1106 2203 1268 2246 cycnus
1293 2202 1402 2231 eras.

208 2336 236 2358 1.
267 2326 348 2358 Ant.
371 2324 408 2357 de
436 2325 526 2371 Rooy
552 2325 695 2370 corrigit
714 2324 827 2370 fictis,-

150 2385 185 2411 et
202 2377 302 2410 fictos
323 2377 466 2423 capillos
491 2378 634 2423 exponit
656 2378 799 2421 galerum
815 2406 824 2418 ‚

149 2430 248 2476 quasi
269 2430 362 2464 dicat
381 2431 486 2463 Poeta
503 2443 512 2463 :
535 2431 696 2463 Mentiris
711 2431 826 2475 galero

147 2484 333 2528 juvenem;
363 2482 423 2516 sed
451 2496 523 2516 non
552 2496 673 2516 omnes
705 2484 825 2526 falles3

148 2536 214 2569 scit
241 2537 350 2581 probe
378 2536 607 2582 Proserpina,
631 2548 734 2569 canos
760 2537 826 2569 sub

148 2588 210 2621 illo
242 2588 443 2622 delitescere
462 2615 471 2630 ‚
503 2601 589 2634 quos
622 2589 686 2622 tibi
721 2590 826 2623 morti

148 2643 356 2686 propinquo
369 2643 550 2675 resecabit.
563 2643 686 2687 Neque
700 2655 825 2687 parum

887 2326 978 2358 hanc
997 2326 1086 2370 conj.
1107 2325 1227 2370 juvat,
1247 2324 1343 2370 quod
1362 2324 1458 2358 addit
1472 2327 1564 2360 Mar-

887 2378 978 2411 tialis
991 2404 999 2418 ‚
1014 2379 1184 2410 Personam
1196 2381 1308 2422 capiti,
1327 2386 1390 2411 etc.
1405 2401 1457 2406 κ-
1471 2380 1563 2414 1711811-

889 2434 956 2464 tiris
970 2433 1126 2475 juvenem.
1147 2431 1315 2464 Lentinus
1332 2443 1435 2464 canos
1455 2434 1561 2478 capil-

886 2484 937 2517 los
956 2484 1128 2528 tingebat‚
1151 2492 1190 2516 ut
1210 2484 1346 2528 juvenis
1369 2484 1560 2520 videretur.

886 2536 970 2569 Vid.
1002 2537 1134 2570 Auson.
1161 2537 1269 2582 epigr.
1294 2550 1375 2578 XVI,
1398 2539 1458 2571 ubi
1481 2540 1559 2573 Lais

886 2588 1077 2635 respondet
1090 2589 1233 2634 Myroni
1247 2617 1256 2631 ‚
1274 2590 1370 2636 quod
1386 2590 1560 2625 Adrianus

887 2643 959 2676 seni
972 2643 1107 2676 fucato:
1125 2643 1234 2688 «patri
1244 2645 1313 2688 jam
1324 2645 1445 2689 negavi
1460 2653 1531 2678 tuo.
1543 2663 1555 2673 ι
