2061 3288
446 226 1030 271 EPIGRAMMATUM
1069 229 1194 271 LIB.
1234 230 1297 271 ΙΙ.

1480 229 1569 275 231

240 317 336 359 Hoc
366 325 565 376 praestas,
591 315 806 371 Labiene,
835 326 943 368 tuae,
967 318 1063 378 quis
1089 318 1250 373 nescit,
1271 318 1432 361 amicae.

309 386 392 430 Cui
418 395 596 446 praestas
622 385 792 439 culum,
815 404 968 448 quem,
993 388 1208 444 Labiene,
1236 386 1372 449 pilas?

226 525 260 567 3,
279 529 313 566 4.
335 526 418 559 Ant.
443 526 482 558 de
509 527 608 572 Rooy.
636 526 749 573 legit:
776 528 850 560 Hoc

167 585 303 623 praestas
319 605 327 619 ,
352 578 507 619 Labiene,
537 588 599 612 tuoe
612 606 621 619 ,
640 583 708 626 quis
726 583 822 613 nescit
832 586 851 613 Ρ

171 633 291 666 amicae.
299 626 407 669 (recte
415 631 556 666 inducta
567 633 851 679 interrogationis

171 693 254 717 nota
264 683 289 725 ).
309 684 465 719 Deinde:
488 685 551 718 Cui
572 694 708 730 proestas
722 714 730 727 ‚
749 687 851 720 culum

172 737 268 783 quod,
290 738 440 779 Labiene,
449 739 535 784 pilas
546 735 565 769 Ρ
580 740 621 772 In
640 739 850 785 quibusdam

910 527 1005 561 enim
1023 536 1074 561 est
1096 528 1181 575 quod
1192 540 1258 574 pro
1277 541 1377 575 quem.
1400 528 1588 562 Pulmanni

910 580 1019 614 codex
1039 581 1161 615 habet:
1187 581 1267 615 Cam
1287 582 1381 615 vellis
1399 581 1500 614 culam
1513 584 1565 614 cui
1578 609 1586 621 ,

911 634 1049 667 Labiene
1060 661 1068 675 ,
1079 635 1167 678 facis
1177 640 1196 667 ,Ρ

967 692 1001 728 4.
1023 687 1085 721 Cui
1108 696 1266 733 paenas,
1306 696 1371 722 etc.
1412 687 1593 722 Paedicoui

911 740 1054 774 scilicet.

764 874 1007 931 LXIII.

675 1031 730 1060 IN
770 1012 1093 1061 MILICHUM.*

248 1156 370 1199 SOLA
391 1156 468 1199 tibi
494 1157 666 1201 fuerant
694 1159 913 1214 sestertia,
941 1157 1142 1215 Miliche,
1170 1168 1346 1202 centum
1362 1193 1373 1215 ,

320 1227 430 1283 Quae
458 1227 556 1271 tulit
583 1244 606 1271 e
631 1229 763 1272 Sacra
788 1229 908 1273 Leda
938 1229 1165 1290 redempta
1189 1229 1283 1273 Via.

250 1295 452 1352 Miliche,
478 1297 648 1342 luxuria
674 1309 761 1354 est,
785 1301 818 1343 si
839 1301 950 1344 tanti
976 1299 1096 1344 dives
1120 1315 1301 1343 amares.

320 1368 421 1411 Non
448 1383 571 1422 amo,
595 1369 684 1429 jam
711 1369 830 1414 dices
853 1387 861 1413 :
894 1371 988 1415 haec
1015 1386 1142 1431 mage
1173 1370 1342 1414 luxuria
1374 1379 1449 1414 est.

236 1503 250 1518 *
263 1508 302 1541 In
319 1508 489 1541 llIeliclzum
506 1509 633 1542 lemma
656 1517 707 1542 est
729 1509 766 1541 in
780 1508 860 1542 Ald.

183 1562 282 1595 Junt.
304 1569 339 1594 et
358 1561 473 1595 Colin.
494 1570 528 1595 et
547 1562 582 1594 in
603 1561 713 1607 epigr.
730 1574 818 1595 vers.
843 1574 857 1595 1

184 1622 218 1647 et
241 1614 259 1647 3
282 1614 429 1647 ΆῙεῖἱεΙιε.

241 1679 275 1699 2.
295 1667 394 1700 Leda.
411 1666 478 1699 Alii
490 1675 615 1712 putant
625 1665 758 1700 Ledam
772 1667 863 1700 hane

186 1720 405 1752 meretricem
428 1719 533 1752 fuisse
548 1745 558 1761 ,
584 1728 618 1752 et
639 1728 783 1753 centum
809 1733 861 1753 se-

186 1772 305 1805 stertia
332 1784 350 1804 a
377 1772 524 1805 Milicho
551 1780 704 1805 amatore
733 1773 764 1805 ei
784 1771 864 1807 data

187 1825 291 1858 fuisse
310 1838 319 1867 3
347 1825 404 1858 alii
418 1838 502 1859 vero
518 1825 645 1858 melius
665 1825 865 1870 intelligunt

189 1891 322 1912 servam
334 1903 343 1920 ‚
364 1877 484 1911 formae
498 1878 550 1911 vel
565 1878 750 1911 ministerii
765 1890 865 1911 causa

189 1939 342 1976 emptam
357 1955 367 1971 ,
391 1943 501 1976 quum
522 1931 681 1976 subjiciat
702 1931 866 1964 Milichus

190 1996 225 2017 se
250 1997 322 2017 non
345 1996 417 2017 esse
438 1992 581 2029 captum
606 1996 725 2017 amore
742 1983 864 2025 Ledae;

193 2035 287 2070 unde
302 2036 482 2070 concludit
492 2037 597 2070 Poeta
608 2063 618 2077 ,
633 2037 749 2070 minus
767 2037 868 2070 illum

192 2102 264 2122 esse
283 2089 539 2131 excusandum,
559 2092 618 2135 qui
639 2091 737 2123 nulla
753 2099 868 2124 motus

193 2143 371 2188 voluptate
383 2151 513 2177 tantam
523 2144 685 2188 pecuniae
698 2156 869 2177 summam

194 2194 401 2241 profuderit.
413 2197 455 2228 In
470 2195 572 2230 Sacra
583 2197 650 2230 Via
666 2197 757 2230 servi
772 2205 806 2230 et
815 2209 871 2230 res

195 2248 270 2281 aliae
288 2247 544 2282 vendebantur.

252 2300 285 2334 3.
306 2301 343 2335 Si
362 2304 442 2334 tanti
467 2302 562 2335 dives.
591 2302 682 2335 Nam
707 2302 871 2348 impensis

198 2353 279 2387 solis
317 2362 457 2388 centum
484 2355 647 2389 sestertiis
670 2367 748 2401 quae
776 2356 872 2389 Mili-

922 1509 1009 1543 chus
1030 1508 1231 1555 possidebat
1245 1535 1255 1551 ,
1277 1512 1349 1555 jam
1377 1522 1511 1555 pauper
1529 1518 1602 1542 erat

922 1563 1049 1604 factus;
1070 1563 1219 1609 pauperi
1233 1572 1352 1596 autem
1369 1575 1484 1596 amare
1499 1571 1604 1608 turpe

923 1624 994 1656 est,
1013 1624 1054 1649 ut
1075 1629 1170 1662 supr.
1191 1616 1253 1649 lib.
1279 1617 1317 1658 I,
1345 1616 1454 1661 epigr.
1482 1627 1600 1649 xcnl:

929 1686 942 1697 «
963 1669 1124 1714 Denique
1158 1668 1293 1714 paedica
1311 1693 1321 1709 ‚
1359 1669 1601 1711 Mamurhne,

923 1729 1028 1755 satur.
1052 1739 1066 1751 u
1099 1723 1144 1754 Et
1172 1721 1352 1755 Salvianus
1377 1721 1603 1755 Massiliensis

922 1773 1126 1819 episcopus,
1147 1774 1209 1808 lib.
1233 1775 1304 1807 VII
1319 1801 1327 1816 ‚
1349 1773 1393 1807 de
1412 1773 1603 1820 providen-

924 1826 972 1858 tia
992 1827 1058 1859 Dei
1077 1839 1084 1860 :
1116 1844 1130 1857 «
1150 1827 1383 1860 Criminosior
1403 1827 1534 1872 quippe
1553 1835 1603 1860 est

924 1879 1102 1912 luxuriosa
1122 1888 1325 1926 paupertas,
1342 1888 1375 1913 et
1397 1880 1538 1925 majoris
1554 1888 1604 1912 est

926 1931 1068 1964 invidiae
1099 1932 1204 1965 miser
1236 1942 1384 1977 nugator
1397 1959 1423 1966 ..
1440 1958 1464 1966 ..
1488 1932 1605 1965 minus

927 1984 1099 2030 siquidem
1121 1984 1362 2031 prodigiosum
1388 1994 1440 2018 est
1461 1997 1606 2030 peccare

926 2039 1092 2084 juvenes,
1117 2050 1260 2084 peceare
1281 2039 1484 2084 locupletes.
1503 2056 1515 2067 n
1543 2039 1607 2070 Ra-

930 2104 1081 2124 mireszus.

985 2148 1019 2184 4.
1046 2143 1255 2177 Beverlancli
1278 2144 1355 2177 MS.
1378 2144 1445 2176 liceo
1463 2157 1607 2190 quoque,·

930 2196 1026 2242 quod
1057 2198 1138 2231 citat
1166 2197 1269 2230 etiam
1299 2197 1527 2230 Pulmannus.
1557 2218 1609 2222 ——

931 2251 1015 2283 Hoec
1036 2264 1126 2295 mage
1148 2251 1273 2283 luxuria
1299 2258 1355 2283 est.
1378 2250 1427 2283 Ut
1454 2248 1497 2282 ad
1522 2261 1608 2295 pau-

931 2312 1103 2349 pertatem
1123 2303 1285 2336 devenias
1299 2301 1519 2348 prodigendo
1536 2315 1611 2335 rem

933 2357 1133 2391 universam
1156 2357 1191 2389 in
1211 2355 1264 2394 id,
1286 2355 1382 2402 quod
1408 2369 1478 2390 non
1504 2368 1609 2390 amas,

1329 2718 1412 2762 15²
