2061 3288
425 197 1009 245 EPIGRAMMATUM
1047 197 1172 240 LIB.
1213 197 1310 240 III.

1475 195 1573 244 303

375 289 476 332 Non
502 286 646 347 dipsas
671 285 814 328 medio
841 293 1016 346 perusta
1040 281 1164 339 Sole,

374 358 467 401 Nec
495 358 553 401 sic
583 357 780 418 scorpius
809 354 1035 416 improbus
1061 354 1250 397 timetur.

374 429 489 472 Nam
517 437 684 482 tantos,
713 443 820 488 rogo
837 461 847 481 ‚
868 426 963 486 quis
988 424 1100 468 ferat
1125 423 1323 469 labores?

377 500 435 543 Et
458 499 588 542 stanti
614 498 744 559 legis,
776 507 819 541 et
847 495 951 557 legis
978 494 1142 539 sedenti
1169 512 1177 536 ε

374 571 580 613 Currenti
607 568 735 629 legis,
757 578 800 612 et
823 566 928 628 legis
952 566 1132 610 cacanti.

376 641 428 683 In
455 639 646 684 thermas
677 639 822 700 fugio;
848 653 974 682 sonas
1003 636 1058 680 ad
1087 652 1250 680 aurem.

373 711 587 755 Piscinam
618 720 742 772 pet03
766 725 855 754 non
885 708 986 753 licet
1015 716 1179 752 natare.

375 781 443 825 Ad
473 798 642 825 coenam
671 796 882 842 proper03
911 789 1031 823 tenes
1056 787 1245 822 euntem.

377 851 443 895 Ad
465 869 633 896 coenam
659 853 813 909 venio3
839 851 963 911 fugas
988 849 1203 894 edentem.

374 924 534 968 Lassus
563 923 757 978 dor1ni03
790 922 970 967 suscitas
997 921 1231 982 jacentem.

378 995 455 1037 Vis
471 1030 481 1049 ,
505 1004 716 1055 quantum
742 994 874 1038 facias
898 992 1022 1048 mali,
1045 990 1221 1035 videre?

377 1065 459 1108 Vir
483 1065 649 1125 justus,
675 1065 866 1126 probus,
895 1064 1104 1107 innocens
1136 1063 1314 1106 timeris.

168 1207 226 1233 tur
239 1225 248 1240 ‚
268 1200 547 1245 pernicissimum
566 1202 715 1236 animal:
736 1214 841 1246 quain

167 1252 226 1285 ille
243 1262 281 1287 ut
295 1253 381 1287 vitet
395 1279 404 1294 ‚
422 1267 532 1287 unum
549 1255 666 1300 abjicit
683 1267 701 1288 e
718 1255 842 1288 catulis

167 1318 271 1351 quem
301 1315 411 1339 mater
442 1306 484 1340 ad
517 1309 632 1341 cubile
660 1316 816 1353 reportat
834 1333 843 1348 ‚

165 1371 356 1405 rursusque
376 1367 549 1405 raptorem
575 1361 773 1406 insequenti
795 1361 843 1393 al-

166 1420 280 1445 terum
306 1412 441 1458 abjicit,
468 1426 548 1447 mox
575 1414 743 1457 tertium,
775 1422 842 1447 ete.

166 1465 219 1498 Ita
238 1465 296 1499 ille
315 1466 457 1499 unicum
481 1467 538 1500 vix
557 1475 678 1500 nactus
691 1494 700 1508 ‚
718 1479 843 1501 navem

166 1518 380 1552 conscendit.
400 1519 490 1553 Plin.
520 1520 581 1553 lib.
611 1521 645 1553 X
662 1545 671 1560 ,
694 1532 768 1566 cap.
794 1522 814 1554 8
834 1533 842 1561 ;

168 1569 279 1604 Solin.
310 1584 384 1617 cap.
422 1585 438 1604 2
451 1585 481 1606 1.
512 1572 598 1606 Vid.
631 1573 694 1606 lib.
727 1573 842 1619 Spect.

167 1624 279 1669 epigr.
298 1636 393 1658 xvnI
409 1651 417 1666 ,
436 1637 469 1658 v.
493 1638 525 1658 2.

224 1689 257 1721 7.
283 1678 413 1723 Dipsas.
430 1677 579 1724 Serpens
594 1691 612 1711 a
631 1692 700 1724 quo
716 1679 775 1712 icti
789 1692 846 1713 ve-

170 1737 295 1762 xantur
325 1738 359 1763 et
389 1729 531 1764 tandem
564 1740 753 1765 enecantur
789 1732 846 1765 siti

169 1790 203 1815 et
225 1791 329 1825 aestu3
352 1780 452 1827 δίψα,
474 1785 564 1823 sitis,
595 1783 690 1817 unde
714 1797 842 1818 nomen

170 1833 336 1870 deducit:
361 1845 491 1881 perusta
522 1837 586 1869 sole
613 1836 768 1879 dicitur,
792 1839 846 1871 vel

170 1887 267 1933 quod
290 1889 466 1935 apricetur
488 1889 531 1922 ad
553 1890 661 1923 solem
683 1890 846 1925 meridia-

170 1953 254 1974 num
272 1967 281 1982 ‚
309 1943 365 1975 vel
397 1941 492 1987 quod
522 1943 621 1988 plaga
654 1943 847 1977 meridiana

171 1994 277 2028 vivat.
293 1995 470 2041 Frequens
487 2005 535 2029 est
556 1996 591 2029 in
610 1996 725 2030 Africa
745 1997 849 2043 pesti-

170 2046 286 2081 ferum
304 2048 372 2082 hoc
391 2049 559 2094 serpentis
578 2062 696 2094 genus.

227 2102 259 2134 8.
291 2101 452 2134 Pulman.
482 2103 600 2147 Impius
631 2106 765 2136 timetur.
795 2123 847 2128 -—

172 2152 332 2198 Scorpius.
348 2155 495 2187 Veneno
517 2168 646 2189 nocens
666 2156 804 2189 animal.

227 2219 261 2250 9.
283 2207 366 2240 Nam
397 2215 500 2240 tantos
527 2222 605 2252 cogo
628 2210 726 2242 Junt.
757 2222 848 2242 anno

178 2270 191 2291 1
203 2258 219 2291 5
232 2271 244 2291 1
255 2272 272 2291 2
282 2286 289 2292 .
304 2280 356 2285 —
372 2260 521 2293 Labores.
535 2261 730 2295 Molestiam
743 2270 776 2295 te
789 2275 849 2295 au-

172 2309 294 2345 diendi
312 2313 571 2357 sempiternam.

230 2377 244 2397 1
256 2378 288 2398 2.
311 2366 350 2398 ln
370 2366 503 2398 thermas
510 2368 606 2411 fugio
619 2380 631 2406 ,·
639 2368 740 2411 fugas
757 2368 849 2400 eden-

174 2424 232 2449 tem
251 2416 361 2451 codex
379 2419 517 2452 Thuan.

232 2482 244 2503 1
256 2471 288 2504 3.
304 2471 510 2505 Beverlandi
527 2472 603 2506 MS.
623 2485 684 2505 non
699 2475 775 2506 sinis
791 2486 847 2506 ηα-

903 1207 980 1234 tare.
1001 1197 1120 1233 Codex
1140 1200 1173 1231 V
1176 1207 1220 1232 at.
1243 1208 1275 1232 tn
1297 1208 1379 1232 tenes
1393 1209 1578 1234 euntem.—

901 1254 1061 1286 Piscitzoem
1076 1261 1162 1297 peto.
1178 1254 1295 1286 Locus
1311 1262 1382 1286 erat
1399 1253 1495 1287 domi
1518 1255 1578 1288 ubi

901 1318 988 1351 aqua
1006 1305 1131 1351 frigida
1151 1306 1331 1348 lavabant;
1351 1307 1456 1341 fuisse
1475 1308 1579 1341 etiam

901 1358 1050 1404 piscinas
1075 1358 1209 1405 tepidas
1234 1368 1369 1394 constat
1393 1373 1433 1394 ex
1462 1361 1578 1395 Plinio

898 1412 1055 1457 juniore,
1078 1412 1138 1446 lib.
1154 1413 1199 1453 V,
1214 1413 1313 1458 epist.
1332 1414 1366 1447 3.
1379 1414 1459 1447 Fuit
1474 1415 1578 1448 etiam

900 1464 1036 1510 piscina
1053 1465 1205 1510 publica.

960 1521 1018 1558 14.
1042 1518 1102 1551 Ad
1121 1531 1239 1550 comam
1254 1532 1388 1564 propero
1403 1547 1412 1560 ,
1435 1533 1527 1554 sonas
1546 1523 1578 1554 in

902 1584 1006 1603 aurem
1020 1570 1114 1604 idem
1130 1573 1211 1604 Vat.

960 1623 1014 1657 15.
1029 1624 1090 1657 Ad
1104 1637 1220 1656 cernam
1238 1627 1350 1665 venio,
1366 1627 1469 1671 sugas
1487 1627 1579 1660 eden-

903 1685 960 1708 tem
983 1677 1019 1709 in
1041 1676 1166 1710 eodem
1186 1676 1263 1710 cod.
1285 1679 1366 1712 Vat.
1394 1679 1463 1712 Alii
1478 1681 1579 1725 sugas

902 1729 1069 1764 sedentem.
1091 1752 1140 1755 ——
1159 1730 1322 1764 Edentem.
1340 1732 1440 1765 Hanc
1457 1733 1578 1768 lectio-

903 1795 984 1815 nem
1003 1795 1082 1816 cum
1106 1783 1300 1817 Ramiresio
1317 1783 1561 1830 adoptavimus
1574 1815 1583 1830 ‚

903 1835 984 1880 quia
1009 1836 1080 1881 jam
1109 1848 1210 1869 versu
1239 1835 1377 1871 decimo
1399 1839 1580 1884 legebatur

903 1888 1033 1922 sedenti.
1062 1889 1128 1921 Eo.
1153 1910 1205 1915 —
1233 1889 1300 1922 Alii
1322 1898 1437 1925 tamen
1457 1893 1578 1938 legunt

904 1941 1076 1983 sedentem;
1092 1954 1218 1987 nempe
1231 1942 1292 1987 qui
1308 1942 1350 1976 ad
1363 1957 1494 1977 coenam
1512 1959 1581 1980 ma-

905 1995 1019 2028 turius
1029 1995 1233 2036 veniebant,
1245 1994 1329 2029 dum
1342 2005 1580 2034 sternerentur

905 2048 1012 2091 lecti,
1035 2047 1213 2081 sedebant.
1235 2049 1313 2082 Lib.
1339 2050 1447 2092 VIII,
1471 2052 1579 2098 epigr.

906 2113 1005 2134 van
1031 2113 1038 2134 :
1075 2119 1087 2131 ιι
1106 2101 1313 2135 Sternantur
1338 2103 1444 2137 lecti:

905 2155 996 2187 liane
1010 2180 1019 2196 ,
1037 2154 1130 2188 sede.
1156 2172 1167 2183 n

1472 2106 1580 2139 Caeci-

966 2208 1022 2241 18.
1041 2209 1210 2252 Vis-justus
1223 2234 1231 2247 ‚
1250 2216 1315 2241 etc.
1327 2208 1456 2243 Caetera
1471 2223 1581 2256 quum

906 2261 1021 2294 bonus
1040 2261 1083 2294 sis
1108 2273 1146 2294 ac
1166 2262 1281 2306 justus
1306 2270 1340 2294 et
1363 2273 1507 2309 propter
1528 2264 1581 2297 in-

907 2314 1104 2347 nocentiam
1124 2323 1228 2359 atque
1248 2315 1457 2360 probitatem
1479 2330 1582 2363 expe-

908 2366 1050 2408 studim,
1067 2376 1212 2413 propter
1225 2367 1316 2401 hanc
1328 2376 1441 2402 tamen
1456 2371 1583 2416 impor-

908 2428 1030 2454 tunam
1066 2420 1305 2454 recitationem
1324 2447 1333 2463 ‚
1372 2430 1405 2455 te
1444 2423 1581 2469 fugiunt

912 2486 1032 2507 omnes
1048 2481 1239 2519 caventque
1260 2473 1457 2520 diligenter.
