2061 3288
465 211 563 257 290
842 194 905 236 M.
931 193 1006 237 VA
1024 194 1072 236 L.
1112 193 1505 236 MARTIALIS

534 282 695 327 Omnia
724 280 840 325 solus
868 280 1003 325 habes
1030 297 1042 335 3
1065 297 1145 324 nec
1175 297 1245 324 me
1271 290 1377 341 puta
1404 279 1515 324 velle
1544 296 1703 340 negare
1725 297 1733 322 :
1862 299 1875 322 5

603 354 797 397 Uxorem
827 351 902 395 scd
928 352 1086 407 hahes,
1109 350 1329 407 Candide,
1352 368 1451 395 cum
1483 349 1661 411 populo.

517 494 550 528 5.
570 493 638 526 Alii
658 492 801 538 legunt:
819 492 876 523 hoc
894 503 949 523 nec
961 498 1039 535 puto
1048 503 1141 535 posse
1200 497 1285 523 vett.
1307 488 1386 522 Ald.
1406 490 1508 523 Junt.
1528 488 1642 522 Colin.
1663 488 1801 534 Gryph.
1821 488 1877 520 Ιιοε

463 550 585 592 negari.
618 546 675 579 Fr.
705 543 846 577 Modius
857 569 866 582 ,
900 543 1141 588 Novantiqua-
1202 555 1247 575 me
1256 549 1335 588 puto
1351 542 1434 574 velle
1449 555 1576 586 negare.
1596 541 1788 575 Scriverius
1799 567 1808 582 ‚
1824 554 1879 573 nec

464 613 547 634 rum
559 599 769 632 Lectionum
786 597 887 643 epist.
904 595 966 641 75.
983 596 1142 629 Ramire-
1202 609 1248 628 me
1258 603 1340 640 puta
1356 595 1439 627 velle
1458 608 1585 639 negare.
1596 594 1685 637 Alii,
1698 603 1738 627 ut
1755 593 1878 627 Schre-

463 654 553 687 sius:
569 653 625 685 hoc
644 664 704 685 non
713 658 793 697 puto
804 663 896 695 posse
911 662 1036 694 negare.
1049 647 1140 682 Edd.
1200 647 1314 682 velius
1325 673 1336 691 5
1352 648 1409 681 Ιιοσ
1423 660 1469 680 me
1480 655 1561 693 puta
1575 647 1657 680 velle
1674 660 1802 692 negare.

1039 785 1319 841 XXVII.

977 942 1035 969 IN
1086 918 1371 970 GALLUM.*

540 1065 789 1116 NUNQUAM
812 1078 882 1106 me
910 1077 1113 1117 revocas,
1134 1060 1282 1104 venias
1308 1076 1443 1120 quum
1473 1075 1584 1120 saepc
1606 1068 1813 1103 vocatus:

611 1137 824 1197 Ignosco,
850 1131 1020 1176 nullum
1051 1132 1086 1176 si
1111 1130 1268 1187 modo,
1293 1129 1443 1187 Galle,
1463 1146 1606 1174 vocas.

542 1207 707 1249 Invitas
729 1204 835 1248 alios
860 1220 870 1247 ε
896 1204 1050 1247 vitium
1076 1212 1142 1246 est
1164 1203 1403 1262 utriusque.
1426 1199 1589 1257 Quod?
1608 1200 1760 1261 inquis.

614 1278 670 1319 Et
694 1275 800 1319 mihi
822 1291 898 1319 cor
919 1290 1008 1317 non
1035 1282 1119 1327 est3
1148 1288 1229 1316 nec
1255 1272 1354 1325 tibi,
1380 1269 1528 1327 Galle,
1552 1271 1706 1331 pudor.

528 1414 543 1427 *
564 1415 706 1448 Gallum
728 1425 818 1459 saepe
838 1425 856 1446 a
876 1424 912 1446 sc
928 1419 1092 1445 vocatum
1112 1410 1156 1444 ad
1271 1410 1303 1443 3.
1350 1409 1527 1455 Utriusque.
1557 1409 1676 1442 Meum
1718 1421 1814 1455 aeque
1851 1421 1890 1442 ac

476 1481 609 1502 coenam
634 1466 741 1507 dicit,
769 1479 803 1499 se
833 1473 948 1498 autem
975 1476 1156 1509 nunquam
1218 1471 1331 1496 tuum.
1350 1462 1540 1495 Schrevelii
1559 1462 1634 1495 MS.
1655 1464 1809 1508 utrinque.

476 1529 678 1555 revocatum
697 1533 715 1552 a
734 1519 850 1552 Gallo.
871 1516 1102 1562 Indignatur;
1123 1524 1157 1549 et
1272 1520 1305 1556 4.
1327 1516 1375 1548 Et
1390 1516 1465 1548 milli
1479 1528 1533 1548 cot·
1547 1528 1608 1548 non
1629 1523 1684 1547 est.
1708 1516 1780 1548 Nec
1797 1514 1891 1547 enim

478 1588 513 1607 se
530 1575 673 1607 stultum
688 1599 697 1613 ‚
710 1572 769 1618 qui
782 1572 850 1604 hoc
864 1570 1005 1612 fecerit3
1024 1578 1057 1603 ct
1074 1569 1156 1603 Gal·
1217 1578 1250 1602 te
1272 1569 1420 1601 invitare
1452 1567 1628 1602 deberem.
1651 1567 1735 1601 Vid.
1763 1580 1893 1613 praece·

479 1628 552 1660 lum
570 1625 810 1673 impudentem
823 1651 831 1666 ‚
847 1625 907 1669 qui
925 1636 998 1656 non
1015 1622 1137 1656 fecerit
1150 1648 1159 1665 ,
1217 1620 1303 1654 dens
1317 1621 1426 1666 epigr.
1443 1634 1476 1654 v.
1497 1625 1529 1661 4.
1543 1643 1595 1647 —
1607 1621 1673 1654 Nec
1688 1621 1743 1653 tibi
1759 1647 1767 1660 ,
1786 1620 1893 1655 Galle.

482 1689 516 1713 et
547 1688 664 1713 tamen
695 1679 780 1712 alios
813 1678 936 1711 invitet
956 1703 966 1717 ‚
994 1675 1156 1709 affirmat.
1220 1675 1342 1715 Quum
1361 1687 1416 1707 me
1436 1673 1479 1707 de
1501 1682 1534 1707 te
1554 1674 1643 1707 bene
1665 1674 1830 1708 meritum
1851 1672 1894 1707 ad

483 1733 636 1766 Raderm.
1221 1740 1355 1761 coenam
1377 1740 1450 1760 non
1470 1739 1622 1760 revoces.

1029 1863 1347 1920 XXVIII.

961 2021 1019 2049 IN
1067 1998 1420 2048 NESTOREM.*

560 2153 847 2194 AURICULAM
878 2146 1021 2189 Mario
1052 2144 1242 2205 graviter
1270 2142 1441 2187 miraris
1471 2140 1608 2186 olere!

628 2222 696 2263 Tu
727 2219 830 2263 facis
856 2218 941 2261 hoc
969 2233 977 2259 :
1005 2216 1163 2277 garris,
1188 2216 1365 2269 Nestor,
1394 2214 1437 2256 in
1466 2212 1715 2257 auriculam.

545 2354 558 2368 ⁴¹
580 2358 645 2392 Hie
666 2358 760 2391 nulla
779 2355 937 2390 lectionis
954 2353 1102 2388 varietas
1118 2360 1167 2385 est
1226 2351 1275 2384 illi
1289 2351 1378 2384 male
1392 2351 1483 2384 oleat
1501 2351 1653 2384 auricula
1664 2377 1673 2392 ,
1687 2350 1742 2383 cui
1756 2362 1899 2396 graveo-

494 2412 527 2444 in
552 2412 648 2444 libris
669 2408 938 2455 manuscriptis,
962 2415 1020 2440 aut
1038 2405 1167 2439 codici·
1226 2404 1367 2438 lentiam
1398 2404 1499 2437 affers
1527 2404 1664 2449 impuro
1690 2412 1751 2438 tuo
1777 2403 1898 2436 halitu.

492 2466 557 2497 bus
578 2465 676 2510 prelo
695 2463 840 2497 excusis.
1226 2458 1279 2490 De
1297 2471 1340 2502 τῳ
1356 2457 1392 2489 in
1406 2470 1522 2490 aurem
1539 2454 1770 2502 garrire‚vid.
1788 2456 1847 2488 lib.
1865 2457 1901 2496 I,

547 2530 579 2550 2.
604 2518 749 2558 Tufacis
768 2517 835 2548 hoc.
857 2516 914 2548 Tu
933 2525 1035 2547 causa
1051 2524 1086 2545 es
1104 2523 1165 2544 cur
1227 2514 1332 2555 epigr.
1355 2522 1408 2542 xc.
