2061 3288
439 200 538 255 [206

810 204 865 244 M.
892 202 1035 245 VAL.
1075 201 1469 245 MARTIALIS

648 291 725 333 Vae
752 288 990 350 glabraria,
1012 305 1075 333 vae
1101 289 1177 332 tibi
1207 288 1372 332 misella
1396 306 1404 332 :

646 359 822 403 Nudam
852 370 894 403 te
924 369 1082 403 statuet
1110 369 1208 403 tuus
1236 361 1474 421 Lupercus.

490 511 525 542 7.
557 499 702 532 filiscella
727 497 934 532 Beverlandi
962 499 1037 532 MS.
1057 520 1106 525 —

440 551 624 586 Glabraria.
667 551 788 586 Glaber
819 552 893 585 sine
925 551 1004 597 pilis
1034 559 1107 593 est;

439 603 614 637 Glabraria
640 614 690 639 est
714 605 855 651 proprie
884 605 958 638 ovis
987 613 1107 637 tonsa:

436 656 595 702 quaedam
616 666 732 692 autem
753 667 851 692 erant
880 671 961 691 oves
988 658 1109 703 glabro

435 718 556 744 ventre
583 723 659 756 quae
688 712 786 744 nullo
817 710 909 757 apud
938 710 1111 756 Antiquos

436 763 562 808 pretio.
580 763 673 797 Vide
692 766 796 798 Varr.
814 765 874 798 lib.
892 765 927 796 II
941 791 949 803 ,
975 776 1048 808 cap.
1071 776 1088 796 ἰ
1102 789 1111 804 ,

437 815 482 849 de
510 817 561 850 Re
587 818 737 850 Rustica.
759 817 834 850 Hoc
867 818 976 850 verbo
1004 816 1112 861 i⁸gitur

435 870 544 903 Poeta
568 871 734 916 exprimit
758 870 928 904 insaniam
959 870 1085 903 Chloes
1102 895 1110 910 ‚

435 934 512 967 quae
536 936 570 956 se
591 924 694 956 rebus
708 924 872 956 omnibus
890 923 1060 968 spoliabat
1078 931 1112 955 ct

438 975 535 1021 quasi
555 976 739 1021 expilabat.

493 1031 524 1063 8.
542 1029 670 1062 Nudam
689 1037 728 1062 te.
744 1030 786 1062 In
802 1029 954 1074 Luperci
969 1028 1112 1062 nomine

436 1081 528 1114 ludit
556 1078 661 1115 Poeta
681 1095 688 1115 :
710 1082 861 1127 Luperci
885 1082 978 1115 enim
1014 1091 1112 1114 erant

437 1134 631 1168 sacerdotes
653 1136 694 1168 ab
715 1134 878 1168 Evandro
901 1135 1056 1168 instituti
1075 1135 1111 1167 in

436 1188 606 1221 honorem
624 1188 735 1221 Panos
745 1213 751 1225 ‚
767 1188 822 1220 vel
834 1214 842 1228 ‚
855 1196 893 1220 ut
905 1188 962 1221 alii
976 1188 1112 1229 volunt,

438 1255 454 1274 a
471 1242 639 1283 Romu10;
654 1243 713 1287 qui
728 1241 935 1286 Lupercales
950 1239 1052 1274 ludos
1062 1253 1113 1273 ce-

1165 499 1347 533 lebrabant
1368 498 1599 540 Februantes,
1618 507 1652 532 et
1673 499 1761 533 nudi
1781 513 1843 546 per

1166 553 1292 584 urbem
1320 551 1560 585 discurrebant
1579 577 1589 592 ‚
1617 552 1844 598 foeminasque.

1167 605 1234 638 sibi
1267 605 1385 638 obvias
1420 604 1660 650 percutiebant
1696 605 1844 639 haedjnis

1169 658 1340 703 pellibus;
1358 665 1392 690 et
1411 657 1493 702 ipsae
1507 657 1551 690 ad
1568 656 1606 691 id
1615 659 1745 702 palmas
1759 671 1844 704 prae-

1169 711 1311 752 bebant,
1324 709 1418 756 quod
1431 710 1498 743 hoc
1505 710 1575 744 ictu
1586 710 1754 744 foecundae
1767 712 1842 744 fieri

1171 762 1412 796 credebantur.
1431 763 1558 797 Juven.
1576 771 1636 796 sat.
1654 765 1706 797 II:
1727 781 1740 794 n
1759 765 1832 797 Nec

1170 815 1314 861 prodest
1333 816 1412 861 agili
1434 817 1564 861 palmas
1590 816 1746 862 praebere
1770 818 1842 850 Lu-

1170 882 1286 914 perco.
1298 868 1422 902 »Ovid.
1434 869 1527 903 Fast.
1538 870 1591 902 II:
1612 869 1752 902 «Tertia
1762 878 1843 915 post

1171 921 1257 956 Idus
1273 921 1386 955 nudos
1406 934 1529 955 aurora
1547 923 1724 967 Lupercos
1746 922 1846 968 Aspi-

1172 977 1217 1008 cit
1229 984 1281 1016 ,et
1298 975 1410 1008 Fauni
1429 988 1520 1008 sacra
1532 975 1688 1008 bicornis
1704 984 1841 1009 erunt.»

1172 1029 1283 1074 Igitur
1306 1027 1424 1061 nudus
1452 1037 1524 1061 erat
1551 1027 1751 1061 adolescens
1777 1029 1847 1061 Lu-

1171 1094 1309 1127 percus,
1331 1090 1370 1114 ut
1392 1083 1573 1127 Lupercus
1597 1080 1756 1114 sacerdos
1771 1107 1780 1122 ,
1807 1080 1846 1114 id

1172 1143 1236 1174 est,
1266 1135 1338 1167 sine
1375 1135 1477 1167 bonis
1500 1146 1509 1175 ;
1538 1134 1740 1167 muneribus
1759 1147 1844 1167 vero

1172 1187 1298 1222 Chloes
1320 1187 1532 1227 cumulatus,
1546 1186 1674 1220 nudam
1693 1200 1751 1220 sua
1766 1188 1847 1221 vice

1172 1241 1350 1286 relinquet
1368 1241 1473 1273 illam.
1490 1241 1555 1273 En.

1017 1377 1265 1447 XXIX,

914 1529 981 1556 AD
1021 1507 1368 1556 PUDENTEM.*

508 1657 716 1707 Osssm'r,
742 1669 839 1697 care
862 1652 1033 1696 Pudens
1049 1687 1060 1706 ,
1082 1652 1243 1695 nostris
1269 1667 1345 1696 sua
1366 1651 1493 1695 turba
1521 1651 1672 1696 libellis
1693 1669 1704 1695 ε

577 1727 896 1784 Lectoremque
920 1723 1122 1782 frequens
1146 1721 1275 1766 lassat
1302 1734 1345 1765 et
1367 1721 1517 1783 implet
1540 1739 1661 1783 opus.

507 1797 623 1839 Rara
647 1795 804 1854 juvant
826 1812 834 1836 :
860 1794 1008 1855 primis
1034 1793 1095 1836 sie
1118 1792 1257 1853 major
1281 1794 1417 1853 gratia
1440 1794 1606 1853 pomis;

576 1865 793 1926 Hybernae
816 1865 1002 1925 pretium
1030 1865 1091 1907 sic
1115 1879 1311 1907 meruere
1336 1880 1444 1907 rosae
1466 1882 1475 1905 :

490 2004 503 2017 *
528 2007 633 2039 Batus
658 2006 827 2039 Martialis
851 2005 899 2038 sic
918 2017 990 2039 esse
1011 2017 1108 2038 com-

435 2067 571 2104 paratos
592 2059 754 2093 homines
767 2084 777 2100 ‚
797 2067 851 2097 ut,
876 2057 973 2104 quod
992 2070 1109 2090 rarum

435 2121 506 2154 est,
529 2111 565 2145 id
591 2112 712 2158 majori
737 2113 888 2146 habeant
911 2111 948 2144 in
974 2114 1085 2156 pretio
1099 2136 1107 2151 ‚

435 2173 534 2198 timet
554 2178 599 2198 ne
621 2178 681 2199 sua
703 2177 800 2198 musa
822 2177 965 2197 nimiam
982 2177 1034 2197 sui
1050 2176 1107 2196 co-

434 2219 526 2262 piam
556 2219 678 2251 lectori
715 2216 873 2251 faciendo
889 2243 899 2259 ,
932 2225 965 2250 et
1000 2228 1108 2262 nugas

435 2271 509 2303 sine
535 2271 604 2304 fine
629 2269 881 2305 accumulando
897 2296 906 2312 ,
934 2269 1109 2303 fastidium

436 2322 577 2357 tandem
590 2323 711 2369 pariat.
725 2323 768 2357 Id
782 2324 963 2357 confirmat
978 2335 1111 2368 expres-

435 2377 480 2409 sis
511 2377 552 2409 ab
584 2377 649 2409 alio
679 2390 796 2410 rerum
831 2376 956 2409 ordine
991 2375 1109 2408 multis

435 2430 622 2474 exemplis;
641 2430 768 2475 quibus
792 2429 971 2463 concludit
992 2429 1107 2473 legen-

435 2481 520 2515 dum
548 2495 619 2514 esse
644 2482 794 2515 Pudenti
816 2493 1108 2528 unumquemque

433 2547 574 2567 suorum
588 2535 787 2567 libellorum
800 2537 896 2580 quasi
907 2536 998 2568 solus
1009 2542 1108 2575 esset,

434 2600 504 2632 quo
514 2588 643 2632 gratior
655 2587 715 2620 fiat
727 2588 983 2632 epigrammatis
995 2589 1108 2632 cujus.-

436 2653 501 2686 que
520 2641 660 2673 raritate
677 2641 782 2685 lepos.
802 2641 867 2673 El).

1226 2017 1239 2037 1
1250 2031 1256 2037 .
1282 2004 1408 2037 Obstat.
1428 2003 1472 2037 Id
1485 2012 1551 2045 est,
1567 2003 1678 2037 libelli
1694 2004 1763 2037 mei
1777 2004 1844 2037 sibi

1167 2056 1234 2101 ipsi
1254 2065 1399 2097 nocent,
1416 2057 1515 2090 nimis
1533 2057 1664 2090 crebris
1683 2057 1844 2090 carmini-

1167 2109 1231 2142 bus
1266 2110 1435 2155 legentem
1469 2110 1642 2143 satiantes.
1676 2131 1727 2136 -—
1759 2109 1844 2143 Care
1871 2121 1874 2123 ’

1167 2163 1305 2195 Pudens.
1338 2163 1420 2196 Erat
1446 2163 1504 2195 ille
1535 2161 1682 2196 dilectus
1709 2164 1842 2196 Nostro

1169 2216 1310 2249 amicus.
1322 2215 1407 2248 Vid.
1419 2216 1478 2249 lib.
1492 2217 1520 2256 I,
1533 2216 1641 2261 epigr.
1654 2216 1841 2256 xxx1131ih.

1170 2268 1235 2311 IV,
1255 2269 1363 2314 epigr.
1381 2281 1471 2309 x1113
1490 2269 1551 2301 lib.
1564 2269 1616 2300 VI
1628 2294 1637 2309 ,
1653 2281 1708 2314 ep.
1725 2280 1841 2309 Lv1113

1169 2321 1229 2354 lib.
1240 2322 1326 2361 Vn,
1341 2334 1395 2367 ep.
1411 2334 1490 2354 κεν-Ι
1502 2347 1511 2362 ,
1522 2334 1572 2354 vs.
1591 2321 1625 2360 3,
1641 2330 1705 2354 etc.
1721 2322 1786 2353 En.

1224 2374 1256 2406 3.
1273 2375 1400 2408 ιῙαναιιῖ.
1423 2375 1575 2407 Placent.
1589 2374 1707 2406 Alium
1726 2382 1841 2407 tamen

1169 2440 1305 2460 sensum
1330 2426 1441 2471 ejusd.
1464 2427 1561 2460 verbi
1574 2429 1686 2471 juvare
1706 2426 1840 2459 notavi-

1168 2493 1244 2512 mus
1262 2480 1322 2512 lib.
1334 2481 1350 2511 I
1364 2505 1372 2521 ,
1388 2481 1497 2525 epigr.
1518 2491 1587 2512 xnl
1599 2505 1608 2520 ‚
1628 2493 1677 2513 vs.
1702 2492 1714 2512 1
1729 2493 1759 2513 1.
1772 2479 1838 2511 En.

1222 2537 1254 2571 4.
1276 2533 1436 2578 Ῐζγὸειπιε
1451 2560 1459 2572 ,
1484 2541 1549 2565 etc.
1581 2533 1672 2573 Quia
1692 2532 1839 2564 rariores

1168 2597 1273 2630 quam
1288 2598 1413 2620 vernae.
1429 2594 1461 2618 et
1474 2585 1587 2617 alieno
1601 2583 1742 2630 quidem
1757 2592 1841 2616 tem-

1169 2651 1271 2681 pore,
1291 2639 1523 2683 proveni-„inm
1546 2650 1600 2670 eas
1621 2649 1659 2670 ex
1687 2630 1838 2682 Bigypto
