2061 3288
257 306 306 339 M.
327 305 438 338 VAL.

770 188 1062 231 TABULA.
1531 191 1627 238 513

469 304 797 340 MARTIALIS
826 307 1312 343 EPIGRAMMATUM
1342 311 1515 346 LIBER
1544 314 1597 347 11.

210 422 465 444 §summias
495 421 703 443 υιῑοιΛΝο
732 423 817 444 suo
847 424 873 444 s.
899 434 1438 448 ·····················
1450 418 1531 465 Pag.
1566 422 1632 465 167

421 483 449 515 Ι.
474 478 529 513 Ad
552 480 686 513 librum
705 493 808 514 suum
820 503 1524 519 ...........................
1566 494 1638 536 169

401 536 447 568 II.
477 532 531 566 Ad
554 534 729 567 Caesarem
747 534 990 568 Domitianum
1010 558 1526 572 ....................
1569 555 1639 590 170

385 589 449 620 III.
474 585 531 619 Ad
551 586 699 619 sextunl
717 607 1527 625 ...............................
1569 610 1638 643 172

384 641 448 674 IV.
475 641 517 672 In
535 638 767 672 Ammianum
798 661 1526 678 ............................
1569 662 1639 695 172

400 694 447 726 V.
474 691 530 725 Ad
550 692 749 725 Decianum
771 713 1528 731 .............................
1570 704 1642 748 173

389 746 448 779 VI.
474 743 530 778 Ad
551 744 725 778 Severum
744 766 1527 784 ..............................
1571 757 1643 801 173

366 799 448 832 VII.
474 797 532 831 Ad
549 798 708 831 Attalum
719 819 1530 838 ...............................
1571 812 1644 854 176

349 852 447 886 VIII.
475 850 530 884 Ad
551 851 723 884 lectorem
749 873 1532 891 ..............................
1574 865 1643 907 176

386 906 449 939 IX.
475 906 528 937 De
547 904 667 937 Naevia
688 926 1528 943 ................................
1570 916 1641 960 178

404 959 448 992 X.
474 959 515 990 In
536 957 773 991 Posthumum
794 980 1524 997 ............................
1567 970 1639 1012 178

384 1012 449 1046 ΧΙ,
475 1009 531 1043 Ad
554 1011 687 1043 Rufum
708 1009 753 1043 de
773 1010 867 1044 Selio
886 1012 1059 1058 coenipeta
1070 1035 1532 1053 ..................
1574 1033 1643 1065 179

368 1065 448 1098 XII.
475 1064 517 1096 In
538 1063 776 1097 Posthumum
803 1085 1534 1102 ............................
1576 1077 1646 1109 180

352 1118 448 1150 XIII.
475 1115 530 1149 Ad
551 1116 700 1149 Sextum
718 1138 1533 1156 ...............................
1574 1129 1643 1162 180

350 1170 449 1204 XIV.
475 1168 530 1202 Ad
549 1169 746 1202 Paulinum
767 1168 812 1203 de
831 1170 925 1204 Selio
945 1173 1122 1218 coenipeta
1150 1196 1529 1210 ...............
1573 1183 1642 1216 181

366 1223 450 1257 XV.
475 1223 519 1255 In
535 1221 710 1255 Hermum
724 1248 734 1265 ‚
753 1223 845 1256 male
866 1224 1019 1257 olentem
1043 1248 1157 1256 .....
1179 1252 1183 1254 .
1205 1250 1530 1261 .............
1573 1235 1645 1269 183

348 1276 449 1310 XVI.
477 1276 519 1308 In
538 1275 675 1308 Zoilum
688 1301 697 1314 ,
720 1288 855 1321 aegrum
876 1290 912 1310 se
931 1277 1156 1312 simulantem
1176 1303 1531 1315 --------------
1574 1288 1646 1328 184

331 1328 450 1364 XVII,
476 1327 531 1361 Ad
553 1329 800 1370 Ammianum,
820 1328 864 1362 (le
886 1331 1056 1365 tonstrice
1078 1333 1212 1367 moecha
1235 1343 1268 1367 et
1291 1348 1391 1369 avara
1415 1361 1420 1366 .
1440 1361 1447 1366 .
1467 1359 1475 1366 .
1494 1360 1501 1367 .
1521 1363 1527 1368 .
1572 1340 1643 1374 185

315 1381 449 1415 XVIII„
476 1382 518 1413 In
541 1381 738 1415 {Maximum
749 1403 1533 1421 ..............................
1576 1394 1647 1427 186

351 1435 448 1468 XIX.
476 1433 531 1466 Ad
554 1435 694 1467 Zoilum
721 1456 1532 1473 ...............................
1575 1448 1646 1491 187

367 1488 447 1522 XX.
477 1488 528 1520 De
547 1487 670 1520 Paullo
694 1509 1531 1526 ...............................
1576 1501 1647 1534 188

352 1541 450 1574 XXI.
476 1541 518 1573 In
540 1540 777 1573 Posthumum
801 1563 1531 1579 ............................
1575 1555 1645 1587 138

332 1594 449 1627 ΧΧΙΙ.
478 1592 535 1626 Ad
553 1594 755 1638 Apollinem
775 1593 819 1628 de
839 1594 964 1629 eodem
990 1619 1532 1632 .....................
1576 1607 1646 1649 189

312 1646 447 1680 XXIII.
476 1647 530 1679 De
551 1645 678 1679 eodem
689 1668 1530 1685 ................................
1574 1660 1644 1703 189

312 1699 448 1733 XXIV.
477 1699 518 1731 In
544 1697 748 1732 Candidum
776 1726 1535 1742 ....................
1573 1724 1643 1755 190

329 1752 446 1785 XXV.
478 1751 532 1784 Ad
553 1751 691 1785 Gallam
722 1779 1332 1790 ................
1357 1762 1359 1766 ’
1365 1786 1534 1796 .....
1569 1776 1638 1808 191

312 1805 447 1838 XXVI.
476 1803 530 1837 Ad
548 1804 782 1850 Bithynicum
806 1833 1534 1848 ...................
1572 1820 1638 1861 Ι91

296 1857 447 1891 XXVII.
475 1859 528 1891 De
551 1857 644 1891 Selio
668 1859 839 1904 coenipeta
886 1885 1529 1901 .................
1567 1882 1636 1915 192

278 1910 448 1946 XXVIII.
475 1911 517 1944 In
536 1911 721 1944 Sextillum
762 1938 1530 1954 ....................
1566 1923 1637 1968 193

313 1963 444 1998 XXIX.
475 1963 531 1996 Ad
548 1964 681 1997 Rufum
702 1991 1527 2006 ......................
1564 1981 1636 2021 194

331 2016 446 2051 ΧΧΧ.
473 2018 515 2049 In
538 2017 661 2050 Caium
676 2044 684 2059 ‚
706 2030 848 2051 avarum
865 2019 1014 2052 amicum
1046 2047 1527 2059 .............
1564 2041 1637 2074 197

313 2069 448 2104 XXXI.
474 2069 530 2103 Ad
544 2070 743 2104 Marianum
756 2097 1530 2114 .....................
1564 2083 1638 2125 198

293 2122 446 2156 XXXII.
474 2124 516 2156 In
534 2123 722 2156 Ponticum
734 2148 744 2164 ‚
760 2132 950 2169 patronum
970 2125 1132 2160 inutilem
1163 2155 1528 2167 ..........
1564 2138 1636 2178 198

277 2175 448 2210 XXXIII.
474 2178 515 2208 In
533 2176 718 2209 Philaenim
756 2203 1211 2213 .............
1243 2204 1245 2207 -
1246 2209 1525 2218 ........
1562 2199 1634 2232 199

277 2227 448 2262 XXXIV.
475 2234 517 2265 In
539 2229 674 2263 Gallam
694 2240 802 2262 anum
825 2231 1040 2265 luxuriosam
1059 2257 1533 2272 .............
1567 2253 1636 2275 200

296 2281 449 2316 XXXV.
476 2280 532 2315 Ad
553 2282 745 2325 Phoebum,
765 2295 885 2317 varum
891 2310 1528 2324 .................
1563 2306 1629 2326 201

280 2334 450 2368 XXXVI.
476 2333 532 2367 Ad
551 2335 743 2368 Pannicum
768 2361 1532 2379 ....................
1562 2359 1629 2380 201

263 2386 451 2420 XXXVII.
477 2389 519 2420 In
539 2397 718 2433 raptorem
741 2400 846 2422 coenae
869 2389 1093 2424 Caecilianum
1126 2419 1529 2432 ...........
1562 2399 1631 2431 203

243 2438 450 2474 XXXVIII.
477 2441 519 2472 In
540 2440 669 2474 Linum
718 2467 1083 2476 ..........
1114 2464 1125 2470 —
1155 2470 1525 2484 ..........
1559 2456 1628 2492 204

281 2491 450 2526 XXXIX.
477 2494 529 2526 De
550 2493 755 2527 muneribus
774 2493 817 2527 ad
839 2495 1010 2528 moecham
1034 2497 1144 2531 missis
1165 2525 1526 2539 ..........
1562 2505 1629 2538 205

375 2546 450 2579 XL.
478 2547 530 2579 De
547 2546 715 2591 Tongilio
734 2547 899 2581 morbum
920 2547 1106 2582 simulante
1128 2577 1528 2590 ...........
1563 2557 1630 2590 205

355 2598 450 2632 XLI.
477 2599 519 2632 In
541 2598 772 2633 Maximinam
812 2626 1057 2635 .......
1088 2630 1094 2634 .
1127 2630 1529 2642 ...........
1560 2623 1627 2654 207

336 2651 448 2686 XLII.
477 2653 519 2684 In
543 2652 679 2686 Zoilum
715 2679 722 2685 .

283 2724 322 2763 l.

764 2679 1523 2694 ....................
1558 2675 1629 2696 210
