<?xml version="1.0" encoding="UTF-8"?>
<!DOCTYPE html PUBLIC "-//W3C//DTD XHTML 1.0 Transitional//EN"
    "http://www.w3.org/TR/xhtml1/DTD/xhtml1-transitional.dtd">
<html xmlns="http://www.w3.org/1999/xhtml" xml:lang="en" lang="en">
 <head>
  <title>
</title>
<meta http-equiv="Content-Type" content="text/html;charset=utf-8" />
  <meta name='ocr-system' content='tesseract 3.04.00' />
  <meta name='ocr-capabilities' content='ocr_page ocr_carea ocr_par ocr_line ocrx_word'/>
</head>
<body>
  <div class='ocr_page' id='page_1' title='image "./epigrammata01martuoft_0093.png"; bbox 0 0 2061 3288; ppageno 0'>
   <div class='ocr_carea' id='block_1_1' title="bbox 550 216 1604 261">
    <p class='ocr_par' dir='ltr' id='par_1_1' title="bbox 550 216 1604 261">
     <span class='ocr_line' id='line_1_1' title="bbox 550 216 1604 261; baseline -0.004 0"><span class='ocrx_word' id='word_1_1' title='bbox 550 219 610 260; x_wconf 86' lang='lat' dir='ltr'>M.</span> <span class='ocrx_word' id='word_1_2' title='bbox 647 220 786 261; x_wconf 81' lang='lat' dir='ltr'><strong>VAL.</strong></span> <span class='ocrx_word' id='word_1_3' title='bbox 826 216 1232 261; x_wconf 78' lang='lat' dir='ltr'><strong>MARTIALIS.</strong></span> <span class='ocrx_word' id='word_1_4' title='bbox 1483 231 1604 258; x_wconf 81' lang='lat' dir='ltr'>Lxxv</span> 
     </span>
    </p>
   </div>
   <div class='ocr_carea' id='block_1_2' title="bbox 175 302 1625 2498">
    <p class='ocr_par' dir='ltr' id='par_1_2' title="bbox 175 302 1618 1362">
     <span class='ocr_line' id='line_1_2' title="bbox 175 302 1606 367; baseline -0.003 -18"><span class='ocrx_word' id='word_1_5' title='bbox 175 324 260 367; x_wconf 81' lang='lat' dir='ltr'>que</span> <span class='ocrx_word' id='word_1_6' title='bbox 274 306 504 359; x_wconf 77' lang='lat' dir='ltr'>confectis,</span> <span class='ocrx_word' id='word_1_7' title='bbox 521 315 601 349; x_wconf 75' lang='lat' dir='ltr'>etc.</span> <span class='ocrx_word' id='word_1_8' title='bbox 621 321 855 366; x_wconf 76' lang='lat' dir='ltr'><strong>rerumque</strong></span> <span class='ocrx_word' id='word_1_9' title='bbox 872 315 915 348; x_wconf 89' lang='lat' dir='ltr'>et</span> <span class='ocrx_word' id='word_1_10' title='bbox 933 304 1169 348; x_wconf 85' lang='lat' dir='ltr'>verborum</span> <span class='ocrx_word' id='word_1_11' title='bbox 1181 339 1192 358; x_wconf 73' lang='lat'><strong><em>,</em></strong></span> <span class='ocrx_word' id='word_1_12' title='bbox 1207 302 1463 346; x_wconf 84' lang='lat' dir='ltr'>lemmatum</span> <span class='ocrx_word' id='word_1_13' title='bbox 1478 304 1578 346; x_wconf 87' lang='lat' dir='ltr'>item</span> <span class='ocrx_word' id='word_1_14' title='bbox 1595 339 1606 351; x_wconf 83' lang='grc'>,</span> 
     </span>
     <span class='ocr_line' id='line_1_3' title="bbox 176 373 1607 436; baseline -0.003 -15"><span class='ocrx_word' id='word_1_15' title='bbox 176 388 219 421; x_wconf 89' lang='lat' dir='ltr'>et</span> <span class='ocrx_word' id='word_1_16' title='bbox 247 378 548 421; x_wconf 85' lang='lat' dir='ltr'>communium</span> <span class='ocrx_word' id='word_1_17' title='bbox 581 376 777 420; x_wconf 87' lang='lat' dir='ltr'>locorum</span> <span class='ocrx_word' id='word_1_18' title='bbox 811 377 940 420; x_wconf 79' lang='lat' dir='ltr'>variis</span> <span class='ocrx_word' id='word_1_19' title='bbox 968 385 1011 419; x_wconf 92' lang='lat' dir='ltr'>et</span> <span class='ocrx_word' id='word_1_20' title='bbox 1032 375 1218 436; x_wconf 82' lang='lat' dir='ltr'>copiosis</span> <span class='ocrx_word' id='word_1_21' title='bbox 1243 373 1468 418; x_wconf 82' lang='lat' dir='ltr'>Indicibus</span> <span class='ocrx_word' id='word_1_22' title='bbox 1490 376 1607 417; x_wconf 84' lang='lat' dir='ltr'>aucti</span> 
     </span>
     <span class='ocr_line' id='line_1_4' title="bbox 176 444 1607 508; baseline -0.001 -17"><span class='ocrx_word' id='word_1_23' title='bbox 176 465 201 491; x_wconf 87' lang='lat' dir='ltr'>a</span> <span class='ocrx_word' id='word_1_24' title='bbox 220 448 431 492; x_wconf 80' lang='lat' dir='ltr'>Matthaeo</span> <span class='ocrx_word' id='word_1_25' title='bbox 456 446 653 502; x_wconf 79' lang='lat' dir='ltr'>Radero,</span> <span class='ocrx_word' id='word_1_26' title='bbox 678 457 759 491; x_wconf 88' lang='lat' dir='ltr'>etc.</span> <span class='ocrx_word' id='word_1_27' title='bbox 792 464 892 491; x_wconf 83' lang='lat' dir='ltr'>cum</span> <span class='ocrx_word' id='word_1_28' title='bbox 917 448 1055 508; x_wconf 83' lang='lat' dir='ltr'>gratia</span> <span class='ocrx_word' id='word_1_29' title='bbox 1077 456 1121 490; x_wconf 90' lang='lat' dir='ltr'>et</span> <span class='ocrx_word' id='word_1_30' title='bbox 1148 444 1376 507; x_wconf 79' lang='lat' dir='ltr'>privilegio</span> <span class='ocrx_word' id='word_1_31' title='bbox 1397 446 1607 489; x_wconf 81' lang='lat' dir='ltr'>Caesareae</span> 
     </span>
     <span class='ocr_line' id='line_1_5' title="bbox 177 516 1607 580; baseline -0.003 -18"><span class='ocrx_word' id='word_1_32' title='bbox 177 519 433 580; x_wconf 87' lang='lat' dir='ltr'>Majestatis.</span> <span class='ocrx_word' id='word_1_33' title='bbox 474 518 742 579; x_wconf 84' lang='lat' dir='ltr'>Ingolstadii.</span> <span class='ocrx_word' id='word_1_34' title='bbox 783 520 847 562; x_wconf 84' lang='lat' dir='ltr'>Ex</span> <span class='ocrx_word' id='word_1_35' title='bbox 885 517 1178 579; x_wconf 82' lang='lat' dir='ltr'>typographia</span> <span class='ocrx_word' id='word_1_36' title='bbox 1216 516 1373 560; x_wconf 84' lang='lat' dir='ltr'>Adami</span> <span class='ocrx_word' id='word_1_37' title='bbox 1413 516 1607 559; x_wconf 83' lang='lat' dir='ltr'>Sartorii.</span> 
     </span>
     <span class='ocr_line' id='line_1_6' title="bbox 178 586 1609 648; baseline -0.002 -16"><span class='ocrx_word' id='word_1_38' title='bbox 178 591 306 633; x_wconf 86' lang='lat' dir='ltr'>Anno</span> <span class='ocrx_word' id='word_1_39' title='bbox 332 591 511 634; x_wconf 83' lang='lat' dir='ltr'>Domini</span> <span class='ocrx_word' id='word_1_40' title='bbox 538 605 696 634; x_wconf 76' lang='lat' dir='ltr'>Mncu.</span> <span class='ocrx_word' id='word_1_41' title='bbox 726 591 791 633; x_wconf 87' lang='lat' dir='ltr'>lta</span> <span class='ocrx_word' id='word_1_42' title='bbox 815 605 909 632; x_wconf 83' lang='lat' dir='ltr'>cam</span> <span class='ocrx_word' id='word_1_43' title='bbox 941 590 1070 633; x_wconf 90' lang='lat' dir='ltr'>nobis</span> <span class='ocrx_word' id='word_1_44' title='bbox 1098 588 1328 648; x_wconf 85' lang='lat' dir='ltr'>descripsit</span> <span class='ocrx_word' id='word_1_45' title='bbox 1350 586 1609 648; x_wconf 82' lang='lat' dir='ltr'>perillustris</span> 
     </span>
     <span class='ocr_line' id='line_1_7' title="bbox 178 659 1611 722; baseline -0.003 -17"><span class='ocrx_word' id='word_1_46' title='bbox 178 678 402 722; x_wconf 80' lang='lat' dir='ltr'>possessor</span> <span class='ocrx_word' id='word_1_47' title='bbox 436 660 736 721; x_wconf 83' lang='lat' dir='ltr'>Heideggerus</span> <span class='ocrx_word' id='word_1_48' title='bbox 756 661 998 715; x_wconf 82' lang='lat' dir='ltr'>‚Tribunus</span> <span class='ocrx_word' id='word_1_49' title='bbox 1029 659 1509 721; x_wconf 85' lang='lat' dir='ltr'>Reipubl.Turicensis.</span> <span class='ocrx_word' id='word_1_50' title='bbox 1542 659 1611 701; x_wconf 89' lang='lat' dir='ltr'>De</span> 
     </span>
     <span class='ocr_line' id='line_1_8' title="bbox 178 728 1607 793; baseline -0.003 -18"><span class='ocrx_word' id='word_1_51' title='bbox 178 733 320 793; x_wconf 84' lang='lat' dir='ltr'>prima</span> <span class='ocrx_word' id='word_1_52' title='bbox 344 732 503 776; x_wconf 84' lang='lat' dir='ltr'>Raderi</span> <span class='ocrx_word' id='word_1_53' title='bbox 526 731 625 776; x_wconf 82' lang='lat' dir='ltr'>edit.</span> <span class='ocrx_word' id='word_1_54' title='bbox 654 733 714 776; x_wconf 87' lang='lat' dir='ltr'>sic</span> <span class='ocrx_word' id='word_1_55' title='bbox 736 731 912 793; x_wconf 83' lang='lat' dir='ltr'>Joseph.</span> <span class='ocrx_word' id='word_1_56' title='bbox 940 730 1134 792; x_wconf 82' lang='lat' dir='ltr'>Scaliger</span> <span class='ocrx_word' id='word_1_57' title='bbox 1155 731 1292 792; x_wconf 82' lang='lat' dir='ltr'>Epist.</span> <span class='ocrx_word' id='word_1_58' title='bbox 1329 746 1344 774; x_wconf 92' lang='lat'><em>1</em></span> <span class='ocrx_word' id='word_1_59' title='bbox 1360 728 1423 791; x_wconf 77' lang='lat'>59</span> <span class='ocrx_word' id='word_1_60' title='bbox 1438 765 1448 784; x_wconf 81' lang='lat'><strong>‚</strong></span> <span class='ocrx_word' id='word_1_61' title='bbox 1471 728 1525 772; x_wconf 89' lang='lat' dir='ltr'>ad</span> <span class='ocrx_word' id='word_1_62' title='bbox 1545 728 1607 771; x_wconf 87' lang='lat' dir='ltr'>M.</span> 
     </span>
     <span class='ocr_line' id='line_1_9' title="bbox 179 800 1612 864; baseline -0.004 -16"><span class='ocrx_word' id='word_1_63' title='bbox 179 802 411 848; x_wconf 85' lang='lat' dir='ltr'>Velserum</span> <span class='ocrx_word' id='word_1_64' title='bbox 434 821 441 847; x_wconf 93' lang='lat'>:</span> <span class='ocrx_word' id='word_1_65' title='bbox 467 802 643 847; x_wconf 79' lang='lat' dir='ltr'>«Valde</span> <span class='ocrx_word' id='word_1_66' title='bbox 670 802 800 846; x_wconf 88' lang='lat' dir='ltr'>laudo</span> <span class='ocrx_word' id='word_1_67' title='bbox 827 819 1007 864; x_wconf 82' lang='lat' dir='ltr'>operam</span> <span class='ocrx_word' id='word_1_68' title='bbox 1030 802 1192 846; x_wconf 85' lang='lat' dir='ltr'>Raderi</span> <span class='ocrx_word' id='word_1_69' title='bbox 1212 802 1346 845; x_wconf 74' lang='lat' dir='ltr'>vestri</span> <span class='ocrx_word' id='word_1_70' title='bbox 1366 802 1410 844; x_wconf 88' lang='lat' dir='ltr'>in</span> <span class='ocrx_word' id='word_1_71' title='bbox 1427 800 1612 844; x_wconf 83' lang='lat' dir='ltr'>Martia-</span> 
     </span>
     <span class='ocr_line' id='line_1_10' title="bbox 180 871 1614 935; baseline -0.002 -18"><span class='ocrx_word' id='word_1_72' title='bbox 180 874 277 917; x_wconf 90' lang='lat' dir='ltr'>lem.</span> <span class='ocrx_word' id='word_1_73' title='bbox 312 876 466 935; x_wconf 84' lang='lat' dir='ltr'>Itaque</span> <span class='ocrx_word' id='word_1_74' title='bbox 502 892 570 918; x_wconf 81' lang='lat' dir='ltr'>ine</span> <span class='ocrx_word' id='word_1_75' title='bbox 598 884 776 918; x_wconf 79' lang='lat' dir='ltr'>auctore</span> <span class='ocrx_word' id='word_1_76' title='bbox 808 873 934 918; x_wconf 89' lang='lat' dir='ltr'>multi</span> <span class='ocrx_word' id='word_1_77' title='bbox 967 883 1171 918; x_wconf 86' lang='lat' dir='ltr'>emerunt</span> <span class='ocrx_word' id='word_1_78' title='bbox 1202 872 1362 916; x_wconf 86' lang='lat' dir='ltr'>librum</span> <span class='ocrx_word' id='word_1_79' title='bbox 1389 871 1536 926; x_wconf 75' lang='lat' dir='ltr'>illum,</span> <span class='ocrx_word' id='word_1_80' title='bbox 1566 880 1614 914; x_wconf 87' lang='lat' dir='ltr'>ut</span> 
     </span>
     <span class='ocr_line' id='line_1_11' title="bbox 181 942 1615 1006; baseline -0.003 -17"><span class='ocrx_word' id='word_1_81' title='bbox 181 961 262 1006; x_wconf 84' lang='lat' dir='ltr'>ego</span> <span class='ocrx_word' id='word_1_82' title='bbox 287 947 476 1006; x_wconf 84' lang='lat' dir='ltr'>pretium</span> <span class='ocrx_word' id='word_1_83' title='bbox 501 945 613 989; x_wconf 85' lang='lat' dir='ltr'>illius</span> <span class='ocrx_word' id='word_1_84' title='bbox 630 945 1017 990; x_wconf 78' lang='lat' dir='ltr'>excanclefecerim.</span> <span class='ocrx_word' id='word_1_85' title='bbox 1046 945 1200 989; x_wconf 81' lang='lat' dir='ltr'>Laudo</span> <span class='ocrx_word' id='word_1_86' title='bbox 1216 980 1227 1001; x_wconf 74' lang='lat'><strong>‚</strong></span> <span class='ocrx_word' id='word_1_87' title='bbox 1250 945 1452 1005; x_wconf 71' lang='lat' dir='ltr'>inquam,</span> <span class='ocrx_word' id='word_1_88' title='bbox 1476 942 1615 986; x_wconf 87' lang='lat' dir='ltr'>erudi-</span> 
     </span>
     <span class='ocr_line' id='line_1_12' title="bbox 181 1012 1613 1076; baseline -0.002 -17"><span class='ocrx_word' id='word_1_89' title='bbox 181 1018 344 1060; x_wconf 78' lang='lat' dir='ltr'>tionem</span> <span class='ocrx_word' id='word_1_90' title='bbox 375 1017 565 1060; x_wconf 76' lang='lat' dir='ltr'>hominis</span> <span class='ocrx_word' id='word_1_91' title='bbox 595 1027 635 1060; x_wconf 85' lang='lat' dir='ltr'>et</span> <span class='ocrx_word' id='word_1_92' title='bbox 668 1016 904 1060; x_wconf 85' lang='lat' dir='ltr'>candorem</span> <span class='ocrx_word' id='word_1_93' title='bbox 934 1018 1275 1070; x_wconf 78' lang='lat' dir='ltr'>Germanicum,</span> <span class='ocrx_word' id='word_1_94' title='bbox 1307 1016 1381 1076; x_wconf 89' lang='lat' dir='ltr'>qui</span> <span class='ocrx_word' id='word_1_95' title='bbox 1410 1015 1501 1058; x_wconf 90' lang='lat' dir='ltr'>sine</span> <span class='ocrx_word' id='word_1_96' title='bbox 1526 1012 1613 1057; x_wconf 84' lang='lat' dir='ltr'>ulla</span> 
     </span>
     <span class='ocr_line' id='line_1_13' title="bbox 183 1087 1613 1148; baseline -0.002 -18"><span class='ocrx_word' id='word_1_97' title='bbox 183 1088 383 1148; x_wconf 82' lang='lat' dir='ltr'>rubigine</span> <span class='ocrx_word' id='word_1_98' title='bbox 409 1097 452 1131; x_wconf 88' lang='lat' dir='ltr'>et</span> <span class='ocrx_word' id='word_1_99' title='bbox 486 1087 789 1131; x_wconf 72' lang='lat' dir='ltr'>maledicentia</span> <span class='ocrx_word' id='word_1_100' title='bbox 822 1098 910 1132; x_wconf 83' lang='lat' dir='ltr'>tam</span> <span class='ocrx_word' id='word_1_101' title='bbox 934 1088 1044 1132; x_wconf 85' lang='lat' dir='ltr'>hene</span> <span class='ocrx_word' id='word_1_102' title='bbox 1071 1087 1125 1131; x_wconf 85' lang='lat' dir='ltr'>(le</span> <span class='ocrx_word' id='word_1_103' title='bbox 1151 1088 1268 1131; x_wconf 91' lang='lat' dir='ltr'>bono</span> <span class='ocrx_word' id='word_1_104' title='bbox 1291 1087 1503 1147; x_wconf 82' lang='lat' dir='ltr'>scriptore</span> <span class='ocrx_word' id='word_1_105' title='bbox 1523 1102 1613 1128; x_wconf 85' lang='lat' dir='ltr'>me-</span> 
     </span>
     <span class='ocr_line' id='line_1_14' title="bbox 184 1156 1616 1220; baseline -0.001 -19"><span class='ocrx_word' id='word_1_106' title='bbox 184 1159 293 1202; x_wconf 87' lang='lat' dir='ltr'>ritus</span> <span class='ocrx_word' id='word_1_107' title='bbox 315 1160 412 1202; x_wconf 86' lang='lat' dir='ltr'>sit.»</span> <span class='ocrx_word' id='word_1_108' title='bbox 438 1159 605 1203; x_wconf 82' lang='lat' dir='ltr'>Confer</span> <span class='ocrx_word' id='word_1_109' title='bbox 619 1157 788 1202; x_wconf 81' lang='lat' dir='ltr'>Velseri</span> <span class='ocrx_word' id='word_1_110' title='bbox 808 1160 945 1220; x_wconf 83' lang='lat' dir='ltr'>Epist.</span> <span class='ocrx_word' id='word_1_111' title='bbox 973 1176 996 1202; x_wconf 87' lang='lat'><strong>2</strong></span> <span class='ocrx_word' id='word_1_112' title='bbox 1016 1176 1024 1203; x_wconf 73' lang='grc' dir='ltr'>ι</span> <span class='ocrx_word' id='word_1_113' title='bbox 1043 1193 1050 1201; x_wconf 83' lang='lat'><em>.</em></span> <span class='ocrx_word' id='word_1_114' title='bbox 1068 1158 1424 1203; x_wconf 82' lang='lat' dir='ltr'>Commentarius</span> <span class='ocrx_word' id='word_1_115' title='bbox 1438 1156 1616 1212; x_wconf 77' lang='lat' dir='ltr'>Raderi,</span> 
     </span>
     <span class='ocr_line' id='line_1_15' title="bbox 184 1227 1618 1291; baseline -0.001 -19"><span class='ocrx_word' id='word_1_116' title='bbox 184 1231 242 1272; x_wconf 87' lang='lat' dir='ltr'>ait</span> <span class='ocrx_word' id='word_1_117' title='bbox 266 1231 463 1284; x_wconf 71' lang='lat' dir='ltr'>Ernesti,</span> <span class='ocrx_word' id='word_1_118' title='bbox 487 1231 682 1273; x_wconf 85' lang='lat' dir='ltr'>omnium</span> <span class='ocrx_word' id='word_1_119' title='bbox 714 1240 777 1273; x_wconf 86' lang='lat' dir='ltr'>est</span> <span class='ocrx_word' id='word_1_120' title='bbox 806 1231 1019 1291; x_wconf 75' lang='lat' dir='ltr'>optimus,</span> <span class='ocrx_word' id='word_1_121' title='bbox 1054 1229 1295 1290; x_wconf 83' lang='lat' dir='ltr'>plenusque</span> <span class='ocrx_word' id='word_1_122' title='bbox 1328 1229 1502 1289; x_wconf 82' lang='lat' dir='ltr'>egregia</span> <span class='ocrx_word' id='word_1_123' title='bbox 1538 1227 1618 1270; x_wconf 83' lang='lat' dir='ltr'>do-</span> 
     </span>
     <span class='ocr_line' id='line_1_16' title="bbox 183 1299 1257 1362; baseline 0 -19"><span class='ocrx_word' id='word_1_124' title='bbox 183 1300 345 1352; x_wconf 80' lang='lat' dir='ltr'>ctrina,</span> <span class='ocrx_word' id='word_1_125' title='bbox 379 1317 509 1361; x_wconf 87' lang='lat' dir='ltr'>quem</span> <span class='ocrx_word' id='word_1_126' title='bbox 543 1299 696 1361; x_wconf 80' lang='lat' dir='ltr'>legisse</span> <span class='ocrx_word' id='word_1_127' title='bbox 735 1302 954 1344; x_wconf 84' lang='lat' dir='ltr'>neminem</span> <span class='ocrx_word' id='word_1_128' title='bbox 992 1302 1257 1362; x_wconf 86' lang='lat' dir='ltr'>poenituerit.</span> 
     </span>
    </p>

    <p class='ocr_par' dir='ltr' id='par_1_3' title="bbox 266 1368 1616 1432">
     <span class='ocr_line' id='line_1_17' title="bbox 266 1368 1616 1432; baseline -0.001 -18"><span class='ocrx_word' id='word_1_129' title='bbox 266 1370 406 1416; x_wconf 75' lang='lat'>1603.</span> <span class='ocrx_word' id='word_1_130' title='bbox 429 1371 570 1432; x_wconf 71' lang='lat' dir='ltr'>Lllgcl.</span> <span class='ocrx_word' id='word_1_131' title='bbox 604 1371 644 1416; x_wconf 86' lang='lat'>8.</span> <span class='ocrx_word' id='word_1_132' title='bbox 671 1373 737 1414; x_wconf 83' lang='lat' dir='ltr'>Ex</span> <span class='ocrx_word' id='word_1_133' title='bbox 766 1371 904 1416; x_wconf 82' lang='lat' dir='ltr'>Catal.</span> <span class='ocrx_word' id='word_1_134' title='bbox 939 1370 1049 1415; x_wconf 86' lang='lat' dir='ltr'>Bibl.</span> <span class='ocrx_word' id='word_1_135' title='bbox 1081 1373 1122 1415; x_wconf 85' lang='lat' dir='ltr'>S.</span> <span class='ocrx_word' id='word_1_136' title='bbox 1153 1374 1192 1415; x_wconf 90' lang='lat' dir='ltr'>J.</span> <span class='ocrx_word' id='word_1_137' title='bbox 1224 1374 1391 1415; x_wconf 78' lang='lat' dir='ltr'>Lovan.</span> <span class='ocrx_word' id='word_1_138' title='bbox 1424 1387 1467 1431; x_wconf 87' lang='lat' dir='ltr'>p.</span> <span class='ocrx_word' id='word_1_139' title='bbox 1503 1368 1616 1430; x_wconf 75' lang='lat'>339.</span> 
     </span>
    </p>

    <p class='ocr_par' dir='ltr' id='par_1_4' title="bbox 186 1438 1614 1574">
     <span class='ocr_line' id='line_1_18' title="bbox 264 1438 1614 1502; baseline -0.002 -16"><span class='ocrx_word' id='word_1_140' title='bbox 264 1441 406 1487; x_wconf 77' lang='lat'>1603.</span> <span class='ocrx_word' id='word_1_141' title='bbox 438 1444 644 1486; x_wconf 64' lang='lat' dir='ltr'>Aurelia?</span> <span class='ocrx_word' id='word_1_142' title='bbox 662 1442 839 1487; x_wconf 74' lang='lat' dir='ltr'>Allobr.</span> <span class='ocrx_word' id='word_1_143' title='bbox 864 1438 1110 1499; x_wconf 78' lang='lat' dir='ltr'>(Genevae)</span> <span class='ocrx_word' id='word_1_144' title='bbox 1139 1445 1181 1498; x_wconf 92' lang='grc'><strong>4.</strong></span> <span class='ocrx_word' id='word_1_145' title='bbox 1202 1443 1246 1486; x_wconf 91' lang='lat' dir='ltr'>in</span> <span class='ocrx_word' id='word_1_146' title='bbox 1275 1444 1476 1502; x_wconf 81' lang='lat' dir='ltr'>Corpore</span> <span class='ocrx_word' id='word_1_147' title='bbox 1499 1450 1614 1502; x_wconf 86' lang='lat' dir='ltr'>poet.</span> 
     </span>
     <span class='ocr_line' id='line_1_19' title="bbox 186 1510 1096 1574; baseline 0 -17"><span class='ocrx_word' id='word_1_148' title='bbox 186 1515 281 1557; x_wconf 87' lang='lat' dir='ltr'>Lat.</span> <span class='ocrx_word' id='word_1_149' title='bbox 311 1531 400 1558; x_wconf 79' lang='lat' dir='ltr'>exc.</span> <span class='ocrx_word' id='word_1_150' title='bbox 434 1515 550 1557; x_wconf 86' lang='lat' dir='ltr'>Sam.</span> <span class='ocrx_word' id='word_1_151' title='bbox 583 1515 825 1574; x_wconf 84' lang='lat' dir='ltr'>Crispinus.</span> <span class='ocrx_word' id='word_1_152' title='bbox 860 1510 1001 1565; x_wconf 82' lang='lat' dir='ltr'>(Edit.</span> <span class='ocrx_word' id='word_1_153' title='bbox 1035 1510 1096 1569; x_wconf 83' lang='lat'>1.)</span> 
     </span>
    </p>

    <p class='ocr_par' dir='ltr' id='par_1_5' title="bbox 187 1583 1616 1717">
     <span class='ocr_line' id='line_1_20' title="bbox 266 1583 1616 1640; baseline 0.001 -15"><span class='ocrx_word' id='word_1_154' title='bbox 266 1583 406 1640; x_wconf 67' lang='lat'>1604.</span> <span class='ocrx_word' id='word_1_155' title='bbox 430 1586 566 1629; x_wconf 70' lang='lat' dir='ltr'>Anto.</span> <span class='ocrx_word' id='word_1_156' title='bbox 598 1585 640 1629; x_wconf 83' lang='grc'><strong>8.</strong></span> <span class='ocrx_word' id='word_1_157' title='bbox 668 1601 721 1628; x_wconf 82' lang='lat' dir='ltr'>ex</span> <span class='ocrx_word' id='word_1_158' title='bbox 748 1585 1004 1629; x_wconf 87' lang='lat' dir='ltr'>recensione</span> <span class='ocrx_word' id='word_1_159' title='bbox 1029 1585 1187 1629; x_wconf 79' lang='lat' dir='ltr'>Matth.</span> <span class='ocrx_word' id='word_1_160' title='bbox 1222 1584 1395 1628; x_wconf 85' lang='lat' dir='ltr'>Raderi.</span> <span class='ocrx_word' id='word_1_161' title='bbox 1427 1585 1492 1628; x_wconf 82' lang='lat' dir='ltr'>Ex</span> <span class='ocrx_word' id='word_1_162' title='bbox 1522 1585 1616 1627; x_wconf 83' lang='lat' dir='ltr'>Cat.</span> 
     </span>
     <span class='ocr_line' id='line_1_21' title="bbox 187 1654 883 1717; baseline 0.003 -20"><span class='ocrx_word' id='word_1_163' title='bbox 187 1654 296 1699; x_wconf 88' lang='lat' dir='ltr'>Bibl.</span> <span class='ocrx_word' id='word_1_164' title='bbox 331 1658 371 1700; x_wconf 75' lang='lat' dir='ltr'>S,</span> <span class='ocrx_word' id='word_1_165' title='bbox 405 1659 442 1700; x_wconf 77' lang='lat' dir='ltr'>J.</span> <span class='ocrx_word' id='word_1_166' title='bbox 479 1658 647 1700; x_wconf 77' lang='lat' dir='ltr'>Lovan.</span> <span class='ocrx_word' id='word_1_167' title='bbox 683 1673 724 1716; x_wconf 92' lang='lat' dir='ltr'>p.</span> <span class='ocrx_word' id='word_1_168' title='bbox 770 1655 883 1717; x_wconf 73' lang='lat'>339.</span> 
     </span>
    </p>

    <p class='ocr_par' dir='ltr' id='par_1_6' title="bbox 188 1725 1620 1930">
     <span class='ocr_line' id='line_1_22' title="bbox 271 1725 1620 1788; baseline -0.001 -19"><span class='ocrx_word' id='word_1_169' title='bbox 271 1725 412 1788; x_wconf 76' lang='lat'>1607.</span> <span class='ocrx_word' id='word_1_170' title='bbox 440 1730 590 1771; x_wconf 75' lang='lat' dir='ltr'>Paris.</span> <span class='ocrx_word' id='word_1_171' title='bbox 623 1727 664 1772; x_wconf 84' lang='lat'>8.</span> <span class='ocrx_word' id='word_1_172' title='bbox 689 1728 750 1770; x_wconf 86' lang='lat' dir='ltr'>M.</span> <span class='ocrx_word' id='word_1_173' title='bbox 768 1726 865 1771; x_wconf 83' lang='lat' dir='ltr'>Val.</span> <span class='ocrx_word' id='word_1_174' title='bbox 889 1727 1104 1770; x_wconf 80' lang='lat' dir='ltr'>Martialis</span> <span class='ocrx_word' id='word_1_175' title='bbox 1126 1728 1508 1788; x_wconf 80' lang='lat' dir='ltr'>Epigrammatum</span> <span class='ocrx_word' id='word_1_176' title='bbox 1531 1727 1620 1768; x_wconf 89' lang='lat' dir='ltr'>Me-</span> 
     </span>
     <span class='ocr_line' id='line_1_23' title="bbox 188 1797 1619 1859; baseline -0.001 -19"><span class='ocrx_word' id='word_1_177' title='bbox 188 1798 405 1858; x_wconf 84' lang='lat' dir='ltr'>taphrasis</span> <span class='ocrx_word' id='word_1_178' title='bbox 436 1799 591 1842; x_wconf 76' lang='lat' dir='ltr'>Graeca</span> <span class='ocrx_word' id='word_1_179' title='bbox 613 1814 636 1841; x_wconf 84' lang='lat' dir='ltr'>a</span> <span class='ocrx_word' id='word_1_180' title='bbox 661 1799 855 1859; x_wconf 90' lang='lat' dir='ltr'>Josepho</span> <span class='ocrx_word' id='word_1_181' title='bbox 880 1797 1102 1858; x_wconf 84' lang='lat' dir='ltr'>Scaligero</span> <span class='ocrx_word' id='word_1_182' title='bbox 1135 1799 1402 1859; x_wconf 79' lang='lat' dir='ltr'>composita,</span> <span class='ocrx_word' id='word_1_183' title='bbox 1434 1814 1534 1840; x_wconf 82' lang='lat' dir='ltr'>cum</span> <span class='ocrx_word' id='word_1_184' title='bbox 1564 1798 1619 1839; x_wconf 83' lang='lat' dir='ltr'>Is.</span> 
     </span>
     <span class='ocr_line' id='line_1_24' title="bbox 190 1869 638 1930; baseline -0.002 -17"><span class='ocrx_word' id='word_1_185' title='bbox 190 1869 440 1913; x_wconf 78' lang='lat' dir='ltr'>Casauboni</span> <span class='ocrx_word' id='word_1_186' title='bbox 470 1869 638 1930; x_wconf 78' lang='lat' dir='ltr'>praefat.</span> 
     </span>
    </p>

    <p class='ocr_par' dir='ltr' id='par_1_7' title="bbox 191 1938 1625 2072">
     <span class='ocr_line' id='line_1_25' title="bbox 269 1938 1625 2001; baseline -0.002 -17"><span class='ocrx_word' id='word_1_187' title='bbox 269 1938 413 2001; x_wconf 77' lang='lat'><strong>1607.</strong></span> <span class='ocrx_word' id='word_1_188' title='bbox 446 1943 595 1984; x_wconf 75' lang='lat' dir='ltr'>Paris.</span> <span class='ocrx_word' id='word_1_189' title='bbox 631 1942 676 1995; x_wconf 92' lang='grc'><strong>4.</strong></span> <span class='ocrx_word' id='word_1_190' title='bbox 703 1957 774 2001; x_wconf 84' lang='lat' dir='ltr'>ap.</span> <span class='ocrx_word' id='word_1_191' title='bbox 812 1941 1051 1995; x_wconf 78' lang='lat' dir='ltr'>sonnium,</span> <span class='ocrx_word' id='word_1_192' title='bbox 1081 1959 1116 1986; x_wconf 90' lang='lat' dir='ltr'>c.</span> <span class='ocrx_word' id='word_1_193' title='bbox 1146 1941 1457 1985; x_wconf 86' lang='lat' dir='ltr'>Comm.Varr.</span> <span class='ocrx_word' id='word_1_194' title='bbox 1492 1948 1534 1983; x_wconf 84' lang='lat' dir='ltr'>et.</span> <span class='ocrx_word' id='word_1_195' title='bbox 1553 1940 1625 1982; x_wconf 81' lang='lat' dir='ltr'>In-</span> 
     </span>
     <span class='ocr_line' id='line_1_26' title="bbox 191 2009 1245 2072; baseline 0.001 -19"><span class='ocrx_word' id='word_1_196' title='bbox 191 2009 285 2054; x_wconf 88' lang='lat' dir='ltr'>dice</span> <span class='ocrx_word' id='word_1_197' title='bbox 316 2013 403 2054; x_wconf 89' lang='lat' dir='ltr'>Jos.</span> <span class='ocrx_word' id='word_1_198' title='bbox 439 2013 607 2072; x_wconf 78' lang='lat' dir='ltr'>Langii.</span> <span class='ocrx_word' id='word_1_199' title='bbox 644 2012 714 2055; x_wconf 89' lang='lat' dir='ltr'>Sic</span> <span class='ocrx_word' id='word_1_200' title='bbox 742 2012 785 2054; x_wconf 89' lang='lat' dir='ltr'>in</span> <span class='ocrx_word' id='word_1_201' title='bbox 816 2013 911 2055; x_wconf 78' lang='lat' dir='ltr'>Cat.</span> <span class='ocrx_word' id='word_1_202' title='bbox 949 2011 1245 2056; x_wconf 85' lang='lat' dir='ltr'>Bibl.Tl1uan.</span> 
     </span>
    </p>

    <p class='ocr_par' dir='ltr' id='par_1_8' title="bbox 193 2080 1624 2356">
     <span class='ocr_line' id='line_1_27' title="bbox 271 2080 1624 2144; baseline -0.001 -20"><span class='ocrx_word' id='word_1_203' title='bbox 271 2080 412 2143; x_wconf 79' lang='grc'><strong>1607.</strong></span> <span class='ocrx_word' id='word_1_204' title='bbox 465 2086 614 2126; x_wconf 76' lang='lat' dir='ltr'>Paris.</span> <span class='ocrx_word' id='word_1_205' title='bbox 664 2084 708 2137; x_wconf 93' lang='grc'><strong>4.</strong></span> <span class='ocrx_word' id='word_1_206' title='bbox 753 2083 815 2125; x_wconf 84' lang='grc' dir='ltr'><strong>Μ.</strong></span> <span class='ocrx_word' id='word_1_207' title='bbox 837 2081 933 2125; x_wconf 88' lang='lat' dir='ltr'>Val.</span> <span class='ocrx_word' id='word_1_208' title='bbox 977 2085 1354 2144; x_wconf 79' lang='lat' dir='ltr'>Epigrammatum</span> <span class='ocrx_word' id='word_1_209' title='bbox 1396 2080 1498 2125; x_wconf 86' lang='lat' dir='ltr'>libb.</span> <span class='ocrx_word' id='word_1_210' title='bbox 1540 2097 1624 2136; x_wconf 81' lang='lat' dir='ltr'>xv,</span> 
     </span>
     <span class='ocr_line' id='line_1_28' title="bbox 194 2152 1623 2198; baseline 0 -4"><span class='ocrx_word' id='word_1_211' title='bbox 194 2153 324 2194; x_wconf 84' lang='lat' dir='ltr'>Laur.</span> <span class='ocrx_word' id='word_1_212' title='bbox 358 2154 590 2197; x_wconf 84' lang='lat' dir='ltr'>Rainiresii</span> <span class='ocrx_word' id='word_1_213' title='bbox 628 2153 682 2196; x_wconf 87' lang='lat' dir='ltr'>de</span> <span class='ocrx_word' id='word_1_214' title='bbox 724 2153 866 2197; x_wconf 86' lang='lat' dir='ltr'>Prado</span> <span class='ocrx_word' id='word_1_215' title='bbox 908 2155 1235 2198; x_wconf 84' lang='lat' dir='ltr'>commentariis</span> <span class='ocrx_word' id='word_1_216' title='bbox 1265 2152 1466 2196; x_wconf 84' lang='lat' dir='ltr'>illustrati</span> <span class='ocrx_word' id='word_1_217' title='bbox 1491 2169 1498 2194; x_wconf 92' lang='lat'><strong>:</strong></span> <span class='ocrx_word' id='word_1_218' title='bbox 1523 2167 1623 2196; x_wconf 89' lang='lat' dir='ltr'>cum</span> 
     </span>
     <span class='ocr_line' id='line_1_29' title="bbox 193 2221 1624 2284; baseline 0.001 -19"><span class='ocrx_word' id='word_1_219' title='bbox 193 2224 280 2265; x_wconf 87' lang='lat' dir='ltr'>Jos.</span> <span class='ocrx_word' id='word_1_220' title='bbox 304 2225 459 2284; x_wconf 84' lang='lat' dir='ltr'>Langii</span> <span class='ocrx_word' id='word_1_221' title='bbox 484 2224 634 2268; x_wconf 86' lang='lat' dir='ltr'>Indice</span> <span class='ocrx_word' id='word_1_222' title='bbox 660 2226 855 2267; x_wconf 83' lang='lat' dir='ltr'>omnium</span> <span class='ocrx_word' id='word_1_223' title='bbox 886 2225 1137 2269; x_wconf 85' lang='lat' dir='ltr'>verborum.</span> <span class='ocrx_word' id='word_1_224' title='bbox 1155 2224 1257 2269; x_wconf 85' lang='lat' dir='ltr'>Vid.</span> <span class='ocrx_word' id='word_1_225' title='bbox 1284 2226 1379 2268; x_wconf 72' lang='lat' dir='ltr'>Cat,</span> <span class='ocrx_word' id='word_1_226' title='bbox 1403 2221 1511 2267; x_wconf 84' lang='lat' dir='ltr'>Bibl.</span> <span class='ocrx_word' id='word_1_227' title='bbox 1541 2225 1624 2267; x_wconf 87' lang='lat' dir='ltr'>Lu-</span> 
     </span>
     <span class='ocr_line' id='line_1_30' title="bbox 197 2293 662 2356; baseline 0.002 -20"><span class='ocrx_word' id='word_1_228' title='bbox 197 2293 357 2354; x_wconf 78' lang='lat' dir='ltr'>dewig,</span> <span class='ocrx_word' id='word_1_229' title='bbox 387 2296 442 2337; x_wconf 88' lang='lat' dir='ltr'>nO</span> <span class='ocrx_word' id='word_1_230' title='bbox 482 2294 662 2356; x_wconf 76' lang='lat'><strong>12637.</strong></span> 
     </span>
    </p>

    <p class='ocr_par' dir='ltr' id='par_1_9' title="bbox 275 2364 1621 2421">
     <span class='ocr_line' id='line_1_31' title="bbox 275 2364 1621 2421; baseline 0 -13"><span class='ocrx_word' id='word_1_231' title='bbox 275 2364 416 2410; x_wconf 83' lang='grc'><strong>1608.</strong></span> <span class='ocrx_word' id='word_1_232' title='bbox 448 2368 629 2421; x_wconf 65' lang='lat' dir='ltr'>Romae,</span> <span class='ocrx_word' id='word_1_233' title='bbox 663 2366 705 2410; x_wconf 83' lang='grc'><strong>8.</strong></span> <span class='ocrx_word' id='word_1_234' title='bbox 736 2383 788 2410; x_wconf 80' lang='lat' dir='ltr'>ex</span> <span class='ocrx_word' id='word_1_235' title='bbox 813 2368 1066 2410; x_wconf 86' lang='lat' dir='ltr'>recensione</span> <span class='ocrx_word' id='word_1_236' title='bbox 1090 2365 1276 2410; x_wconf 78' lang='lat' dir='ltr'>Andreae</span> <span class='ocrx_word' id='word_1_237' title='bbox 1302 2367 1443 2409; x_wconf 85' lang='lat' dir='ltr'>Frusii</span> <span class='ocrx_word' id='word_1_238' title='bbox 1477 2364 1621 2410; x_wconf 80' lang='lat' dir='ltr'>Galli.¹</span> 
     </span>
    </p>

    <p class='ocr_par' dir='ltr' id='par_1_10' title="bbox 275 2435 1021 2498">
     <span class='ocr_line' id='line_1_32' title="bbox 275 2435 1021 2498; baseline 0 -19"><span class='ocrx_word' id='word_1_239' title='bbox 275 2435 416 2480; x_wconf 82' lang='lat'>1611.</span> <span class='ocrx_word' id='word_1_240' title='bbox 445 2436 618 2480; x_wconf 54' lang='lat' dir='ltr'>Radere·</span> <span class='ocrx_word' id='word_1_241' title='bbox 640 2453 675 2480; x_wconf 92' lang='lat'>11</span> <span class='ocrx_word' id='word_1_242' title='bbox 694 2472 705 2491; x_wconf 79' lang='lat'><strong>‚</strong></span> <span class='ocrx_word' id='word_1_243' title='bbox 736 2437 917 2498; x_wconf 83' lang='lat' dir='ltr'>Ingolst.</span> <span class='ocrx_word' id='word_1_244' title='bbox 950 2437 1021 2480; x_wconf 89' lang='lat' dir='ltr'>fol.</span> 
     </span>
    </p>
   </div>
   <div class='ocr_carea' id='block_1_3' title="bbox 276 2505 1481 2568">
    <p class='ocr_par' dir='ltr' id='par_1_11' title="bbox 276 2505 1481 2568">
     <span class='ocr_line' id='line_1_33' title="bbox 276 2505 1481 2568; baseline 0 -18"><span class='ocrx_word' id='word_1_245' title='bbox 276 2505 416 2550; x_wconf 79' lang='lat'>1611.</span> <span class='ocrx_word' id='word_1_246' title='bbox 447 2508 665 2562; x_wconf 71' lang='lat' dir='ltr'>Getzevce,</span> <span class='ocrx_word' id='word_1_247' title='bbox 701 2510 743 2562; x_wconf 90' lang='grc'><strong>4.</strong></span> <span class='ocrx_word' id='word_1_248' title='bbox 772 2509 813 2551; x_wconf 92' lang='lat' dir='ltr'>in</span> <span class='ocrx_word' id='word_1_249' title='bbox 844 2524 963 2568; x_wconf 86' lang='lat' dir='ltr'>corp.</span> <span class='ocrx_word' id='word_1_250' title='bbox 993 2517 1107 2568; x_wconf 87' lang='lat' dir='ltr'>poet.</span> <span class='ocrx_word' id='word_1_251' title='bbox 1145 2509 1286 2551; x_wconf 84' lang='lat' dir='ltr'>Latin.</span> <span class='ocrx_word' id='word_1_252' title='bbox 1321 2507 1399 2552; x_wconf 86' lang='lat' dir='ltr'>Ed.</span> <span class='ocrx_word' id='word_1_253' title='bbox 1431 2523 1481 2551; x_wconf 90' lang='lat'>11.</span> 
     </span>
    </p>
   </div>
   <div class='ocr_carea' id='block_1_4' title="bbox 254 2650 1540 2694">
    <p class='ocr_par' dir='ltr' id='par_1_12' title="bbox 254 2650 1540 2694">
     <span class='ocr_line' id='line_1_34' title="bbox 254 2650 1540 2694; baseline 0.002 -13"><span class='ocrx_word' id='word_1_254' title='bbox 254 2661 281 2681; x_wconf 95' lang='lat'>1.</span> <span class='ocrx_word' id='word_1_255' title='bbox 304 2652 408 2693; x_wconf 74' lang='lat'>1609.</span> <span class='ocrx_word' id='word_1_256' title='bbox 426 2650 591 2694; x_wconf 73' lang='lat' dir='ltr'>Lugduni,</span> <span class='ocrx_word' id='word_1_257' title='bbox 616 2651 787 2689; x_wconf 66' lang='lat' dir='ltr'>Mor-illua,</span> <span class='ocrx_word' id='word_1_258' title='bbox 813 2655 871 2690; x_wconf 51' lang='lat'>24.</span> <span class='ocrx_word' id='word_1_259' title='bbox 893 2663 932 2683; x_wconf 83' lang='lat' dir='ltr'>cx</span> <span class='ocrx_word' id='word_1_260' title='bbox 958 2651 1161 2684; x_wconf 79' lang='lat' dir='ltr'>recensione</span> <span class='ocrx_word' id='word_1_261' title='bbox 1185 2650 1336 2684; x_wconf 83' lang='lat' dir='ltr'>Andreae</span> <span class='ocrx_word' id='word_1_262' title='bbox 1359 2650 1486 2684; x_wconf 80' lang='lat' dir='ltr'>Frusii.</span> <span class='ocrx_word' id='word_1_263' title='bbox 1502 2651 1540 2683; x_wconf 81' lang='lat' dir='ltr'>B,</span> 
     </span>
    </p>
   </div>
  </div>
 </body>
</html>
