2061 3288
483 236 1070 282 EPIGRAMMATUM
1109 236 1171 278 Ll
1189 236 1233 278 B.
1274 236 1337 278 ΙΙ.

1514 235 1613 281 215

801 375 994 434 XLV.

713 535 780 563 AD
819 533 1094 563 GLYPTUM.

266 661 382 716 QUAE
408 658 485 702 tibi
512 675 600 702 non
627 658 791 714 stabat,
817 660 995 720 praecisa
1021 668 1087 702 est
1108 657 1325 713 mentula,
1353 658 1526 720 Glypteff

334 731 527 774 Demens
543 765 555 785 ‚
578 746 677 774 cum
703 729 818 774 ferro
844 729 948 791 quid
975 727 1082 773 tibi?
1108 727 1260 774 Gallus
1289 746 1396 774 eras.

250 881 282 902 ².
311 869 447 902 Demens
476 883 543 902 cum
579 878 657 902 testa
685 870 763 916 quid
788 869 872 903 tibi?

194 922 342 967 margini
362 922 577 969 adscriptum
599 923 704 956 habet
725 924 746 956 J
750 923 872 956 untina

195 983 327 1009 nostra.
360 976 436 1010 Hoc
460 975 596 1010 redolet
617 977 788 1022 glossam3
812 976 869 1010 Sa-

193 1028 262 1061 mia
282 1042 435 1075 namque
456 1038 542 1063 testa
560 1029 682 1063 Gallos
703 1030 771 1063 sibi
786 1029 870 1063 viri-

190 1081 325 1115 litatem
356 1083 504 1116 secuisse
534 1082 642 1117 tradit
665 1083 794 1117 Coelius
815 1095 869 1129 ap.

192 1134 284 1168 Plin.
306 1148 410 1175 xxxv,
442 1149 500 1170 12.
535 1137 589 1171 Cf.
618 1136 723 1171 etlam
744 1137 870 1170 Juven.

193 1186 262 1221 Sat.
279 1189 355 1230 VI,
378 1190 396 1222 5
408 1194 469 1232 14;
491 1189 617 1223 Catull.
638 1203 729 1223 Lx111
745 1216 754 1231 ‚
776 1192 795 1224 5
809 1216 819 1231 ‚
838 1198 871 1223 et

194 1241 300 1274 Ovid.
318 1242 405 1275 Fast.
428 1243 492 1285 IV,
513 1243 583 1287 237
602 1255 610 1276 ε
627 1243 688 1276 ubi
710 1251 872 1276 narratur

193 1293 290 1328 unde
309 1295 480 1340 originem
500 1296 614 1330 trahat
627 1296 701 1330 liaec
710 1297 868 1330 resectio.

933 870 1002 903 Eos
1022 877 1136 904 tamen
1152 871 1243 913 ferro
1266 870 1331 903 sibi
1353 869 1468 904 virilia
1490 883 1615 917 ampu-

934 931 1040 965 tasse,
1059 922 1243 956 contendit
1265 924 1422 958 Lactant.
1440 925 1487 966 V,
1509 936 1544 968 9.
1560 946 1613 951 —-

936 976 1064 1011 Gallus.
1088 977 1180 1010 Galli
1210 976 1406 1010 sacerdotes
1436 977 1586 1022 Cybeles
1604 1004 1613 1019 ‚

932 1030 1045 1063 Samia
1076 1038 1164 1064 testa
1189 1030 1255 1064 sibi
1284 1031 1488 1064 resecabant
1515 1031 1614 1076 geni-

931 1084 1012 1117 talia
1032 1095 1041 1116 :
1069 1092 1103 1117 at
1128 1096 1202 1117 non
1222 1082 1345 1117 debuit
1371 1083 1525 1130 Glyptus
1545 1084 1611 1117 sibi

930 1135 1122 1182 praecidere
1142 1137 1355 1179 nientulain3
1377 1150 1487 1182 quum
1510 1146 1613 1171 natu-

930 1190 996 1224 rali
1016 1202 1163 1223 munere
1182 1203 1255 1223 non
1275 1198 1452 1231 uteretur,
1472 1199 1612 1235 poterat-

931 1243 1118 1288 praecisuni
1137 1244 1344 1278 existimare.
1358 1242 1442 1277 Vid.
1457 1244 1516 1277 lib.
1539 1244 1611 1285 ΙΙΙ,

931 1297 1141 1342 epigramma
1162 1309 1279 1330 Lxxm.

779 1430 1017 1488 XLVL

683 1577 737 1605 IN
786 1576 1076 1606 NAEVOLUM.
1097 1555 1115 1573 ⁴⁶

260 1705 474 1748 FLoruDA
500 1721 579 1765 per
605 1705 747 1749 varios
774 1715 821 1748 ut
846 1706 1042 1766 pingitur
1069 1702 1209 1765 Hybla
1241 1703 1431 1759 colorcs‚

332 1776 482 1832 Quum
510 1775 643 1818 breve
669 1776 848 1819 Sicaniae
873 1792 951 1819 ver
975 1775 1244 1836 populantur
1269 1791 1397 1836 apes;

262 1845 332 1889 Sic
357 1855 432 1889 tua
453 1846 690 1906 suppositis
717 1845 938 1904 pellucent
965 1845 1090 1906 prela
1115 1845 1299 1890 lacernis
1323 1863 1331 1888 :

243 1979 257 1994 ⁴'
268 1985 344 2018 Hoc
358 1985 606 2031 epigrammate
617 1984 773 2030 carpitur
789 1984 867 2018 Nae-

191 2038 289 2071 volus
306 2037 466 2083 quidam,
489 2046 528 2071 ut
549 2037 729 2071 Candidus
748 2038 805 2071 ille
824 2037 868 2071 de

191 2103 261 2136 quo
294 2091 402 2136 epigr.
430 2104 514 2124 xnv
551 2100 585 2124 et
617 2103 709 2124 XLIII
738 2090 868 2136 duplex

191 2144 348 2184 mentio,
371 2145 513 2177 nomine
543 2157 614 2177 non
648 2157 686 2178 re
712 2145 868 2186 amicus3

191 2197 251 2242 qui
263 2207 272 2238 ‚⁴
286 2197 322 2229 in
341 2197 473 2242 magnis
487 2198 791 2243 locupletibusque
808 2210 866 2230 co-

190 2250 257 2295 piis
279 2249 412 2295 positus
425 2277 433 2290 ‚
450 2263 526 2283 suas
550 2250 613 2283 sibi
636 2250 698 2283 uui
717 2251 868 2285 habebat

191 2315 275 2348 opes
289 2325 297 2341 ,
324 2303 358 2335 in
380 2302 512 2336 sodales
534 2311 604 2337 tam
629 2302 740 2336 durus
760 2312 792 2336 et
811 2303 866 2336 in-

190 2356 383 2396 humanus,
405 2364 445 2389 ut
466 2363 577 2388 vestes
598 2356 799 2390 innumeras
823 2357 866 2389 ti-

189 2409 263 2442 neis
275 2409 391 2442 mallet
401 2409 600 2454 relinquere
616 2408 866 2454 depascendas,

189 2475 295 2508 quam
313 2462 430 2495 amicis
451 2462 567 2507 largiri
585 2461 780 2495 induendas
800 2475 866 2496 nu-

189 2514 242 2548 dis
258 2524 292 2548 et
313 2516 517 2560 algentibus.
534 2515 600 2548 En.

247 2580 277 2601 Ι.
298 2569 433 2601 Florida
451 2582 510 2612 ster
532 2570 642 2600 -υανὶας
666 2568 717 2600 zahi
740 2569 866 2601 Bever-

190 2619 284 2654 laudi
301 2621 375 2654 MS.
392 2642 445 2648 --
464 2621 598 2655 Florida
611 2648 620 2662 ,
643 2629 708 2654 etc.
732 2621 865 2662 Quem-

191 2672 376 2707 admodum
409 2674 584 2708 innumeri
618 2683 701 2708 sunt
733 2675 865 2708 colores

929 1984 1055 2017 florum
1077 1997 1163 2029 quos
1180 1983 1283 2021 *brevi
1306 1984 1497 2017 morituros
1521 1996 1607 2029 prae-

928 2036 1057 2070 dantur
1081 2050 1192 2083 prope
1211 2037 1335 2070 urbem
1356 2037 1506 2083 Hyblam
1525 2049 1604 2082 apes

928 2090 1089 2129 Sicaniae,
1111 2091 1160 2123 sic
1178 2090 1355 2123 innumeri
1375 2099 1455 2123 sunt
1473 2090 1607 2123 colores

928 2144 1076 2177 vestium
1098 2143 1329 2189 pretiosarum
1355 2155 1438 2188 quas
1469 2143 1505 2176 in
1525 2155 1606 2189 pre-

928 2197 969 2230 lis
1000 2196 1043 2230 ad
1063 2197 1215 2231 nitorem
1231 2209 1383 2242 pressas,
1401 2196 1457 2229 vel
1479 2208 1604 2229 recon-

927 2249 1017 2283 ditas
1027 2250 1062 2283 in
1074 2250 1200 2283 arculis
1209 2250 1324 2282 habes.
1336 2250 1402 2282 ΕΒ.
1414 2270 1465 2275 ——
1480 2249 1603 2295 Hybla.

926 2302 1052 2336 Siciliae
1080 2304 1163 2336 urbs
1191 2311 1225 2335 et
1248 2315 1369 2343 mous,
1396 2301 1542 2335 floribus
1570 2311 1605 2335 et

927 2357 1046 2401 apibus
1068 2357 1242 2401 frequens.

983 2422 1015 2442 2.
1035 2410 1139 2453 Quum
1151 2409 1237 2441 breve
1247 2408 1403 2448 Sicaniae,
1420 2416 1484 2440 ete.
1504 2407 1603 2441 Idem

927 2462 999 2495 fere
1016 2475 1138 2495 versus
1155 2471 1203 2495 est
1216 2488 1224 2502 ‚
1237 2461 1299 2494 lib.
1314 2461 1366 2493 IX
1378 2487 1387 2501 ‚
1404 2461 1514 2506 epigr.
1528 2473 1602 2501 nv,

926 2528 957 2546 v.
985 2528 1017 2548 2.
1041 2538 1093 2542 —
1123 2516 1222 2548 Breve
1247 2527 1315 2547 ver.
1341 2514 1367 2546 F
1370 2514 1460 2548 lores
1478 2528 1604 2548 vernos

926 2568 1096 2602 brevioris
1116 2568 1235 2602 aetatis.

981 2621 1014 2655 3.
1042 2621 1229 2666 Cagnerius
1253 2621 1339 2666 legit
1357 2633 1399 2654 ex
1419 2621 1528 2654 veteri
1544 2633 1601 2653 co-

926 2673 1003 2708 dice
1029 2688 1036 2707 :
1068 2675 1121 2708 Sic
1149 2683 1201 2708 tna
1234 2676 1419 2719 compositus
1441 2673 1602 2720 perlucent

1309 2738 1393 2800 ιβ
