2061 3288
421 207 1012 254 EPIGRAMMATUM
1049 207 1175 251 LIB.
1213 206 1298 249 IV.

1477 202 1576 265 389

366 298 537 342 Nostris
562 298 651 342 otia
674 296 907 342 commoda
929 296 1160 341 Camoenis.

366 370 459 415 Nec
483 378 608 413 torva
634 367 729 430 lege
756 369 925 422 fronte,
952 366 1026 411 sed
1054 366 1232 411 remissa

369 440 564 485 Lascivis
589 439 786 484 madidos
807 439 917 500 jocis
941 435 1122 482 libellos.

368 511 440 555 Sic
470 510 619 555 forsan
649 521 771 555 tener
801 526 932 554 ausus
963 518 1027 553 est
1051 506 1248 553 Catullus

368 582 534 643 Magno
559 583 733 626 mittere
762 597 980 644 passerem
1003 579 1190 624 Maroni.

157 733 278 755 sensus
301 722 361 768 qui
383 722 485 756 nobis
503 721 584 756 ideo
605 723 757 755 maxime
776 734 836 755 ve-

157 774 311 808 risimilis
322 774 588 821 videtur‚quod
610 787 712 809 voces
735 778 836 808 incer-

158 831 198 861 tis
213 837 247 861 et
261 831 405 875 nequiore
421 828 522 862 nobis
539 837 632 863 certe
649 827 836 862 videantur

157 881 250 915 inter
265 894 301 915 se
315 882 495 928 oppositae.
513 882 581 915 En.
596 902 648 907 --
666 881 733 915 Sed
749 882 837 916 Bro-

157 932 253 967 daeus
270 934 456 981 legendum
478 944 593 969 censet
613 943 703 981 tropa
721 948 740 969 e
758 935 836 969 loco

156 988 309 1021 Pollucis
323 1014 332 1030 ‚
349 988 411 1023 lib.
424 989 489 1022 IX.
508 987 623 1022 «Ludi
636 1001 764 1035 genus,
781 989 835 1022 in-

157 1041 234 1086 quit
267 1042 417 1084 Pollux,
445 1054 521 1088 quae
556 1050 646 1087 tropa
677 1041 833 1082 dicitur,

157 1094 264 1140 vulgo
276 1094 316 1128 fit
330 1121 339 1136 ,
358 1095 434 1128 talis
449 1095 611 1129 immissis
623 1096 659 1128 in
675 1096 835 1129 scrobem

158 1146 202 1181 ad
215 1160 273 1181 eos
293 1147 478 1182 commode
496 1148 723 1194 excipiendos
738 1162 835 1182 com-

158 1209 324 1246 paratam.
342 1220 356 1233 »
386 1224 439 1228 »-
463 1202 532 1236 Alii
571 1203 691 1247 legunt
733 1209 803 1234 rota
822 1215 834 1235 .-

158 1253 315 1288 Raderus
339 1255 504 1300 intelligit
541 1255 655 1301 ipsum
681 1256 835 1298 fritillum

158 1306 227 1341 dici
247 1316 348 1341 rotam
361 1336 369 1349 ‚
393 1309 475 1354 quia
496 1307 670 1342 rotundus
692 1309 835 1343 fritillus

157 1361 254 1394 velut
272 1362 439 1395 turricula
454 1387 462 1403 ,
484 1374 525 1394 ex
547 1374 617 1406 qua
643 1362 737 1395 intus
758 1374 834 1407 gra-

159 1412 268 1447 datim
295 1427 415 1460 aspera
443 1415 502 1447 tali
539 1415 834 1448 excutiebantur:

159 1480 267 1512 quare
293 1476 409 1501 autem
431 1467 545 1509 dicat,
571 1471 715 1514 nequiore
740 1468 805 1500 talo
824 1494 832 1507 ‚

159 1533 231 1553 non
243 1521 329 1554 mihi
340 1529 561 1567 compertum
575 1530 625 1554 est
636 1548 644 1562 ‚
657 1522 723 1554 nisi
734 1522 836 1561 forte,

160 1573 256 1618 quod
273 1575 333 1607 tali
347 1574 563 1620 pruriginem
576 1575 735 1608 libidinis
749 1575 838 1608 exci-

161 1634 237 1659 tent
253 1652 263 1668 ,
287 1635 327 1661 ut
347 1627 450 1661 docet
471 1628 598 1661 Junius
611 1654 620 1668 ‚
648 1626 835 1661 Animadv.

161 1679 224 1714 lib.
245 1681 310 1722 IV,
327 1693 404 1726 cap.
427 1680 470 1713 13
486 1694 494 1722 ;
510 1689 543 1714 et
557 1681 618 1714 lib.
638 1682 673 1714 Π
685 1708 694 1722 ,
711 1694 784 1726 cap.
803 1686 838 1722 4,

162 1732 260 1777 quod
285 1734 360 1767 talis
381 1734 498 1767 lusum
521 1742 571 1767 est
586 1747 651 1779 pro
671 1735 835 1768 foeminis.

162 1786 373 1821 Ramiresius
390 1787 487 1821 hunc
505 1800 643 1820 versum
663 1801 681 1821 a
699 1788 840 1821 nemine

163 1839 400 1882 intellectum,
426 1848 465 1874 ut
494 1841 561 1882 ait,
586 1841 779 1887 intelligere
805 1853 840 1874 se

162 1902 263 1938 putat
286 1894 354 1928 hoc
369 1906 483 1928 sensu.
505 1895 618 1927 Rotam
635 1895 760 1940 accipit
774 1907 840 1940 pro

163 1959 293 1981 corona
318 1948 531 1988 aleatorum,
551 1960 655 1993 quam
677 1948 725 1982 sic
741 1956 843 1982 vocat

165 2000 333 2034 Martialis
359 2013 379 2034 a
405 2000 636 2034 similitudine
658 2010 840 2035 rotarum:

165 2052 331 2087 sedebant
348 2054 442 2087 enim
458 2054 623 2088 aleatores
637 2055 673 2087 in
695 2055 841 2088 orbibus

166 2118 253 2151 quos
274 2106 461 2152 cingebant
481 2120 601 2141 omnes
621 2108 765 2141 circum.
788 2130 841 2135 —

166 2159 323 2205 Nequiore
348 2160 423 2193 talo.
449 2160 526 2194 Hoc
549 2169 618 2202 est,
641 2162 716 2194 talis
734 2174 841 2194 manu

164 2212 263 2257 jactis
296 2213 371 2245 sine
402 2213 525 2246 fritillo
542 2240 552 2255 ,
579 2214 616 2246 in
646 2227 719 2260 quo
744 2215 841 2260 jactu

166 2276 288 2298 manus
317 2265 480 2311 improba
504 2267 776 2311 compositiones
808 2276 841 2301 et

167 2318 339 2363 nequitias
374 2327 511 2364 patrare
541 2329 653 2365 potest
669 2333 678 2362 3
716 2321 762 2353 ita
803 2329 843 2353 ut

169 2371 332 2405 aleatores
358 2372 437 2413 alii,
466 2380 503 2405 ut
525 2373 558 2405 in
583 2386 685 2407 versu
712 2386 841 2419 praece-

896 720 1012 762 denti,
1028 720 1158 754 fritillis
1171 727 1375 761 uterentur,
1394 717 1452 751 alii
1469 729 1574 750 manu

895 773 1072 808 luderent.
1096 771 1239 807 Judicet
1258 772 1380 806 lector.
1402 793 1455 798 -—
1481 771 1576 803 Talo.

895 828 1002 861 Talus
1033 835 1084 861 est
1114 825 1208 873 apud
1240 826 1384 859 Latinos
1415 837 1521 870 quem
1557 836 1575 856 a

896 881 1027 915 Graecis
1039 888 1166 914 vocant
1181 879 1402 926 astragalum.
1418 877 1553 911 Plinius
1565 903 1574 917 ‚

895 935 919 969 l.
940 935 1113 975 XXXIV,
1130 934 1192 967 ubi
1208 932 1380 980 Polycleti
1398 930 1576 965 meminit:

900 1006 914 1018 u
931 988 1027 1022 Fecit
1047 997 1080 1022 et
1103 987 1371 1032 distringentem
1396 997 1432 1019 se
1451 993 1485 1018 et
1509 997 1576 1017 nu-

895 1041 982 1075 dum
1000 1042 1069 1075 telo
1092 1040 1333 1081 incedentem,
1361 1047 1465 1084 atque
1487 1036 1575 1071 duos

894 1107 1022 1141 pueros
1044 1096 1127 1129 item
1148 1093 1263 1127 nudos
1291 1092 1368 1126 talis
1390 1091 1573 1130 ludentes;

895 1149 956 1194 qui
969 1156 1138 1182 vocantur
1152 1147 1455 1192 Astragalizontes.
1466 1163 1480 1174 »
1499 1144 1576 1177 Alia

893 1202 1060 1248 pleraque
1071 1228 1080 1244 ,
1094 1209 1135 1234 ut
1149 1201 1218 1234 hoc
1230 1201 1370 1247 probet,
1379 1197 1576 1232 testimonia

894 1254 1038 1289 adducit
1077 1254 1310 1300 Calcagninus
1345 1252 1389 1286 de
1424 1252 1575 1285 talorum

893 1307 990 1342 ludo.

952 1375 1006 1395 10.
1043 1362 1169 1395 Nostris
1200 1363 1265 1393 otia
1285 1387 1293 1399 ‚

895 1416 956 1448 otii
976 1415 1095 1448 tribue
1114 1412 1270 1459 legendis
1286 1410 1574 1445 111eisversiculis.

953 1480 1010 1501 12.
1034 1467 1194 1501 Madidos.
1218 1465 1464 1499 Liberioribus
1487 1464 1575 1509 jocis

895 1522 1035 1555 tinctos.

953 1587 967 1608 1
978 1575 1012 1608 3.
1028 1575 1138 1606 Tener.
1151 1574 1300 1619 Propter
1310 1572 1433 1605 molles
1444 1579 1478 1604 et
1489 1583 1577 1603 ama-

895 1628 1004 1662 torios
1021 1640 1154 1661 versus.
1169 1648 1222 1654 -
1233 1627 1341 1660 Ausus
1357 1633 1402 1657 est
1419 1625 1576 1657 Catullus.

897 1685 1011 1715 iEtate
1021 1680 1212 1726 Virgilium
1222 1679 1397 1726 praecessit
1407 1679 1579 1718 Catullus,

896 1736 994 1780 cujus
1013 1747 1118 1767 carm.
1139 1734 1192 1766 HI
1210 1741 1261 1766 est
1276 1732 1320 1766 de
1336 1744 1471 1778 passere
1487 1744 1582 1764 mor·

897 1797 961 1821 tuo
982 1788 1136 1828 Lesbiae3
1156 1786 1235 1820 ideo
1257 1799 1328 1820 nou
1357 1785 1473 1831 potuit
1495 1784 1576 1816 mit-

900 1849 972 1874 tere
986 1853 1126 1874 carmen
1138 1840 1303 1885 Virgilio,
1317 1838 1377 1872 sed
1391 1839 1458 1871 hoc
1475 1837 1577 1882 fingit

899 1895 1005 1928 Poeta
1021 1919 1031 1935 ‚
1053 1902 1092 1927 ut
1106 1906 1141 1927 se
1157 1905 1239 1926 cum
1256 1892 1398 1926 Catullo
1421 1891 1575 1936 :equipa-

899 1955 972 1989 ret,
992 1947 1119 1980 Silium
1148 1954 1264 1980 autem
1297 1958 1380 1978 cum
1407 1944 1577 1989 Virgilio,

900 2013 1003 2046 quem
1020 2000 1206 2045 diligenter
1223 1998 1379 2032 imitatus
1394 2006 1443 2031 est
1462 2022 1471 2036 ,
1493 2009 1579 2030 con-

901 2054 1000 2088 ferat.
1019 2055 1071 2087 De
1086 2065 1224 2099 passere
1242 2052 1371 2086 Catulli
1387 2077 1396 2092 ,
1414 2049 1494 2083 vide
1516 2051 1577 2083 lib.

901 2109 935 2148 I,
951 2107 1062 2153 epigr.
1082 2119 1165 2140 v111.
1183 2106 1305 2139 Mallet
1320 2105 1434 2151 legere
1454 2103 1578 2136 Schre-

903 2161 1011 2193 velius
1021 2186 1030 2202 ,
1043 2174 1136 2193 ansus
1147 2168 1178 2192 et
1192 2159 1350 2198 Catullus,
1364 2159 1430 2191 hac
1443 2165 1578 2189 mente:

901 2214 957 2247 Sic
978 2214 1069 2247 forte
1087 2214 1192 2247 etiam
1213 2212 1369 2246 Catullus
1387 2211 1414 2244 si
1437 2209 1578 2243 vixisset

902 2280 1037 2301 coaevus
1054 2266 1228 2311 Virgilio,
1250 2273 1289 2298 ut
1311 2265 1376 2297 tibi
1399 2276 1461 2307 rgo
1475 2289 1483 2303 ,
1514 2276 1576 2295 au-

1327 1367 1394 1392 etc.
1431 1355 1577 1402 Aliquid

903 2334 959 2354 sus
982 2321 1101 2353 fuisset
1127 2320 1265 2353 mittere
1297 2331 1377 2351 suos
1405 2316 1578 2350 bendeca-

904 2375 1065 2418 syllabos.
