2061 3288
447 237 1041 281 EPIGRAMMATUM
1079 239 1202 281 LIB.
1242 240 1274 281 Ι.

1476 238 1567 285 135

298 324 516 369 Labicana
543 323 626 368 levi
653 325 815 386 cespite
842 323 958 369 velat
983 325 1166 379 l1umus3

230 397 386 456 Accipe
416 412 504 439 non
531 396 690 439 Phario
721 396 920 441 nutantia
946 395 1141 458 pondera
1171 413 1297 451 saxo,

296 466 418 524 Quae‘
436 467 570 510 cineri
601 482 739 511 vanus
768 467 842 511 dat
872 468 1040 511 ruitura
1068 466 1216 524 labor;

229 536 313 581 Sed
344 536 517 598 fragiles
548 538 714 590 buxos,
737 547 780 582 et
808 555 967 600 opacas
994 537 1181 600 palmitis
1211 539 1412 593 umbras,
1560 561 1572 583 5

296 608 493 668 Quaeque
518 610 663 652 virent
686 607 890 670 lacrymis
920 609 1089 654 roscida
1115 619 1241 671 prata
1267 611 1386 653 meis.

296 755 375 804 Γῆς
407 750 641 805 Auginum
673 758 802 809 βῶλος
830 755 1076 814 ἐπημφίασε,

227 819 360 875 Λάζευ
386 826 430 867 οὐ
459 824 615 884 Παρίης
640 826 781 886 ὄγκους
807 820 973 886 λύγδοιο
989 860 1000 879 ‚
1032 832 1223 885 νεκροῖσιν

295 893 378 944 Οὒς
410 895 529 945 πόνος
563 897 763 955 ἦλέματος
795 893 907 946 τεῦξε
940 891 1238 957 μινυνθαδίους·

228 961 367 1015 Πύξου
404 960 448 1008 δὲ
484 961 715 1027 κλαδαρὰς,
747 966 1018 1028 φυλλάμπελοί
1051 986 1096 1011 τε
1128 968 1340 1018 σκιόεντα,

296 1036 379 1079 Καὶ
406 1041 602 1096 λειμῶνας
637 1039 743 1097 ἐμοῖς
772 1033 960 1100 δάκρυσιν
993 1039 1219 1099 ίκμαλέους.

211 1195 243 1213 2.
256 1181 339 1214 Ant.
357 1181 396 1214 de
410 1182 502 1227 Rooy
518 1183 713 1227 praetulerit
730 1184 813 1215 velet
825 1210 834 1223 ‚

157 1245 199 1266 ex
218 1242 382 1267 consueta
399 1235 488 1268 bene
505 1234 680 1268 defunctis
694 1247 839 1281 precan-

157 1285 194 1318 di
215 1287 374 1320 formula.
393 1287 452 1321 Sic
467 1287 557 1321 infra
574 1288 638 1322 lib.
660 1288 706 1328 V,
725 1289 835 1334 epigr.

157 1351 280 1379 xxxlv,
293 1353 327 1373 v.
347 1353 366 1385 9
383 1367 392 1382 ‚
410 1349 445 1373 et
460 1340 520 1373 lib.
537 1341 590 1374 IX
602 1366 612 1382 ,
628 1341 737 1386 epigr.
754 1354 836 1376 xxx.

160 1404 193 1425 v.
215 1405 251 1436 9.
266 1393 382 1434 Quam
402 1392 685 1427 emendationem
708 1395 836 1439 probat

162 1445 217 1478 vir
228 1445 372 1491 quidam
383 1445 507 1480 doctus
517 1472 526 1487 ‚
538 1446 573 1479 in
587 1447 687 1492 epist.
702 1447 780 1481 crit.
794 1446 838 1481 ad

160 1498 321 1531 eumdem
336 1500 772 1534 Antonium—Labicana
787 1501 839 1533 Ιιιι-

160 1565 238 1584 mus.
263 1553 332 1585 Via
353 1553 528 1586 Labicana
558 1552 657 1587 ducit
684 1567 702 1587 a
737 1563 838 1599 porta

159 1605 343 1650 Esquilina
367 1605 412 1639 ad
438 1606 607 1640 Labicum
630 1606 837 1640 mediterra-

162 1670 267 1690 neum
285 1658 372 1691 Latii
388 1671 534 1704 pagum3
550 1658 656 1693 hodie
673 1660 793 1693 Str-ada
806 1661 841 1692 di

164 1711 384 1744 lizlmontoue.
394 1733 439 1738 —-
452 1712 643 1757 Sepulchra
655 1715 752 1758 juxta
768 1714 839 1747 vias

162 1764 321 1808 publicas
330 1765 414 1810 poni
426 1765 533 1798 moris
544 1775 616 1799 erat
625 1791 634 1806 ‚
645 1775 684 1799 ut
697 1775 840 1810 praeter-

163 1825 284 1850 euntes
309 1816 586 1852 admonerentur
606 1819 839 1853 mortalitatis.

163 1891 214 1896 ——-
232 1871 309 1903 Levi
331 1874 454 1916 cespite.
484 1871 560 1904 Hoc
584 1881 656 1913 est,
683 1885 756 1905 non
785 1885 841 1905 su-

163 1923 273 1968 perbo
300 1924 437 1957 tumulo
453 1936 462 1965 ;
491 1925 545 1957 vel
570 1925 687 1970 potius
719 1924 842 1958 alludit

165 1974 209 2008 ad
225 1976 411 2009 formulam
430 1977 611 2022 antiquam
627 1978 661 2011 S.
684 1979 723 2010 T.
749 1979 788 2012 T.
806 1979 842 2012 L.

164 2028 233 2061 hoc
254 2037 323 2071 est,
339 2033 382 2062 sit
400 2031 456 2063 tibi
475 2038 558 2062 terra
573 2031 656 2064 levis.
678 2030 761 2064 Vid.
781 2032 843 2064 lib.

166 2082 212 2122 V,
230 2082 340 2126 epigr.
362 2095 485 2125 xxxw,
501 2096 534 2116 v.
553 2096 573 2126 9
595 2093 629 2117 et
654 2096 709 2117 10.

221 2135 256 2168 3.
276 2135 376 2168 Pario
391 2135 427 2168 in
443 2135 653 2181 quibusdam
669 2149 677 2170 :
698 2139 845 2170 nutantia

168 2186 205 2219 in
230 2188 328 2220 Junt.
352 2196 386 2221 et
403 2189 448 2222 ab
476 2189 618 2234 antiqua
639 2201 745 2222 manu
768 2203 845 2222 mu-

168 2248 278 2273 tatum
299 2241 335 2273 in
355 2242 523 2273 imitantia.
543 2262 594 2268 —-
613 2242 690 2275 Non
708 2244 841 2275 Phario.

169 2293 249 2326 Non
269 2292 469 2339 pyramides
481 2318 491 2335 ‚
511 2295 703 2333 obeliscos,
727 2303 761 2328 et
779 2304 846 2329 sta·

168 2354 242 2380 tuas
258 2372 266 2387 ‚
303 2346 432 2392 quibus
476 2348 631 2381 tumulos
675 2349 848 2382 ornabant

169 2399 338 2444 :Egyptii-
356 2399 449 2433 Vide
468 2400 531 2434 lib.
553 2405 665 2446 Spect.
685 2401 796 2446 epigr.
814 2414 847 2434 1:

174 2470 188 2481 «ι
201 2453 350 2486 Barbara
359 2452 583 2498 pyramidum
597 2479 606 2494 ‚
617 2462 680 2486 etc.
692 2472 703 2483 »
719 2455 848 2487 Pharos

170 2505 307 2539 colonia
321 2514 355 2539 et
369 2505 542 2552 oppidum
559 2507 701 2552 ,Egypti
713 2533 720 2548 ,
732 2508 768 2540 in
782 2507 850 2540 exi-

169 2570 235 2602 gua
260 2558 372 2592 insula
395 2572 506 2604 prope
528 2559 786 2593 Alexandriam.
808 2561 850 2593 In

171 2624 209 2644 ea
225 2611 336 2645 insula
351 2621 423 2645 erat
441 2613 561 2658 ingens
579 2614 682 2646 turris
694 2639 702 2653 ‚
719 2613 852 2646 Pharus

172 2662 315 2710 quoque
347 2664 437 2699 dicta
453 2693 461 2705 ,
496 2679 570 2711 quae
610 2667 851 2711 navigantibus

898 1184 966 1217 iter
985 1192 1277 1217 commonstraret
1300 1196 1339 1217 ac
1362 1192 1578 1230 portum.—

898 1237 967 1270 Alii
984 1237 1111 1282 legunt
1131 1237 1244 1271 Pario.
1266 1237 1372 1271 Paros
1394 1238 1506 1270 insula
1527 1245 1578 1270 est

897 1290 995 1334 AEgei
1014 1290 1118 1323 maris
1133 1315 1143 1331 ‚
1163 1290 1225 1323 ubi
1246 1303 1402 1324 marmor
1429 1290 1577 1336 insigne.

897 1363 949 1368 —
967 1343 1137 1376 Numana.
1158 1342 1320 1376 AEdificia
1343 1343 1507 1377 altissima
1526 1343 1577 1376 vi-

897 1394 1027 1428 dentur
1047 1404 1185 1429 nutare.

953 1453 985 1488 [2.
1009 1449 1092 1493 Quae
1116 1451 1214 1481 cineri
1234 1462 1334 1482 nanus
1357 1449 1378 1481 J
1383 1457 1457 1482 unt.
1487 1461 1578 1482 anno

903 1501 998 1535 1512
1017 1515 1025 1542 3
1048 1515 1149 1534 nanus
1171 1510 1206 1535 et
1225 1514 1329 1535 vanus
1350 1502 1477 1536 similia
1497 1512 1579 1536 sunt

897 1555 934 1587 iu
952 1553 1058 1588 codd.
1070 1555 1178 1600 antiq.
1190 1554 1283 1588 Vide
1297 1556 1419 1588 Burin.
1437 1554 1481 1588 ad
1495 1556 1582 1589 Pro-

895 1616 986 1652 pert.
1008 1609 1071 1646 IV,
1097 1622 1137 1651 ς),
1158 1607 1217 1642 33.

953 1660 986 1694 5.
1012 1660 1078 1694 Sed
1090 1661 1229 1705 fragiles
1248 1660 1359 1694 buxos.
1385 1660 1580 1706 Sepulchra

899 1713 1170 1759 designabantur
1184 1714 1220 1747 in
1237 1714 1345 1759 agris,
1362 1722 1397 1747 et
1410 1714 1445 1746 in
1463 1714 1581 1747 fronte

899 1767 1096 1812 ponebatur
1109 1767 1267 1812 scriptio,
1284 1779 1362 1813 quae
1382 1768 1581 1801 contineret

899 1819 1120 1853 latitudinem
1154 1828 1188 1852 et
1223 1820 1483 1865 longitudinem
1515 1821 1581 1853 soli

901 1873 1087 1918 sepulchro
1109 1871 1292 1912 destinati,
1314 1872 1410 1918 quod
1429 1874 1583 1919 spatium

901 1926 965 1958 soli
985 1938 1123 1958 sacrum
1142 1934 1226 1959 erat.
1247 1924 1360 1965 (Vid.
1380 1926 1504 1960 Horat.
1520 1926 1582 1959 lib.

902 1979 939 2019 Ι,
958 1987 1019 2011 sat.
1037 1980 1056 2012 8
1070 2004 1079 2020 ,
1098 1992 1129 2011 v.
1153 1991 1208 2011 10.
1226 1973 1240 2019 )
1258 1979 1299 2010 In
1315 1978 1384 2012 hoc
1395 1979 1505 2023 spatio
1519 1979 1584 2012 eri-

902 2032 1074 2076 gebantur
1092 2031 1260 2071 obelisci,
1280 2032 1336 2064 vel
1364 2032 1585 2076 ponebantur

903 2086 1044 2117 arbores
1062 2083 1104 2116 ad
1121 2083 1382 2117 decorationem
1399 2084 1467 2117 loci
1485 2092 1492 2113 :
1508 2093 1584 2118 tum

903 2137 1124 2182 potissimum
1139 2137 1205 2170 illae
1222 2149 1298 2182 quae
1312 2146 1519 2182 perpetuam
1535 2151 1588 2171 re-

903 2191 1018 2223 tinent
1033 2188 1246 2224 viriditatem
1258 2216 1267 2231 ,
1281 2190 1366 2223 buxi
1381 2216 1390 2231 ,
1403 2190 1494 2223 lauri
1507 2216 1517 2232 ,
1529 2203 1588 2223 cu-

904 2243 1036 2288 pressi;
1060 2243 1129 2276 hoc
1158 2242 1317 2276 felicibus
1344 2243 1480 2276 umbris
1504 2255 1587 2276 con-

906 2297 1028 2329 venire
1047 2295 1281 2335 credebatur,
1310 2295 1482 2341 floresque
1507 2295 1587 2329 ideo

906 2349 1116 2382 serebantur
1129 2374 1139 2387 ,
1162 2348 1224 2394 qui
1245 2348 1379 2382 diutius
1399 2348 1586 2382 durabant.

962 2406 994 2436 6.
1009 2403 1050 2434 In
1062 2402 1204 2446 antIqua
1220 2402 1264 2435 Η.
1282 2401 1423 2435 Buschii
1433 2401 1588 2435 editione

907 2456 1033 2499 legitur
1045 2481 1054 2495 ‚
1084 2454 1211 2487 humida
1245 2463 1329 2487 certa
1365 2456 1438 2487 meis
1452 2469 1464 2494 ‚·
1493 2453 1588 2488 unde

910 2517 991 2540 serta
1013 2508 1219 2552 conjiciebat
1244 2508 1476 2550 Arntzenius,
1505 2520 1588 2553 pro-

912 2562 1018 2594 fessor
1059 2570 1093 2594 et
1122 2561 1384 2606 gymnasiarcha
1415 2561 1588 2606 Zutphan.

914 2615 968 2647 Cf.
1003 2613 1109 2647 Ovid.
1141 2614 1250 2648 Trist.
1278 2615 1352 2655 III,
1387 2613 1426 2655 3,
1461 2617 1529 2654 82,
1555 2622 1589 2647 et

913 2667 1043 2701 Tibull.
1084 2668 1143 2707 ΙΙ,
1177 2680 1219 2711 7,

1263 2671 1318 2707 14,
1359 2667 1422 2699 Ed.
1457 2668 1591 2700 Ferrar,

1370 2737 1382 2755 >l

1323 2754 1352 2798 ἕ)
