<?xml version="1.0" encoding="UTF-8"?>
<!DOCTYPE html PUBLIC "-//W3C//DTD XHTML 1.0 Transitional//EN"
    "http://www.w3.org/TR/xhtml1/DTD/xhtml1-transitional.dtd">
<html xmlns="http://www.w3.org/1999/xhtml" xml:lang="en" lang="en">
 <head>
  <title>
</title>
<meta http-equiv="Content-Type" content="text/html;charset=utf-8" />
  <meta name='ocr-system' content='tesseract 3.04.00' />
  <meta name='ocr-capabilities' content='ocr_page ocr_carea ocr_par ocr_line ocrx_word'/>
</head>
<body>
  <div class='ocr_page' id='page_1' title='image "./epigrammata01martuoft_0363.png"; bbox 0 0 2061 3288; ppageno 0'>
   <div class='ocr_carea' id='block_1_1' title="bbox 485 231 1335 299">
    <p class='ocr_par' dir='ltr' id='par_1_1' title="bbox 485 231 1335 299">
     <span class='ocr_line' id='line_1_1' title="bbox 485 231 1335 299; baseline -0.002 -24"><span class='ocrx_word' id='word_1_1' title='bbox 485 231 1069 276; x_wconf 81' lang='lat' dir='ltr'><strong>EPIGRAMMATUM</strong></span> <span class='ocrx_word' id='word_1_2' title='bbox 1107 231 1232 274; x_wconf 92' lang='lat' dir='ltr'><strong>LIB.</strong></span> <span class='ocrx_word' id='word_1_3' title='bbox 1272 232 1335 299; x_wconf 31' lang='grc' dir='ltr'>ΙΙ..</span> 
     </span>
    </p>
   </div>
   <div class='ocr_carea' id='block_1_2' title="bbox 1524 247 1612 291">
    <p class='ocr_par' dir='ltr' id='par_1_2' title="bbox 1524 247 1612 291">
     <span class='ocr_line' id='line_1_2' title="bbox 1524 247 1612 291; baseline 0 0"><span class='ocrx_word' id='word_1_4' title='bbox 1524 247 1612 291; x_wconf 78' lang='lat'>¹97</span> 
     </span>
    </p>
   </div>
   <div class='ocr_carea' id='block_1_3' title="bbox 808 382 1015 438">
    <p class='ocr_par' dir='ltr' id='par_1_3' title="bbox 808 382 1015 438">
     <span class='ocr_line' id='line_1_3' title="bbox 808 382 1015 438; baseline 0.005 -1"><span class='ocrx_word' id='word_1_5' title='bbox 808 382 1015 438; x_wconf 86' lang='lat' dir='ltr'><strong>XXX.</strong></span> 
     </span>
    </p>
   </div>
   <div class='ocr_carea' id='block_1_4' title="bbox 482 519 1341 579">
    <p class='ocr_par' dir='ltr' id='par_1_4' title="bbox 482 519 1341 579">
     <span class='ocr_line' id='line_1_4' title="bbox 482 519 1341 579; baseline -0.001 -11"><span class='ocrx_word' id='word_1_6' title='bbox 482 540 535 568; x_wconf 82' lang='grc' dir='ltr'>ΙΝ</span> <span class='ocrx_word' id='word_1_7' title='bbox 576 539 773 579; x_wconf 79' lang='lat' dir='ltr'>CAIUM,</span> <span class='ocrx_word' id='word_1_8' title='bbox 813 539 1030 568; x_wconf 76' lang='lat' dir='ltr'>AVARUM</span> <span class='ocrx_word' id='word_1_9' title='bbox 1070 519 1341 568; x_wconf 52' lang='lat' dir='ltr'>AMICUM.⁴1</span> 
     </span>
    </p>
   </div>
   <div class='ocr_carea' id='block_1_5' title="bbox 272 663 1367 1080">
    <p class='ocr_par' dir='ltr' id='par_1_5' title="bbox 275 663 1367 796">
     <span class='ocr_line' id='line_1_5' title="bbox 275 663 1265 725; baseline -0.002 -17"><span class='ocrx_word' id='word_1_10' title='bbox 275 665 452 708; x_wconf 82' lang='lat' dir='ltr'>Mu&#39;rUA</span> <span class='ocrx_word' id='word_1_11' title='bbox 483 664 636 725; x_wconf 83' lang='lat' dir='ltr'>viginti</span> <span class='ocrx_word' id='word_1_12' title='bbox 669 664 862 708; x_wconf 85' lang='lat' dir='ltr'>sestertia</span> <span class='ocrx_word' id='word_1_13' title='bbox 889 663 1001 708; x_wconf 85' lang='lat' dir='ltr'>forte</span> <span class='ocrx_word' id='word_1_14' title='bbox 1033 663 1265 723; x_wconf 80' lang='lat' dir='ltr'>rogabam,</span> 
     </span>
     <span class='ocr_line' id='line_1_6' title="bbox 342 734 1367 796; baseline 0 -18"><span class='ocrx_word' id='word_1_15' title='bbox 342 736 453 792; x_wconf 80' lang='lat' dir='ltr'>Quae</span> <span class='ocrx_word' id='word_1_16' title='bbox 480 734 546 778; x_wconf 88' lang='lat' dir='ltr'>vel</span> <span class='ocrx_word' id='word_1_17' title='bbox 573 735 752 779; x_wconf 83' lang='lat' dir='ltr'>donanti</span> <span class='ocrx_word' id='word_1_18' title='bbox 783 752 871 779; x_wconf 91' lang='lat' dir='ltr'>non</span> <span class='ocrx_word' id='word_1_19' title='bbox 902 750 1034 796; x_wconf 84' lang='lat' dir='ltr'>grave</span> <span class='ocrx_word' id='word_1_20' title='bbox 1062 751 1219 778; x_wconf 86' lang='lat' dir='ltr'>munus</span> <span class='ocrx_word' id='word_1_21' title='bbox 1247 745 1367 779; x_wconf 87' lang='lat' dir='ltr'>erat:</span> 
     </span>
    </p>

    <p class='ocr_par' dir='ltr' id='par_1_6' title="bbox 272 805 1365 938">
     <span class='ocr_line' id='line_1_7' title="bbox 272 805 1365 867; baseline 0.002 -19"><span class='ocrx_word' id='word_1_22' title='bbox 272 806 447 866; x_wconf 81' lang='lat' dir='ltr'>Quippe</span> <span class='ocrx_word' id='word_1_23' title='bbox 478 807 714 867; x_wconf 79' lang='lat' dir='ltr'>rogabatur</span> <span class='ocrx_word' id='word_1_24' title='bbox 740 805 926 867; x_wconf 81' lang='lat' dir='ltr'><strong>felixque</strong></span> <span class='ocrx_word' id='word_1_25' title='bbox 948 814 1158 866; x_wconf 85' lang='lat' dir='ltr'>vetusque</span> <span class='ocrx_word' id='word_1_26' title='bbox 1182 805 1365 860; x_wconf 81' lang='lat' dir='ltr'>sodalis,</span> 
     </span>
     <span class='ocr_line' id='line_1_8' title="bbox 344 876 1161 938; baseline 0 -18"><span class='ocrx_word' id='word_1_27' title='bbox 344 878 400 920; x_wconf 79' lang='lat' dir='ltr'>Et</span> <span class='ocrx_word' id='word_1_28' title='bbox 425 878 547 938; x_wconf 85' lang='lat' dir='ltr'>cujus</span> <span class='ocrx_word' id='word_1_29' title='bbox 573 877 688 921; x_wconf 79' lang='lat' dir='ltr'>laxas</span> <span class='ocrx_word' id='word_1_30' title='bbox 708 893 809 922; x_wconf 87' lang='lat' dir='ltr'>arca</span> <span class='ocrx_word' id='word_1_31' title='bbox 831 876 1021 938; x_wconf 80' lang='lat' dir='ltr'>flagellat</span> <span class='ocrx_word' id='word_1_32' title='bbox 1042 893 1161 937; x_wconf 89' lang='lat' dir='ltr'>opes.</span> 
     </span>
    </p>

    <p class='ocr_par' dir='ltr' id='par_1_7' title="bbox 273 947 1359 1080">
     <span class='ocr_line' id='line_1_9' title="bbox 273 947 1359 1008; baseline 0 -18"><span class='ocrx_word' id='word_1_33' title='bbox 273 949 316 990; x_wconf 79' lang='lat' dir='ltr'>Is</span> <span class='ocrx_word' id='word_1_34' title='bbox 343 947 447 991; x_wconf 89' lang='lat' dir='ltr'>mihi</span> <span class='ocrx_word' id='word_1_35' title='bbox 465 983 476 1002; x_wconf 90' lang='lat'>,</span> <span class='ocrx_word' id='word_1_36' title='bbox 500 949 634 992; x_wconf 86' lang='lat' dir='ltr'>Dives</span> <span class='ocrx_word' id='word_1_37' title='bbox 656 949 739 992; x_wconf 88' lang='lat' dir='ltr'>eris</span> <span class='ocrx_word' id='word_1_38' title='bbox 754 984 765 1002; x_wconf 87' lang='lat'>,</span> <span class='ocrx_word' id='word_1_39' title='bbox 791 950 825 992; x_wconf 89' lang='lat' dir='ltr'>si</span> <span class='ocrx_word' id='word_1_40' title='bbox 848 964 997 993; x_wconf 84' lang='lat' dir='ltr'>causas</span> <span class='ocrx_word' id='word_1_41' title='bbox 1019 948 1158 1008; x_wconf 82' lang='lat' dir='ltr'>egeris</span> <span class='ocrx_word' id='word_1_42' title='bbox 1173 984 1184 1002; x_wconf 92' lang='lat'>,</span> <span class='ocrx_word' id='word_1_43' title='bbox 1207 948 1359 1008; x_wconf 85' lang='lat' dir='ltr'>inquit.</span> 
     </span>
     <span class='ocr_line' id='line_1_10' title="bbox 343 1017 1351 1080; baseline 0.001 -19"><span class='ocrx_word' id='word_1_44' title='bbox 343 1018 475 1076; x_wconf 82' lang='lat' dir='ltr'>Quod</span> <span class='ocrx_word' id='word_1_45' title='bbox 507 1029 607 1079; x_wconf 90' lang='lat' dir='ltr'>peto</span> <span class='ocrx_word' id='word_1_46' title='bbox 635 1019 713 1075; x_wconf 85' lang='lat' dir='ltr'>da,</span> <span class='ocrx_word' id='word_1_47' title='bbox 738 1020 817 1064; x_wconf 89' lang='lat' dir='ltr'>Cai</span> <span class='ocrx_word' id='word_1_48' title='bbox 839 1036 847 1062; x_wconf 92' lang='lat'>:</span> <span class='ocrx_word' id='word_1_49' title='bbox 873 1035 960 1064; x_wconf 89' lang='lat' dir='ltr'>non</span> <span class='ocrx_word' id='word_1_50' title='bbox 983 1028 1084 1080; x_wconf 89' lang='lat' dir='ltr'>peto</span> <span class='ocrx_word' id='word_1_51' title='bbox 1108 1017 1351 1062; x_wconf 88' lang='lat' dir='ltr'>eonsilium.</span> 
     </span>
    </p>
   </div>
   <div class='ocr_carea' id='block_1_6' title="bbox 205 1156 892 2570">
    <p class='ocr_par' dir='ltr' id='par_1_8' title="bbox 205 1156 883 1524">
     <span class='ocr_line' id='line_1_11' title="bbox 259 1156 881 1204; baseline 0.003 -14"><span class='ocrx_word' id='word_1_52' title='bbox 259 1156 273 1169; x_wconf 82' lang='lat'><em>*</em></span> <span class='ocrx_word' id='word_1_53' title='bbox 295 1158 534 1204; x_wconf 85' lang='lat' dir='ltr'>Reprehendit</span> <span class='ocrx_word' id='word_1_54' title='bbox 557 1159 681 1193; x_wconf 87' lang='lat' dir='ltr'>Caium</span> <span class='ocrx_word' id='word_1_55' title='bbox 705 1167 745 1193; x_wconf 85' lang='lat' dir='ltr'>ut</span> <span class='ocrx_word' id='word_1_56' title='bbox 767 1159 881 1192; x_wconf 84' lang='lat' dir='ltr'>illibe-</span> 
     </span>
     <span class='ocr_line' id='line_1_12' title="bbox 205 1211 881 1257; baseline 0.003 -14"><span class='ocrx_word' id='word_1_57' title='bbox 205 1211 311 1244; x_wconf 85' lang='lat' dir='ltr'>ralem</span> <span class='ocrx_word' id='word_1_58' title='bbox 342 1220 376 1245; x_wconf 88' lang='lat' dir='ltr'>et</span> <span class='ocrx_word' id='word_1_59' title='bbox 410 1225 533 1257; x_wconf 85' lang='lat' dir='ltr'>parum</span> <span class='ocrx_word' id='word_1_60' title='bbox 566 1213 630 1246; x_wconf 89' lang='lat' dir='ltr'>sibi</span> <span class='ocrx_word' id='word_1_61' title='bbox 666 1213 702 1245; x_wconf 88' lang='lat' dir='ltr'>in</span> <span class='ocrx_word' id='word_1_62' title='bbox 732 1212 881 1246; x_wconf 85' lang='lat' dir='ltr'>amicitia</span> 
     </span>
     <span class='ocr_line' id='line_1_13' title="bbox 206 1263 883 1311; baseline 0.004 -15"><span class='ocrx_word' id='word_1_63' title='bbox 206 1263 478 1309; x_wconf 81' lang='lat' dir='ltr'>respondentem</span> <span class='ocrx_word' id='word_1_64' title='bbox 489 1292 497 1307; x_wconf 96' lang='lat'>,</span> <span class='ocrx_word' id='word_1_65' title='bbox 508 1266 567 1311; x_wconf 88' lang='lat' dir='ltr'>qui</span> <span class='ocrx_word' id='word_1_66' title='bbox 582 1279 750 1299; x_wconf 75' lang='lat' dir='ltr'>suminam</span> <span class='ocrx_word' id='word_1_67' title='bbox 764 1279 883 1311; x_wconf 83' lang='lat' dir='ltr'>quam-</span> 
     </span>
     <span class='ocr_line' id='line_1_14' title="bbox 205 1316 883 1364; baseline 0.001 -14"><span class='ocrx_word' id='word_1_68' title='bbox 205 1316 286 1350; x_wconf 86' lang='lat' dir='ltr'>dam</span> <span class='ocrx_word' id='word_1_69' title='bbox 300 1327 425 1351; x_wconf 82' lang='lat' dir='ltr'>mutuo</span> <span class='ocrx_word' id='word_1_70' title='bbox 437 1319 587 1364; x_wconf 80' lang='lat' dir='ltr'>petenti,</span> <span class='ocrx_word' id='word_1_71' title='bbox 601 1332 672 1352; x_wconf 89' lang='lat' dir='ltr'>non</span> <span class='ocrx_word' id='word_1_72' title='bbox 688 1319 883 1364; x_wconf 84' lang='lat' dir='ltr'>pecuniam,</span> 
     </span>
     <span class='ocr_line' id='line_1_15' title="bbox 206 1370 882 1417; baseline 0.003 -14"><span class='ocrx_word' id='word_1_73' title='bbox 206 1370 266 1404; x_wconf 85' lang='lat' dir='ltr'>sed</span> <span class='ocrx_word' id='word_1_74' title='bbox 275 1372 458 1404; x_wconf 87' lang='lat' dir='ltr'>consilium</span> <span class='ocrx_word' id='word_1_75' title='bbox 469 1371 625 1413; x_wconf 76' lang='lat' dir='ltr'>dederat,</span> <span class='ocrx_word' id='word_1_76' title='bbox 636 1384 706 1417; x_wconf 91' lang='lat' dir='ltr'>quo</span> <span class='ocrx_word' id='word_1_77' title='bbox 715 1371 882 1405; x_wconf 81' lang='lat' dir='ltr'><strong>ditescere</strong></span> 
     </span>
     <span class='ocr_line' id='line_1_16' title="bbox 206 1424 882 1470; baseline 0.001 -14"><span class='ocrx_word' id='word_1_78' title='bbox 206 1432 333 1469; x_wconf 90' lang='lat' dir='ltr'>posset.</span> <span class='ocrx_word' id='word_1_79' title='bbox 353 1446 405 1451; x_wconf 96' lang='lat'><strong>—</strong></span> <span class='ocrx_word' id='word_1_80' title='bbox 425 1426 531 1458; x_wconf 86' lang='lat' dir='ltr'>Jocus</span> <span class='ocrx_word' id='word_1_81' title='bbox 556 1425 613 1458; x_wconf 85' lang='grc'>1110</span> <span class='ocrx_word' id='word_1_82' title='bbox 639 1424 842 1470; x_wconf 84' lang='lat' dir='ltr'>desumptus</span> <span class='ocrx_word' id='word_1_83' title='bbox 865 1438 882 1458; x_wconf 86' lang='lat' dir='ltr'>a</span> 
     </span>
     <span class='ocr_line' id='line_1_17' title="bbox 207 1477 557 1524; baseline 0.009 -15"><span class='ocrx_word' id='word_1_84' title='bbox 207 1477 355 1519; x_wconf 79' lang='lat' dir='ltr'>Seneca,</span> <span class='ocrx_word' id='word_1_85' title='bbox 373 1478 472 1524; x_wconf 82' lang='lat' dir='ltr'>epist.</span> <span class='ocrx_word' id='word_1_86' title='bbox 498 1479 557 1519; x_wconf 69' lang='grc'>45.</span> 
     </span>
    </p>

    <p class='ocr_par' dir='ltr' id='par_1_9' title="bbox 207 1530 884 1723">
     <span class='ocr_line' id='line_1_18' title="bbox 264 1530 883 1571; baseline 0.002 -8"><span class='ocrx_word' id='word_1_87' title='bbox 264 1542 294 1564; x_wconf 90' lang='lat'>1.</span> <span class='ocrx_word' id='word_1_88' title='bbox 320 1531 420 1565; x_wconf 88' lang='lat' dir='ltr'>Junt.</span> <span class='ocrx_word' id='word_1_89' title='bbox 448 1544 528 1564; x_wconf 87' lang='lat' dir='ltr'>ann.</span> <span class='ocrx_word' id='word_1_90' title='bbox 566 1531 682 1571; x_wconf 81' lang='lat'>1512,</span> <span class='ocrx_word' id='word_1_91' title='bbox 710 1539 744 1564; x_wconf 89' lang='lat' dir='ltr'>et</span> <span class='ocrx_word' id='word_1_92' title='bbox 766 1530 883 1564; x_wconf 90' lang='lat' dir='ltr'>Colin.</span> 
     </span>
     <span class='ocr_line' id='line_1_19' title="bbox 207 1583 883 1625; baseline 0.003 -9"><span class='ocrx_word' id='word_1_93' title='bbox 207 1596 288 1617; x_wconf 85' lang='lat' dir='ltr'>ann.</span> <span class='ocrx_word' id='word_1_94' title='bbox 330 1583 424 1617; x_wconf 79' lang='lat'>1528</span> <span class='ocrx_word' id='word_1_95' title='bbox 441 1609 451 1625; x_wconf 91' lang='lat'>‚</span> <span class='ocrx_word' id='word_1_96' title='bbox 482 1585 612 1617; x_wconf 85' lang='lat' dir='ltr'>habent</span> <span class='ocrx_word' id='word_1_97' title='bbox 640 1586 800 1618; x_wconf 62' lang='lat' dir='ltr'>scu-tertia.</span> <span class='ocrx_word' id='word_1_98' title='bbox 831 1605 883 1610; x_wconf 90' lang='lat'>—</span> 
     </span>
     <span class='ocr_line' id='line_1_20' title="bbox 211 1637 884 1681; baseline 0.003 -13"><span class='ocrx_word' id='word_1_99' title='bbox 211 1637 338 1681; x_wconf 70' lang='lat' dir='ltr'>Viginti</span> <span class='ocrx_word' id='word_1_100' title='bbox 371 1640 522 1671; x_wconf 79' lang='lat' dir='ltr'>sestertia.</span> <span class='ocrx_word' id='word_1_101' title='bbox 558 1637 701 1671; x_wconf 77' lang='lat' dir='ltr'>Gallicae</span> <span class='ocrx_word' id='word_1_102' title='bbox 734 1645 884 1670; x_wconf 82' lang='lat' dir='ltr'>monetae</span> 
     </span>
     <span class='ocr_line' id='line_1_21' title="bbox 213 1690 479 1723; baseline 0.008 -2"><span class='ocrx_word' id='word_1_103' title='bbox 213 1701 309 1722; x_wconf 81' lang='lat'>2000</span> <span class='ocrx_word' id='word_1_104' title='bbox 330 1690 479 1723; x_wconf 81' lang='lat' dir='ltr'>francos.</span> 
     </span>
    </p>

    <p class='ocr_par' dir='ltr' id='par_1_10' title="bbox 209 1741 885 1947">
     <span class='ocr_line' id='line_1_22' title="bbox 265 1741 885 1787; baseline 0 -12"><span class='ocrx_word' id='word_1_105' title='bbox 265 1755 298 1776; x_wconf 78' lang='lat'>2.</span> <span class='ocrx_word' id='word_1_106' title='bbox 315 1741 519 1776; x_wconf 86' lang='lat' dir='ltr'>Beverlandi</span> <span class='ocrx_word' id='word_1_107' title='bbox 536 1742 610 1776; x_wconf 89' lang='lat' dir='ltr'>MS.</span> <span class='ocrx_word' id='word_1_108' title='bbox 624 1751 723 1776; x_wconf 80' lang='lat' dir='ltr'>erant.</span> <span class='ocrx_word' id='word_1_109' title='bbox 740 1764 789 1769; x_wconf 92' lang='lat'>—-</span> <span class='ocrx_word' id='word_1_110' title='bbox 803 1743 885 1787; x_wconf 72' lang='lat' dir='ltr'>Quoe</span> 
     </span>
     <span class='ocr_line' id='line_1_23' title="bbox 209 1795 885 1837; baseline 0.001 -10"><span class='ocrx_word' id='word_1_111' title='bbox 209 1795 264 1827; x_wconf 70' lang='lat' dir='ltr'>vel</span> <span class='ocrx_word' id='word_1_112' title='bbox 291 1795 434 1829; x_wconf 78' lang='lat' dir='ltr'><em>donanti.</em></span> <span class='ocrx_word' id='word_1_113' title='bbox 471 1796 583 1837; x_wconf 87' lang='lat' dir='ltr'>Quam</span> <span class='ocrx_word' id='word_1_114' title='bbox 625 1808 794 1829; x_wconf 80' lang='lat' dir='ltr'>summam</span> <span class='ocrx_word' id='word_1_115' title='bbox 831 1796 885 1829; x_wconf 85' lang='lat' dir='ltr'>vel</span> 
     </span>
     <span class='ocr_line' id='line_1_24' title="bbox 209 1847 885 1882; baseline 0 -1"><span class='ocrx_word' id='word_1_116' title='bbox 209 1848 296 1881; x_wconf 78' lang='lat' dir='ltr'>mihi</span> <span class='ocrx_word' id='word_1_117' title='bbox 324 1847 470 1882; x_wconf 79' lang='lat' dir='ltr'>donasse</span> <span class='ocrx_word' id='word_1_118' title='bbox 499 1861 572 1881; x_wconf 90' lang='lat' dir='ltr'>non</span> <span class='ocrx_word' id='word_1_119' title='bbox 600 1848 719 1881; x_wconf 90' lang='lat' dir='ltr'>fuisset</span> <span class='ocrx_word' id='word_1_120' title='bbox 748 1848 885 1881; x_wconf 86' lang='lat' dir='ltr'>homini</span> 
     </span>
     <span class='ocr_line' id='line_1_25' title="bbox 210 1900 771 1947; baseline 0 -13"><span class='ocrx_word' id='word_1_121' title='bbox 210 1909 280 1935; x_wconf 87' lang='lat' dir='ltr'>tam</span> <span class='ocrx_word' id='word_1_122' title='bbox 301 1900 403 1935; x_wconf 79' lang='lat' dir='ltr'>diviti</span> <span class='ocrx_word' id='word_1_123' title='bbox 420 1914 523 1947; x_wconf 84' lang='lat' dir='ltr'>grave</span> <span class='ocrx_word' id='word_1_124' title='bbox 539 1900 771 1947; x_wconf 85' lang='lat' dir='ltr'><strong>impendium.</strong></span> 
     </span>
    </p>

    <p class='ocr_par' dir='ltr' id='par_1_11' title="bbox 213 1953 890 2252">
     <span class='ocr_line' id='line_1_26' title="bbox 265 1953 886 2000; baseline -0.002 -13"><span class='ocrx_word' id='word_1_125' title='bbox 265 1954 298 1988; x_wconf 85' lang='lat'>3.</span> <span class='ocrx_word' id='word_1_126' title='bbox 320 1956 362 1987; x_wconf 91' lang='lat' dir='ltr'>In</span> <span class='ocrx_word' id='word_1_127' title='bbox 383 1955 524 2000; x_wconf 89' lang='lat' dir='ltr'>antiqua</span> <span class='ocrx_word' id='word_1_128' title='bbox 544 1954 625 1987; x_wconf 82' lang='lat' dir='ltr'>edit.</span> <span class='ocrx_word' id='word_1_129' title='bbox 646 1955 781 1987; x_wconf 88' lang='lat' dir='ltr'>Ferrar.</span> <span class='ocrx_word' id='word_1_130' title='bbox 804 1953 886 1986; x_wconf 87' lang='lat' dir='ltr'>anni</span> 
     </span>
     <span class='ocr_line' id='line_1_27' title="bbox 218 2007 886 2052; baseline -0.001 -12"><span class='ocrx_word' id='word_1_131' title='bbox 218 2012 309 2052; x_wconf 71' lang='lat'>1471</span> <span class='ocrx_word' id='word_1_132' title='bbox 328 2032 337 2046; x_wconf 92' lang='lat'>,</span> <span class='ocrx_word' id='word_1_133' title='bbox 369 2007 447 2041; x_wconf 88' lang='lat' dir='ltr'>Ald.</span> <span class='ocrx_word' id='word_1_134' title='bbox 478 2009 577 2041; x_wconf 87' lang='lat' dir='ltr'>Junt.</span> <span class='ocrx_word' id='word_1_135' title='bbox 609 2007 724 2041; x_wconf 90' lang='lat' dir='ltr'>Colin.</span> <span class='ocrx_word' id='word_1_136' title='bbox 749 2007 886 2052; x_wconf 76' lang='lat' dir='ltr'>Gryph.</span> 
     </span>
     <span class='ocr_line' id='line_1_28' title="bbox 213 2059 890 2106; baseline -0.001 -14"><span class='ocrx_word' id='word_1_137' title='bbox 213 2060 288 2093; x_wconf 84' lang='lat' dir='ltr'>aliis</span> <span class='ocrx_word' id='word_1_138' title='bbox 300 2087 308 2101; x_wconf 91' lang='lat'>‚</span> <span class='ocrx_word' id='word_1_139' title='bbox 325 2073 405 2093; x_wconf 91' lang='lat' dir='ltr'>cum</span> <span class='ocrx_word' id='word_1_140' title='bbox 418 2060 496 2094; x_wconf 89' lang='lat' dir='ltr'>cod.</span> <span class='ocrx_word' id='word_1_141' title='bbox 508 2059 772 2106; x_wconf 62' lang='lat' dir='ltr'>Palanfiaelusqzce</span> <span class='ocrx_word' id='word_1_142' title='bbox 784 2068 890 2092; x_wconf 55' lang='lat' dir='ltr'>{vlits-</span> 
     </span>
     <span class='ocr_line' id='line_1_29' title="bbox 213 2112 888 2159; baseline -0.001 -14"><span class='ocrx_word' id='word_1_143' title='bbox 213 2127 270 2158; x_wconf 82' lang='lat' dir='ltr'>que</span> <span class='ocrx_word' id='word_1_144' title='bbox 289 2126 299 2146; x_wconf 94' lang='grc'>.·</span> <span class='ocrx_word' id='word_1_145' title='bbox 318 2112 524 2146; x_wconf 81' lang='lat' dir='ltr'>Beverlandi</span> <span class='ocrx_word' id='word_1_146' title='bbox 551 2113 626 2146; x_wconf 82' lang='lat' dir='ltr'>MS.</span> <span class='ocrx_word' id='word_1_147' title='bbox 652 2112 801 2159; x_wconf 75' lang='lat' dir='ltr'>fidusque</span> <span class='ocrx_word' id='word_1_148' title='bbox 832 2126 888 2145; x_wconf 52' lang='lat' dir='ltr'>‘ve-</span> 
     </span>
     <span class='ocr_line' id='line_1_30' title="bbox 214 2166 888 2212; baseline 0.001 -15"><span class='ocrx_word' id='word_1_149' title='bbox 214 2179 324 2212; x_wconf 77' lang='lat' dir='ltr'>rusque</span> <span class='ocrx_word' id='word_1_150' title='bbox 340 2193 348 2206; x_wconf 93' lang='lat'>,</span> <span class='ocrx_word' id='word_1_151' title='bbox 376 2167 535 2199; x_wconf 88' lang='lat' dir='ltr'>obstante</span> <span class='ocrx_word' id='word_1_152' title='bbox 554 2175 681 2199; x_wconf 77' lang='lat' dir='ltr'>metro.</span> <span class='ocrx_word' id='word_1_153' title='bbox 705 2187 756 2192; x_wconf 91' lang='lat'>—-</span> <span class='ocrx_word' id='word_1_154' title='bbox 783 2166 888 2199; x_wconf 53' lang='lat' dir='ltr'>Felix.</span> 
     </span>
     <span class='ocr_line' id='line_1_31' title="bbox 214 2218 331 2252; baseline 0.009 -1"><span class='ocrx_word' id='word_1_155' title='bbox 214 2218 331 2252; x_wconf 86' lang='lat' dir='ltr'>Dives.</span> 
     </span>
    </p>

    <p class='ocr_par' dir='ltr' id='par_1_12' title="bbox 214 2271 892 2570">
     <span class='ocr_line' id='line_1_32' title="bbox 271 2271 890 2316; baseline 0 -12"><span class='ocrx_word' id='word_1_156' title='bbox 271 2275 304 2311; x_wconf 69' lang='grc'>4.</span> <span class='ocrx_word' id='word_1_157' title='bbox 326 2271 583 2316; x_wconf 75' lang='lat' dir='ltr'>Arcaflagellat.</span> <span class='ocrx_word' id='word_1_158' title='bbox 602 2272 809 2312; x_wconf 81' lang='lat' dir='ltr'>Turnebus,</span> <span class='ocrx_word' id='word_1_159' title='bbox 829 2272 890 2304; x_wconf 89' lang='lat' dir='ltr'>lib.</span> 
     </span>
     <span class='ocr_line' id='line_1_33' title="bbox 214 2323 889 2370; baseline -0.003 -12"><span class='ocrx_word' id='word_1_160' title='bbox 214 2325 325 2364; x_wconf 87' lang='lat' dir='ltr'><strong>XXI,</strong></span> <span class='ocrx_word' id='word_1_161' title='bbox 354 2337 428 2370; x_wconf 88' lang='lat' dir='ltr'>cap.</span> <span class='ocrx_word' id='word_1_162' title='bbox 456 2329 491 2364; x_wconf 73' lang='grc'>4.</span> <span class='ocrx_word' id='word_1_163' title='bbox 518 2324 706 2369; x_wconf 78' lang='lat' dir='ltr'>Flagellare</span> <span class='ocrx_word' id='word_1_164' title='bbox 731 2323 889 2366; x_wconf 83' lang='lat' dir='ltr'>divitias,</span> 
     </span>
     <span class='ocr_line' id='line_1_34' title="bbox 214 2376 891 2422; baseline 0 -13"><span class='ocrx_word' id='word_1_165' title='bbox 214 2386 248 2410; x_wconf 87' lang='lat' dir='ltr'>et</span> <span class='ocrx_word' id='word_1_166' title='bbox 287 2377 460 2422; x_wconf 80' lang='lat' dir='ltr'>flagellare</span> <span class='ocrx_word' id='word_1_167' title='bbox 494 2389 668 2409; x_wconf 76' lang='lat' dir='ltr'>annonam</span> <span class='ocrx_word' id='word_1_168' title='bbox 703 2376 891 2419; x_wconf 82' lang='lat' dir='ltr'>dicuntur,</span> 
     </span>
     <span class='ocr_line' id='line_1_35' title="bbox 215 2430 890 2475; baseline 0 -13"><span class='ocrx_word' id='word_1_169' title='bbox 215 2430 278 2475; x_wconf 90' lang='lat' dir='ltr'>qui</span> <span class='ocrx_word' id='word_1_170' title='bbox 306 2442 445 2475; x_wconf 83' lang='lat' dir='ltr'>magnas</span> <span class='ocrx_word' id='word_1_171' title='bbox 471 2430 559 2463; x_wconf 83' lang='lat' dir='ltr'>arcis</span> <span class='ocrx_word' id='word_1_172' title='bbox 580 2430 712 2463; x_wconf 83' lang='lat' dir='ltr'>clausas</span> <span class='ocrx_word' id='word_1_173' title='bbox 738 2442 821 2475; x_wconf 85' lang='lat' dir='ltr'>opes</span> <span class='ocrx_word' id='word_1_174' title='bbox 840 2438 890 2463; x_wconf 90' lang='lat' dir='ltr'>te-</span> 
     </span>
     <span class='ocr_line' id='line_1_36' title="bbox 214 2481 891 2528; baseline 0 -13"><span class='ocrx_word' id='word_1_175' title='bbox 214 2491 318 2524; x_wconf 84' lang='lat' dir='ltr'>nent,</span> <span class='ocrx_word' id='word_1_176' title='bbox 337 2491 370 2516; x_wconf 90' lang='lat' dir='ltr'>et</span> <span class='ocrx_word' id='word_1_177' title='bbox 391 2483 526 2516; x_wconf 84' lang='lat' dir='ltr'>horreis</span> <span class='ocrx_word' id='word_1_178' title='bbox 551 2483 664 2527; x_wconf 86' lang='lat' dir='ltr'>fruges</span> <span class='ocrx_word' id='word_1_179' title='bbox 685 2495 692 2515; x_wconf 93' lang='lat'><strong>:</strong></span> <span class='ocrx_word' id='word_1_180' title='bbox 716 2481 813 2528; x_wconf 87' lang='lat' dir='ltr'>quod</span> <span class='ocrx_word' id='word_1_181' title='bbox 838 2482 891 2515; x_wconf 93' lang='lat' dir='ltr'>in-</span> 
     </span>
     <span class='ocr_line' id='line_1_37' title="bbox 215 2536 892 2570; baseline -0.001 -1"><span class='ocrx_word' id='word_1_182' title='bbox 215 2536 302 2570; x_wconf 76' lang='lat' dir='ltr'>vitas</span> <span class='ocrx_word' id='word_1_183' title='bbox 317 2536 410 2570; x_wconf 87' lang='lat' dir='ltr'>velut</span> <span class='ocrx_word' id='word_1_184' title='bbox 423 2536 626 2570; x_wconf 82' lang='lat' dir='ltr'>verberibus</span> <span class='ocrx_word' id='word_1_185' title='bbox 644 2544 677 2568; x_wconf 80' lang='lat' dir='ltr'>et</span> <span class='ocrx_word' id='word_1_186' title='bbox 694 2536 892 2570; x_wconf 79' lang='lat' dir='ltr'>carceribus</span> 
     </span>
    </p>
   </div>
   <div class='ocr_carea' id='block_1_7' title="bbox 940 1158 1630 2475">
    <p class='ocr_par' dir='ltr' id='par_1_13' title="bbox 940 1158 1623 1882">
     <span class='ocr_line' id='line_1_38' title="bbox 941 1158 1617 1205; baseline 0.004 -13"><span class='ocrx_word' id='word_1_187' title='bbox 941 1158 1106 1192; x_wconf 83' lang='lat' dir='ltr'>coercitas</span> <span class='ocrx_word' id='word_1_188' title='bbox 1141 1171 1325 1205; x_wconf 83' lang='lat' dir='ltr'>erumpere</span> <span class='ocrx_word' id='word_1_189' title='bbox 1352 1160 1443 1194; x_wconf 86' lang='lat' dir='ltr'>foras</span> <span class='ocrx_word' id='word_1_190' title='bbox 1467 1173 1538 1194; x_wconf 90' lang='lat' dir='ltr'>non</span> <span class='ocrx_word' id='word_1_191' title='bbox 1571 1162 1617 1195; x_wconf 88' lang='lat' dir='ltr'>si-</span> 
     </span>
     <span class='ocr_line' id='line_1_39' title="bbox 940 1211 1614 1258; baseline 0.003 -13"><span class='ocrx_word' id='word_1_192' title='bbox 940 1221 1035 1245; x_wconf 82' lang='lat' dir='ltr'>nant.</span> <span class='ocrx_word' id='word_1_193' title='bbox 1054 1211 1147 1245; x_wconf 84' lang='lat' dir='ltr'>Vide</span> <span class='ocrx_word' id='word_1_194' title='bbox 1164 1212 1226 1245; x_wconf 89' lang='lat' dir='ltr'>lib.</span> <span class='ocrx_word' id='word_1_195' title='bbox 1246 1213 1293 1252; x_wconf 93' lang='lat' dir='ltr'>V,</span> <span class='ocrx_word' id='word_1_196' title='bbox 1313 1213 1422 1258; x_wconf 86' lang='lat' dir='ltr'>epigr.</span> <span class='ocrx_word' id='word_1_197' title='bbox 1442 1226 1533 1256; x_wconf 78' lang='lat' dir='ltr'>xn¹3</span> <span class='ocrx_word' id='word_1_198' title='bbox 1554 1215 1614 1248; x_wconf 88' lang='lat' dir='ltr'>lib.</span> 
     </span>
     <span class='ocr_line' id='line_1_40' title="bbox 942 1266 1616 1313; baseline 0.003 -15"><span class='ocrx_word' id='word_1_199' title='bbox 942 1266 980 1304; x_wconf 92' lang='lat' dir='ltr'>I,</span> <span class='ocrx_word' id='word_1_200' title='bbox 1001 1266 1108 1311; x_wconf 80' lang='lat' dir='ltr'>epigr.</span> <span class='ocrx_word' id='word_1_201' title='bbox 1129 1278 1244 1306; x_wconf 78' lang='lat' dir='ltr'>XVIII,</span> <span class='ocrx_word' id='word_1_202' title='bbox 1271 1274 1304 1299; x_wconf 90' lang='lat' dir='ltr'>et</span> <span class='ocrx_word' id='word_1_203' title='bbox 1326 1266 1387 1299; x_wconf 85' lang='lat' dir='ltr'>lib.</span> <span class='ocrx_word' id='word_1_204' title='bbox 1411 1267 1482 1307; x_wconf 91' lang='lat' dir='ltr'>III,</span> <span class='ocrx_word' id='word_1_205' title='bbox 1505 1267 1616 1313; x_wconf 85' lang='lat' dir='ltr'>epigr.</span> 
     </span>
     <span class='ocr_line' id='line_1_41' title="bbox 942 1319 1616 1363; baseline 0.004 -12"><span class='ocrx_word' id='word_1_206' title='bbox 942 1332 996 1352; x_wconf 75' lang='lat' dir='ltr'>XL.</span> <span class='ocrx_word' id='word_1_207' title='bbox 1016 1319 1182 1363; x_wconf 76' lang='lat' dir='ltr'>Papinius</span> <span class='ocrx_word' id='word_1_208' title='bbox 1202 1319 1326 1353; x_wconf 83' lang='lat' dir='ltr'>Silvar.</span> <span class='ocrx_word' id='word_1_209' title='bbox 1346 1320 1407 1352; x_wconf 90' lang='lat' dir='ltr'>lib.</span> <span class='ocrx_word' id='word_1_210' title='bbox 1423 1321 1482 1353; x_wconf 87' lang='lat' dir='ltr'>II:</span> <span class='ocrx_word' id='word_1_211' title='bbox 1505 1338 1518 1349; x_wconf 89' lang='lat'>«</span> <span class='ocrx_word' id='word_1_212' title='bbox 1536 1321 1616 1354; x_wconf 92' lang='lat' dir='ltr'>Non</span> 
     </span>
     <span class='ocr_line' id='line_1_42' title="bbox 941 1371 1617 1418; baseline 0.004 -14"><span class='ocrx_word' id='word_1_213' title='bbox 941 1371 1005 1404; x_wconf 89' lang='lat' dir='ltr'>tibi</span> <span class='ocrx_word' id='word_1_214' title='bbox 1016 1372 1181 1417; x_wconf 87' lang='lat' dir='ltr'>sepositas</span> <span class='ocrx_word' id='word_1_215' title='bbox 1197 1372 1318 1405; x_wconf 85' lang='lat' dir='ltr'>infelix</span> <span class='ocrx_word' id='word_1_216' title='bbox 1337 1373 1527 1418; x_wconf 77' lang='lat' dir='ltr'>strangulat</span> <span class='ocrx_word' id='word_1_217' title='bbox 1541 1387 1617 1408; x_wconf 85' lang='lat' dir='ltr'>arca</span> 
     </span>
     <span class='ocr_line' id='line_1_43' title="bbox 941 1425 1617 1466; baseline 0.004 -9"><span class='ocrx_word' id='word_1_218' title='bbox 941 1425 1099 1458; x_wconf 75' lang='lat' dir='ltr'>Divitias.</span> <span class='ocrx_word' id='word_1_219' title='bbox 1118 1441 1131 1454; x_wconf 72' lang='lat' dir='ltr'>n</span> <span class='ocrx_word' id='word_1_220' title='bbox 1150 1445 1202 1451; x_wconf 88' lang='lat'>—-</span> <span class='ocrx_word' id='word_1_221' title='bbox 1218 1425 1359 1458; x_wconf 83' lang='lat' dir='ltr'>Dicitur</span> <span class='ocrx_word' id='word_1_222' title='bbox 1374 1439 1449 1458; x_wconf 81' lang='lat' dir='ltr'>arca</span> <span class='ocrx_word' id='word_1_223' title='bbox 1461 1452 1469 1466; x_wconf 94' lang='lat'>‚</span> <span class='ocrx_word' id='word_1_224' title='bbox 1488 1426 1534 1459; x_wconf 89' lang='lat' dir='ltr'>ait</span> <span class='ocrx_word' id='word_1_225' title='bbox 1551 1428 1617 1460; x_wconf 80' lang='lat' dir='ltr'>Ra-</span> 
     </span>
     <span class='ocr_line' id='line_1_44' title="bbox 944 1477 1623 1524; baseline 0.004 -14"><span class='ocrx_word' id='word_1_226' title='bbox 944 1478 1112 1516; x_wconf 88' lang='lat' dir='ltr'>miresius,</span> <span class='ocrx_word' id='word_1_227' title='bbox 1126 1477 1299 1523; x_wconf 78' lang='lat' dir='ltr'>flagellare</span> <span class='ocrx_word' id='word_1_228' title='bbox 1307 1491 1403 1524; x_wconf 85' lang='lat' dir='ltr'>opes,</span> <span class='ocrx_word' id='word_1_229' title='bbox 1415 1479 1560 1524; x_wconf 89' lang='lat' dir='ltr'>quando</span> <span class='ocrx_word' id='word_1_230' title='bbox 1571 1480 1623 1513; x_wconf 90' lang='lat' dir='ltr'>in-</span> 
     </span>
     <span class='ocr_line' id='line_1_45' title="bbox 941 1531 1618 1578; baseline 0.004 -15"><span class='ocrx_word' id='word_1_231' title='bbox 941 1531 1062 1564; x_wconf 87' lang='lat' dir='ltr'>feriori</span> <span class='ocrx_word' id='word_1_232' title='bbox 1076 1539 1175 1576; x_wconf 78' lang='lat' dir='ltr'>parte</span> <span class='ocrx_word' id='word_1_233' title='bbox 1190 1531 1336 1564; x_wconf 80' lang='lat' dir='ltr'>omnino</span> <span class='ocrx_word' id='word_1_234' title='bbox 1352 1532 1454 1577; x_wconf 90' lang='lat' dir='ltr'>plena</span> <span class='ocrx_word' id='word_1_235' title='bbox 1468 1541 1502 1565; x_wconf 91' lang='lat' dir='ltr'>et</span> <span class='ocrx_word' id='word_1_236' title='bbox 1518 1545 1618 1578; x_wconf 87' lang='lat' dir='ltr'>paene</span> 
     </span>
     <span class='ocr_line' id='line_1_46' title="bbox 941 1584 1620 1631; baseline 0.006 -15"><span class='ocrx_word' id='word_1_237' title='bbox 941 1585 1117 1617; x_wconf 82' lang='lat' dir='ltr'>cumulata</span> <span class='ocrx_word' id='word_1_238' title='bbox 1133 1610 1142 1625; x_wconf 90' lang='lat'>‚</span> <span class='ocrx_word' id='word_1_239' title='bbox 1172 1584 1374 1629; x_wconf 87' lang='lat' dir='ltr'>superiores</span> <span class='ocrx_word' id='word_1_240' title='bbox 1398 1594 1513 1630; x_wconf 88' lang='lat' dir='ltr'>postes</span> <span class='ocrx_word' id='word_1_241' title='bbox 1530 1612 1538 1626; x_wconf 91' lang='lat'><em>‚</em></span> <span class='ocrx_word' id='word_1_242' title='bbox 1559 1588 1620 1631; x_wconf 86' lang='lat' dir='ltr'>qui</span> 
     </span>
     <span class='ocr_line' id='line_1_47' title="bbox 941 1636 1620 1684; baseline 0.004 -15"><span class='ocrx_word' id='word_1_243' title='bbox 941 1649 1055 1670; x_wconf 78' lang='lat' dir='ltr'>arcam</span> <span class='ocrx_word' id='word_1_244' title='bbox 1082 1636 1267 1678; x_wconf 86' lang='lat' dir='ltr'>claudunt,</span> <span class='ocrx_word' id='word_1_245' title='bbox 1296 1639 1482 1683; x_wconf 84' lang='lat' dir='ltr'>pecuniam</span> <span class='ocrx_word' id='word_1_246' title='bbox 1510 1639 1620 1684; x_wconf 84' lang='lat' dir='ltr'>ipsam</span> 
     </span>
     <span class='ocr_line' id='line_1_48' title="bbox 942 1692 1620 1736; baseline 0.004 -13"><span class='ocrx_word' id='word_1_247' title='bbox 942 1699 1091 1736; x_wconf 80' lang='lat' dir='ltr'>tangunt</span> <span class='ocrx_word' id='word_1_248' title='bbox 1109 1699 1142 1724; x_wconf 90' lang='lat' dir='ltr'>et</span> <span class='ocrx_word' id='word_1_249' title='bbox 1162 1698 1340 1735; x_wconf 86' lang='lat' dir='ltr'>premunt.</span> <span class='ocrx_word' id='word_1_250' title='bbox 1359 1712 1410 1717; x_wconf 92' lang='lat'>-—</span> <span class='ocrx_word' id='word_1_251' title='bbox 1428 1692 1620 1726; x_wconf 82' lang='lat' dir='ltr'>Farnabius</span> 
     </span>
     <span class='ocr_line' id='line_1_49' title="bbox 942 1743 1618 1789; baseline 0.003 -13"><span class='ocrx_word' id='word_1_252' title='bbox 942 1743 1104 1788; x_wconf 85' lang='lat' dir='ltr'>intelligit</span> <span class='ocrx_word' id='word_1_253' title='bbox 1122 1757 1128 1775; x_wconf 77' lang='grc' dir='ltr'>ε</span> <span class='ocrx_word' id='word_1_254' title='bbox 1159 1745 1257 1789; x_wconf 89' lang='lat' dir='ltr'>cujus</span> <span class='ocrx_word' id='word_1_255' title='bbox 1288 1756 1364 1777; x_wconf 81' lang='lat' dir='ltr'>arca</span> <span class='ocrx_word' id='word_1_256' title='bbox 1395 1754 1490 1778; x_wconf 86' lang='grc'>111013</span> <span class='ocrx_word' id='word_1_257' title='bbox 1521 1758 1618 1778; x_wconf 86' lang='lat' dir='ltr'>reso-</span> 
     </span>
     <span class='ocr_line' id='line_1_50' title="bbox 943 1796 1617 1843; baseline 0.004 -15"><span class='ocrx_word' id='word_1_258' title='bbox 943 1805 1002 1829; x_wconf 86' lang='lat' dir='ltr'>nat</span> <span class='ocrx_word' id='word_1_259' title='bbox 1018 1796 1103 1829; x_wconf 81' lang='lat' dir='ltr'>laxis</span> <span class='ocrx_word' id='word_1_260' title='bbox 1116 1796 1270 1830; x_wconf 86' lang='lat' dir='ltr'>nummis</span> <span class='ocrx_word' id='word_1_261' title='bbox 1281 1818 1291 1835; x_wconf 79' lang='lat'>‚</span> <span class='ocrx_word' id='word_1_262' title='bbox 1312 1804 1476 1842; x_wconf 85' lang='lat' dir='ltr'>tanquam</span> <span class='ocrx_word' id='word_1_263' title='bbox 1490 1797 1617 1843; x_wconf 85' lang='lat' dir='ltr'>flagelli</span> 
     </span>
     <span class='ocr_line' id='line_1_51' title="bbox 943 1849 1101 1882; baseline 0.006 -1"><span class='ocrx_word' id='word_1_264' title='bbox 943 1849 1101 1882; x_wconf 88' lang='lat' dir='ltr'>verbere.</span> 
     </span>
    </p>

    <p class='ocr_par' dir='ltr' id='par_1_14' title="bbox 946 1901 1630 2475">
     <span class='ocr_line' id='line_1_52' title="bbox 1001 1901 1622 1946; baseline 0.006 -13"><span class='ocrx_word' id='word_1_265' title='bbox 1001 1903 1033 1934; x_wconf 89' lang='lat'>5.</span> <span class='ocrx_word' id='word_1_266' title='bbox 1048 1901 1084 1934; x_wconf 77' lang='lat' dir='ltr'>Si</span> <span class='ocrx_word' id='word_1_267' title='bbox 1100 1915 1210 1933; x_wconf 74' lang='lat' dir='ltr'>causa-5</span> <span class='ocrx_word' id='word_1_268' title='bbox 1225 1904 1334 1946; x_wconf 73' lang='lat' dir='ltr'>egeris.</span> <span class='ocrx_word' id='word_1_269' title='bbox 1349 1902 1425 1936; x_wconf 89' lang='lat' dir='ltr'>Hoc</span> <span class='ocrx_word' id='word_1_270' title='bbox 1435 1902 1622 1937; x_wconf 86' lang='lat' dir='ltr'>consilium</span> 
     </span>
     <span class='ocr_line' id='line_1_53' title="bbox 946 1953 1622 2001; baseline 0.006 -15"><span class='ocrx_word' id='word_1_271' title='bbox 946 1953 1050 1987; x_wconf 85' lang='lat' dir='ltr'>dabat</span> <span class='ocrx_word' id='word_1_272' title='bbox 1083 1954 1212 1987; x_wconf 86' lang='lat' dir='ltr'>Nostro</span> <span class='ocrx_word' id='word_1_273' title='bbox 1246 1955 1347 1988; x_wconf 85' lang='lat' dir='ltr'>Titus</span> <span class='ocrx_word' id='word_1_274' title='bbox 1372 1955 1432 1989; x_wconf 89' lang='lat' dir='ltr'>lib.</span> <span class='ocrx_word' id='word_1_275' title='bbox 1455 1956 1491 1997; x_wconf 93' lang='lat' dir='ltr'>I,</span> <span class='ocrx_word' id='word_1_276' title='bbox 1512 1956 1622 2001; x_wconf 83' lang='lat' dir='ltr'>epigr.</span> 
     </span>
     <span class='ocr_line' id='line_1_54' title="bbox 946 2005 1625 2050; baseline 0.004 -11"><span class='ocrx_word' id='word_1_277' title='bbox 946 2019 1060 2048; x_wconf 74' lang='lat' dir='ltr'>xw113</span> <span class='ocrx_word' id='word_1_278' title='bbox 1080 2005 1183 2039; x_wconf 83' lang='lat' dir='ltr'>dabat</span> <span class='ocrx_word' id='word_1_279' title='bbox 1201 2007 1328 2040; x_wconf 84' lang='lat' dir='ltr'>Noster</span> <span class='ocrx_word' id='word_1_280' title='bbox 1345 2008 1468 2041; x_wconf 86' lang='lat' dir='ltr'>Flacco</span> <span class='ocrx_word' id='word_1_281' title='bbox 1484 2034 1493 2050; x_wconf 90' lang='lat'>,</span> <span class='ocrx_word' id='word_1_282' title='bbox 1511 2009 1573 2041; x_wconf 86' lang='lat' dir='ltr'>lib.</span> <span class='ocrx_word' id='word_1_283' title='bbox 1589 2011 1625 2049; x_wconf 85' lang='lat' dir='ltr'>I,</span> 
     </span>
     <span class='ocr_line' id='line_1_55' title="bbox 947 2060 1624 2106; baseline 0.001 -14"><span class='ocrx_word' id='word_1_284' title='bbox 947 2060 1059 2105; x_wconf 83' lang='lat' dir='ltr'>epigr.</span> <span class='ocrx_word' id='word_1_285' title='bbox 1080 2072 1213 2092; x_wconf 79' lang='lat' dir='ltr'>Lxxvn.</span> <span class='ocrx_word' id='word_1_286' title='bbox 1232 2061 1300 2093; x_wconf 84' lang='lat' dir='ltr'>En.</span> <span class='ocrx_word' id='word_1_287' title='bbox 1311 2082 1363 2086; x_wconf 94' lang='lat'>—-</span> <span class='ocrx_word' id='word_1_288' title='bbox 1379 2061 1454 2093; x_wconf 85' lang='lat' dir='ltr'>Non</span> <span class='ocrx_word' id='word_1_289' title='bbox 1462 2069 1538 2106; x_wconf 79' lang='lat' dir='ltr'>peto</span> <span class='ocrx_word' id='word_1_290' title='bbox 1550 2075 1624 2094; x_wconf 82' lang='lat' dir='ltr'>con-</span> 
     </span>
     <span class='ocr_line' id='line_1_56' title="bbox 947 2112 1625 2159; baseline 0.003 -14"><span class='ocrx_word' id='word_1_291' title='bbox 947 2113 1061 2146; x_wconf 74' lang='lat' dir='ltr'>silium.</span> <span class='ocrx_word' id='word_1_292' title='bbox 1098 2113 1246 2145; x_wconf 84' lang='lat' dir='ltr'>Minime</span> <span class='ocrx_word' id='word_1_293' title='bbox 1281 2112 1417 2147; x_wconf 84' lang='lat' dir='ltr'>diversa</span> <span class='ocrx_word' id='word_1_294' title='bbox 1447 2114 1625 2159; x_wconf 81' lang='lat' dir='ltr'>profertur</span> 
     </span>
     <span class='ocr_line' id='line_1_57' title="bbox 952 2164 1625 2212; baseline 0.003 -14"><span class='ocrx_word' id='word_1_295' title='bbox 952 2165 1213 2199; x_wconf 81' lang='lat' dir='ltr'>narratiuncula</span> <span class='ocrx_word' id='word_1_296' title='bbox 1231 2164 1274 2198; x_wconf 88' lang='lat' dir='ltr'>de</span> <span class='ocrx_word' id='word_1_297' title='bbox 1296 2165 1448 2211; x_wconf 83' lang='lat' dir='ltr'>quodam</span> <span class='ocrx_word' id='word_1_298' title='bbox 1469 2167 1625 2212; x_wconf 86' lang='lat' dir='ltr'>Hispano</span> 
     </span>
     <span class='ocr_line' id='line_1_58' title="bbox 950 2218 1624 2264; baseline 0.003 -13"><span class='ocrx_word' id='word_1_299' title='bbox 950 2218 1081 2260; x_wconf 88' lang='lat' dir='ltr'>nobili,</span> <span class='ocrx_word' id='word_1_300' title='bbox 1094 2227 1126 2251; x_wconf 85' lang='lat' dir='ltr'>at</span> <span class='ocrx_word' id='word_1_301' title='bbox 1136 2218 1295 2251; x_wconf 86' lang='lat' dir='ltr'>omnium</span> <span class='ocrx_word' id='word_1_302' title='bbox 1305 2231 1427 2264; x_wconf 89' lang='lat' dir='ltr'>egeno,</span> <span class='ocrx_word' id='word_1_303' title='bbox 1439 2221 1501 2264; x_wconf 91' lang='lat' dir='ltr'>qui</span> <span class='ocrx_word' id='word_1_304' title='bbox 1518 2220 1624 2254; x_wconf 88' lang='lat' dir='ltr'>vitam</span> 
     </span>
     <span class='ocr_line' id='line_1_59' title="bbox 952 2270 1625 2313; baseline 0.004 -10"><span class='ocrx_word' id='word_1_305' title='bbox 952 2270 1186 2305; x_wconf 81' lang='lat' dir='ltr'>mendicando</span> <span class='ocrx_word' id='word_1_306' title='bbox 1207 2272 1433 2306; x_wconf 85' lang='lat' dir='ltr'>sustentabat.</span> <span class='ocrx_word' id='word_1_307' title='bbox 1453 2273 1575 2313; x_wconf 89' lang='lat' dir='ltr'>Quum</span> <span class='ocrx_word' id='word_1_308' title='bbox 1594 2274 1625 2306; x_wconf 91' lang='lat' dir='ltr'>ei</span> 
     </span>
     <span class='ocr_line' id='line_1_60' title="bbox 951 2323 1626 2371; baseline 0.003 -14"><span class='ocrx_word' id='word_1_309' title='bbox 951 2323 1116 2369; x_wconf 85' lang='lat' dir='ltr'>quidam,</span> <span class='ocrx_word' id='word_1_310' title='bbox 1140 2338 1157 2357; x_wconf 92' lang='grc'>3</span> <span class='ocrx_word' id='word_1_311' title='bbox 1182 2337 1252 2369; x_wconf 86' lang='lat' dir='ltr'>quo</span> <span class='ocrx_word' id='word_1_312' title='bbox 1274 2325 1476 2359; x_wconf 86' lang='lat' dir='ltr'>nummulos</span> <span class='ocrx_word' id='word_1_313' title='bbox 1495 2326 1626 2371; x_wconf 83' lang='lat' dir='ltr'>efflagi-</span> 
     </span>
     <span class='ocr_line' id='line_1_61' title="bbox 951 2377 1625 2424; baseline 0.004 -15"><span class='ocrx_word' id='word_1_314' title='bbox 951 2377 1043 2410; x_wconf 84' lang='lat' dir='ltr'>tabat</span> <span class='ocrx_word' id='word_1_315' title='bbox 1059 2402 1068 2415; x_wconf 69' lang='grc'>,</span> <span class='ocrx_word' id='word_1_316' title='bbox 1089 2386 1193 2422; x_wconf 85' lang='lat' dir='ltr'>turpe</span> <span class='ocrx_word' id='word_1_317' title='bbox 1214 2377 1293 2411; x_wconf 85' lang='lat' dir='ltr'>vitae</span> <span class='ocrx_word' id='word_1_318' title='bbox 1310 2390 1418 2422; x_wconf 90' lang='lat' dir='ltr'>genus</span> <span class='ocrx_word' id='word_1_319' title='bbox 1433 2379 1625 2424; x_wconf 84' lang='lat' dir='ltr'>exprobra-</span> 
     </span>
     <span class='ocr_line' id='line_1_62' title="bbox 950 2429 1630 2475; baseline 0.004 -13"><span class='ocrx_word' id='word_1_320' title='bbox 950 2438 1019 2472; x_wconf 64' lang='lat' dir='ltr'>ret,</span> <span class='ocrx_word' id='word_1_321' title='bbox 1031 2429 1127 2475; x_wconf 90' lang='lat' dir='ltr'>quod</span> <span class='ocrx_word' id='word_1_322' title='bbox 1137 2438 1177 2463; x_wconf 91' lang='lat' dir='ltr'>ut</span> <span class='ocrx_word' id='word_1_323' title='bbox 1186 2438 1336 2464; x_wconf 86' lang='lat' dir='ltr'>mutaret</span> <span class='ocrx_word' id='word_1_324' title='bbox 1347 2431 1541 2465; x_wconf 87' lang='lat' dir='ltr'>honestiori</span> <span class='ocrx_word' id='word_1_325' title='bbox 1554 2444 1630 2466; x_wconf 85' lang='lat' dir='ltr'>sua-</span> 
     </span>
    </p>
   </div>
   <div class='ocr_carea' id='block_1_8' title="bbox 952 2482 1683 2530">
    <p class='ocr_par' dir='ltr' id='par_1_15' title="bbox 952 2482 1683 2530">
     <span class='ocr_line' id='line_1_63' title="bbox 952 2482 1683 2530; baseline 0.005 -15"><span class='ocrx_word' id='word_1_326' title='bbox 952 2482 1076 2524; x_wconf 86' lang='lat' dir='ltr'>debat,</span> <span class='ocrx_word' id='word_1_327' title='bbox 1098 2484 1304 2529; x_wconf 86' lang='lat' dir='ltr'>superbiens</span> <span class='ocrx_word' id='word_1_328' title='bbox 1325 2483 1527 2530; x_wconf 86' lang='lat' dir='ltr'>respondit,</span> <span class='ocrx_word' id='word_1_329' title='bbox 1551 2502 1564 2515; x_wconf 77' lang='lat'>¹¹</span> <span class='ocrx_word' id='word_1_330' title='bbox 1578 2486 1629 2518; x_wconf 87' lang='lat' dir='ltr'>Te</span> <span class='ocrx_word' id='word_1_331' title='bbox 1667 2490 1683 2500; x_wconf 76' lang='grc'><strong><em>’</em></strong></span> 
     </span>
    </p>
   </div>
   <div class='ocr_carea' id='block_1_9' title="bbox 953 2536 1629 2582">
    <p class='ocr_par' dir='ltr' id='par_1_16' title="bbox 953 2536 1629 2582">
     <span class='ocr_line' id='line_1_64' title="bbox 953 2536 1629 2582; baseline 0.003 -13"><span class='ocrx_word' id='word_1_332' title='bbox 953 2549 1037 2581; x_wconf 83' lang='lat' dir='ltr'>rogo</span> <span class='ocrx_word' id='word_1_333' title='bbox 1058 2536 1183 2582; x_wconf 87' lang='lat' dir='ltr'>stipem</span> <span class='ocrx_word' id='word_1_334' title='bbox 1197 2563 1206 2577; x_wconf 96' lang='lat'>,</span> <span class='ocrx_word' id='word_1_335' title='bbox 1224 2550 1296 2570; x_wconf 90' lang='lat' dir='ltr'>non</span> <span class='ocrx_word' id='word_1_336' title='bbox 1317 2537 1514 2572; x_wconf 86' lang='lat' dir='ltr'>consilium.</span> <span class='ocrx_word' id='word_1_337' title='bbox 1532 2556 1545 2568; x_wconf 68' lang='grc' dir='ltr'>ι»</span> <span class='ocrx_word' id='word_1_338' title='bbox 1563 2539 1629 2571; x_wconf 85' lang='grc' dir='ltr'><strong>Ει).</strong></span> 
     </span>
    </p>
   </div>
   <div class='ocr_carea' id='block_1_10' title="bbox 1332 2736 1416 2790">
    <p class='ocr_par' dir='ltr' id='par_1_17' title="bbox 1332 2736 1416 2790">
     <span class='ocr_line' id='line_1_65' title="bbox 1332 2736 1416 2790; baseline 0.024 -2"><span class='ocrx_word' id='word_1_339' title='bbox 1332 2736 1416 2790; x_wconf 66' lang='lat'>13³</span> 
     </span>
    </p>
   </div>
  </div>
 </body>
</html>
