2061 3288
422 274 611 303 xxxvm
652 257 1117 303 DISSERTATIO
1156 261 1244 303 DE
1282 261 1590 305 INGENIO

631 338 724 385 Quis
746 351 823 374 non
847 351 925 374 esse
944 351 1096 388 gregem
1113 339 1311 375 crederet?
1331 353 1428 376 nnus
1449 348 1529 375 erat
1546 355 1552 375 :

578 402 653 440 Sed
668 402 774 452 cujus
791 412 998 440 tremerent
1019 403 1090 453 ipsi
1111 417 1265 453 quoque
1282 404 1370 453 jura
1391 405 1540 449 leones,

629 468 699 505 Cui
716 467 890 504 diadema
913 468 1021 505 daret
1041 482 1231 505 marmore
1254 469 1356 519 picta
1377 472 1533 506 Nomas.

576 535 610 569 Ο
625 542 810 582 quantum
829 545 898 582 per
917 533 1015 569 colla
1035 532 1149 569 decus
1162 563 1171 579 ‚
1192 547 1306 583 quem
1326 534 1464 583 sparsit
1480 533 1666 570 honorem

630 601 759 633 Aurea
778 597 915 633 lunatae
933 610 1051 646 quum
1071 599 1175 634 stetit
1194 597 1330 634 umbra
1342 597 1466 646 jnbae!

579 661 688 699 Unde
713 662 785 698 tuis
798 691 807 707 ‚
830 661 971 711 Libye,
990 671 1065 698 tam
1088 662 1179 699 felix
1201 662 1323 712 gloria
1341 662 1490 698 silvis?¹

417 764 597 819 Nonne,
619 764 799 816 amabo,
821 763 1164 825 Dithyrambicis
1190 764 1375 807 flammis
1394 763 1725 807 incalescentem
1748 779 1822 805 νει)

419 843 506 877 tem
538 834 728 890 diceres,
756 851 893 895 quum
921 835 1014 879 haec
1045 834 1188 879 canit?
1213 851 1319 878 num
1347 834 1585 888 Pindarus,

892 968 899 975 .
919 969 926 976 .
945 967 953 975 .
972 939 1050 976 ,cui
1066 952 1170 976 mens
1187 939 1367 985 divinior,
1383 947 1497 989 atque
1513 951 1554 974 os

577 1003 717 1050 Magna
735 1010 957 1037 sonaturnm
971 1030 980 1043 ,

421 1108 557 1166 magis
591 1106 772 1150 enituit?
802 1124 904 1150 num
944 1108 988 1150 in
1026 1106 1176 1168 figuris
1211 1105 1437 1166 AEschylus
1476 1115 1551 1148 aut
1589 1102 1828 1165 Sophocles

421 1176 641 1232 audacior,
669 1194 797 1238 quam
828 1195 963 1238 quum
995 1176 1063 1221 ille
1092 1179 1179 1221 ait:

578 1290 721 1324 Tantus
739 1288 779 1324 in
800 1288 962 1325 Ausonia
982 1288 1135 1324 fremuit
1155 1286 1271 1324 modo
1290 1296 1413 1324 terror
1432 1300 1545 1323 arena
1559 1314 1568 1328 ,

421 1375 462 1408 et
488 1365 600 1409 infra
619 1384 626 1409 ;

686 1449 812 1482 Aurea
833 1446 988 1482 lunatae.
1012 1476 1018 1481 .
1039 1476 1046 1481 .
1070 1446 1171 1482 stetit
1193 1444 1461 1494 umbrajubae!

422 1555 553 1613 Atqui
582 1552 675 1596 talis
693 1570 802 1614 saepe
827 1552 1019 1597 audaciae
1043 1570 1192 1596 versus
1219 1554 1263 1596 in
1289 1551 1512 1612 opusculis
1537 1551 1685 1595 Nostri
1698 1548 1828 1593 levio-

423 1623 543 1667 ribus
571 1625 760 1684 reperire
791 1633 882 1677 est,
907 1624 980 1666 ubi
1012 1641 1050 1667 v,
1081 1641 1120 1684 g.
1153 1624 1206 1667 de
1230 1622 1453 1684 plausibus
1482 1631 1525 1665 ct
1556 1620 1827 1665 acclamatio·

422 1694 548 1738 nibus
573 1711 668 1755 quae
696 1695 937 1755 principem
968 1694 1417 1754 circumstrepebant:

578 1804 803 1842 Sarmaticas
825 1804 938 1841 etiam
957 1813 1086 1854 gentes
1099 1833 1108 1849 ,
1131 1807 1344 1852 Istrumquc
1359 1832 1368 1848 ,
1389 1806 1579 1851 Getasque

633 1869 787 1906 Laetitiae
810 1869 954 1905 clamor
974 1868 1107 1905 terruit
1127 1868 1207 1918 ipse
1224 1880 1341 1903 novae.
1354 1875 1364 1889 2

422 1987 463 2020 et
490 1978 531 2020 id
552 1978 604 2021 de
630 1978 783 2021 eodem
811 1979 1097 2038 imperatore:

580 2089 650 2124 Hic
672 2088 773 2124 stetit
790 2088 921 2124 Arctoi
941 2088 1128 2123 formosus
1149 2088 1307 2137 pulxcrc
1331 2086 1419 2122 belli
1434 2116 1443 2129 ‚
1464 2088 1469 2107 ³

420 2207 462 2240 et
482 2197 747 2258 apostrophe
770 2196 992 2240 severa‘ad
1014 2197 1150 2240 victas
1171 2197 1493 2239 Germanorum
1513 2203 1699 2247 turmas,
1722 2209 1828 2253 quas

421 2285 446 2310 a
473 2268 651 2311 flumine
681 2277 826 2312 arcet:

579 2376 756 2424 Barbare,
774 2391 850 2414 non
867 2376 1002 2423 debet,
1023 2376 1199 2414 submoto
1218 2377 1299 2413 cive
1312 2405 1321 2422 ‚
1341 2375 1513 2412 ministro

629 2441 827 2491 Captivam
845 2442 982 2478 victrix
997 2441 1099 2478 unda
1115 2442 1241 2478 levare
1258 2440 1367 2477 sitim.
1381 2441 1396 2467 4

477 2562 507 2582 1.
528 2548 605 2581 Lib.
621 2548 728 2589 VIII,
744 2548 851 2593 epigr.
867 2562 923 2589 ιν,
940 2561 988 2582 vs.
1012 2549 1045 2582 5.

475 2616 504 2635 2.
523 2599 612 2634 Ibid.
631 2600 739 2645 epigr.
755 2613 804 2633 xx.

474 2656 507 2687 3.
526 2654 618 2687 Ibid.
639 2654 747 2699 epigr.
762 2667 839 2694 va,
854 2667 899 2686 xs.
920 2654 951 2687 3.

474 2712 504 2746 ,4.
524 2707 599 2740 Lib.
616 2708 684 2748 XI,
699 2706 804 2752 epigr.
820 2719 898 2740 xcvi
912 2719 977 2745 ‚vs
998 2707 1015 2739 3
1034 2716 1065 2740 et
1082 2712 1113 2746 4.
