<?xml version="1.0" encoding="UTF-8"?>
<!DOCTYPE html PUBLIC "-//W3C//DTD XHTML 1.0 Transitional//EN"
    "http://www.w3.org/TR/xhtml1/DTD/xhtml1-transitional.dtd">
<html xmlns="http://www.w3.org/1999/xhtml" xml:lang="en" lang="en">
 <head>
  <title>
</title>
<meta http-equiv="Content-Type" content="text/html;charset=utf-8" />
  <meta name='ocr-system' content='tesseract 3.04.00' />
  <meta name='ocr-capabilities' content='ocr_page ocr_carea ocr_par ocr_line ocrx_word'/>
</head>
<body>
  <div class='ocr_page' id='page_1' title='image "./epigrammata01martuoft_0315.png"; bbox 0 0 2061 3288; ppageno 0'>
   <div class='ocr_carea' id='block_1_1' title="bbox 458 214 1290 262">
    <p class='ocr_par' dir='ltr' id='par_1_1' title="bbox 458 214 1290 262">
     <span class='ocr_line' id='line_1_1' title="bbox 458 214 1290 262; baseline -0.01 0"><span class='ocrx_word' id='word_1_1' title='bbox 458 216 987 262; x_wconf 83' lang='lat' dir='ltr'><strong>EPIGRAMMATU</strong></span> <span class='ocrx_word' id='word_1_2' title='bbox 1003 216 1052 258; x_wconf 88' lang='lat' dir='ltr'>M</span> <span class='ocrx_word' id='word_1_3' title='bbox 1091 215 1215 257; x_wconf 92' lang='lat' dir='ltr'>LIB.</span> <span class='ocrx_word' id='word_1_4' title='bbox 1255 214 1290 255; x_wconf 92' lang='lat' dir='ltr'>I.</span> 
     </span>
    </p>
   </div>
   <div class='ocr_carea' id='block_1_2' title="bbox 1489 208 1573 255">
    <p class='ocr_par' dir='ltr' id='par_1_2' title="bbox 1489 208 1573 255">
     <span class='ocr_line' id='line_1_2' title="bbox 1489 208 1573 255; baseline -0.024 0"><span class='ocrx_word' id='word_1_5' title='bbox 1489 208 1573 255; x_wconf 84' lang='lat'>151</span> 
     </span>
    </p>
   </div>
   <div class='ocr_carea' id='block_1_3' title="bbox 377 301 1305 863">
    <p class='ocr_par' dir='ltr' id='par_1_3' title="bbox 377 301 1305 863">
     <span class='ocr_line' id='line_1_3' title="bbox 378 301 1112 366; baseline -0.008 -16"><span class='ocrx_word' id='word_1_6' title='bbox 378 304 611 366; x_wconf 81' lang='lat' dir='ltr'><strong>Indulgent</strong></span> <span class='ocrx_word' id='word_1_7' title='bbox 631 304 886 366; x_wconf 87' lang='lat' dir='ltr'>patientiam</span> <span class='ocrx_word' id='word_1_8' title='bbox 909 301 1080 365; x_wconf 83' lang='lat' dir='ltr'>flagello</span> <span class='ocrx_word' id='word_1_9' title='bbox 1102 319 1112 344; x_wconf 89' lang='grc'>;</span> 
     </span>
     <span class='ocr_line' id='line_1_4' title="bbox 378 373 1216 437; baseline -0.006 -17"><span class='ocrx_word' id='word_1_10' title='bbox 378 376 587 421; x_wconf 86' lang='lat' dir='ltr'>Mordent</span> <span class='ocrx_word' id='word_1_11' title='bbox 608 391 739 419; x_wconf 83' lang='lat' dir='ltr'>aurea</span> <span class='ocrx_word' id='word_1_12' title='bbox 763 375 881 437; x_wconf 88' lang='lat' dir='ltr'>quod</span> <span class='ocrx_word' id='word_1_13' title='bbox 906 374 1052 436; x_wconf 86' lang='lat' dir='ltr'>lupata</span> <span class='ocrx_word' id='word_1_14' title='bbox 1074 373 1216 427; x_wconf 86' lang='lat' dir='ltr'>cervi,</span> 
     </span>
     <span class='ocr_line' id='line_1_5' title="bbox 378 444 1233 508; baseline -0.007 -17"><span class='ocrx_word' id='word_1_15' title='bbox 378 447 510 504; x_wconf 85' lang='lat' dir='ltr'>Quod</span> <span class='ocrx_word' id='word_1_16' title='bbox 531 446 674 491; x_wconf 82' lang='lat' dir='ltr'>fraenis</span> <span class='ocrx_word' id='word_1_17' title='bbox 697 447 846 508; x_wconf 83' lang='lat' dir='ltr'>Libyci</span> <span class='ocrx_word' id='word_1_18' title='bbox 866 446 1102 490; x_wconf 86' lang='lat' dir='ltr'>domantur</span> <span class='ocrx_word' id='word_1_19' title='bbox 1122 444 1233 498; x_wconf 86' lang='lat' dir='ltr'>ursi,</span> 
     </span>
     <span class='ocr_line' id='line_1_6' title="bbox 377 514 1242 579; baseline -0.007 -17"><span class='ocrx_word' id='word_1_20' title='bbox 377 519 435 562; x_wconf 85' lang='lat' dir='ltr'>Et</span> <span class='ocrx_word' id='word_1_21' title='bbox 457 527 669 579; x_wconf 84' lang='lat' dir='ltr'>quantum</span> <span class='ocrx_word' id='word_1_22' title='bbox 693 517 892 579; x_wconf 80' lang='lat' dir='ltr'>Calydon</span> <span class='ocrx_word' id='word_1_23' title='bbox 916 515 1062 561; x_wconf 83' lang='lat' dir='ltr'>tulisse</span> <span class='ocrx_word' id='word_1_24' title='bbox 1085 514 1242 568; x_wconf 80' lang='lat' dir='ltr'>fertur,</span> 
     </span>
     <span class='ocr_line' id='line_1_7' title="bbox 378 587 1139 650; baseline -0.004 -18"><span class='ocrx_word' id='word_1_25' title='bbox 378 590 508 633; x_wconf 86' lang='lat' dir='ltr'>Paret</span> <span class='ocrx_word' id='word_1_26' title='bbox 531 590 763 650; x_wconf 81' lang='lat' dir='ltr'>purpureis</span> <span class='ocrx_word' id='word_1_27' title='bbox 787 605 892 650; x_wconf 87' lang='lat' dir='ltr'>aper</span> <span class='ocrx_word' id='word_1_28' title='bbox 913 587 1109 648; x_wconf 84' lang='lat' dir='ltr'>capistris</span> <span class='ocrx_word' id='word_1_29' title='bbox 1130 601 1139 628; x_wconf 76' lang='grc' dir='ltr'><strong><em>ε</em></strong></span> 
     </span>
     <span class='ocr_line' id='line_1_8' title="bbox 381 656 1305 721; baseline -0.006 -18"><span class='ocrx_word' id='word_1_30' title='bbox 381 661 550 721; x_wconf 82' lang='lat' dir='ltr'>Turpes</span> <span class='ocrx_word' id='word_1_31' title='bbox 574 659 723 704; x_wconf 85' lang='lat' dir='ltr'>esseda</span> <span class='ocrx_word' id='word_1_32' title='bbox 746 659 863 721; x_wconf 90' lang='lat' dir='ltr'>quod</span> <span class='ocrx_word' id='word_1_33' title='bbox 887 658 1068 703; x_wconf 85' lang='lat' dir='ltr'>trahunt</span> <span class='ocrx_word' id='word_1_34' title='bbox 1090 656 1305 707; x_wconf 71' lang='lat' dir='ltr'>bisontes,</span> 
     </span>
     <span class='ocr_line' id='line_1_9' title="bbox 380 727 1226 791; baseline -0.006 -17"><span class='ocrx_word' id='word_1_35' title='bbox 380 731 439 775; x_wconf 87' lang='lat' dir='ltr'>Et</span> <span class='ocrx_word' id='word_1_36' title='bbox 459 729 612 774; x_wconf 90' lang='lat' dir='ltr'>molles</span> <span class='ocrx_word' id='word_1_37' title='bbox 637 730 740 774; x_wconf 87' lang='lat' dir='ltr'>dare</span> <span class='ocrx_word' id='word_1_38' title='bbox 760 731 878 791; x_wconf 84' lang='lat' dir='ltr'>jussa</span> <span class='ocrx_word' id='word_1_39' title='bbox 903 728 1018 790; x_wconf 88' lang='lat' dir='ltr'>quod</span> <span class='ocrx_word' id='word_1_40' title='bbox 1044 727 1226 772; x_wconf 82' lang='lat' dir='ltr'>choreas</span> 
     </span>
     <span class='ocr_line' id='line_1_10' title="bbox 378 799 1188 863; baseline -0.006 -18"><span class='ocrx_word' id='word_1_41' title='bbox 378 802 518 863; x_wconf 84' lang='lat' dir='ltr'>Nigro</span> <span class='ocrx_word' id='word_1_42' title='bbox 543 800 686 845; x_wconf 78' lang='lat' dir='ltr'>bellua</span> <span class='ocrx_word' id='word_1_43' title='bbox 712 801 770 845; x_wconf 84' lang='lat' dir='ltr'>nil</span> <span class='ocrx_word' id='word_1_44' title='bbox 791 809 922 862; x_wconf 84' lang='lat' dir='ltr'>negat</span> <span class='ocrx_word' id='word_1_45' title='bbox 946 799 1155 860; x_wconf 84' lang='lat' dir='ltr'>magistro</span> <span class='ocrx_word' id='word_1_46' title='bbox 1180 814 1188 840; x_wconf 92' lang='lat'>:</span> 
     </span>
    </p>
   </div>
   <div class='ocr_carea' id='block_1_4' title="bbox 169 942 854 1625">
    <p class='ocr_par' dir='ltr' id='par_1_4' title="bbox 169 942 854 1625">
     <span class='ocr_line' id='line_1_11' title="bbox 170 942 847 990; baseline 0.003 -14"><span class='ocrx_word' id='word_1_47' title='bbox 170 942 279 976; x_wconf 87' lang='lat' dir='ltr'>mium</span> <span class='ocrx_word' id='word_1_48' title='bbox 299 950 350 977; x_wconf 88' lang='lat' dir='ltr'>est</span> <span class='ocrx_word' id='word_1_49' title='bbox 363 968 372 985; x_wconf 89' lang='lat'>‚</span> <span class='ocrx_word' id='word_1_50' title='bbox 395 951 429 977; x_wconf 92' lang='lat' dir='ltr'>et</span> <span class='ocrx_word' id='word_1_51' title='bbox 449 942 595 977; x_wconf 87' lang='lat' dir='ltr'>modum</span> <span class='ocrx_word' id='word_1_52' title='bbox 615 956 847 990; x_wconf 81' lang='lat' dir='ltr'>normamque</span> 
     </span>
     <span class='ocr_line' id='line_1_12' title="bbox 169 995 848 1042; baseline 0.001 -13"><span class='ocrx_word' id='word_1_53' title='bbox 169 995 306 1029; x_wconf 85' lang='lat' dir='ltr'>excedit</span> <span class='ocrx_word' id='word_1_54' title='bbox 321 1022 330 1037; x_wconf 73' lang='lat'>,</span> <span class='ocrx_word' id='word_1_55' title='bbox 355 997 524 1042; x_wconf 75' lang='lat' dir='ltr'>improbum</span> <span class='ocrx_word' id='word_1_56' title='bbox 551 997 667 1030; x_wconf 84' lang='lat' dir='ltr'>latinis</span> <span class='ocrx_word' id='word_1_57' title='bbox 692 996 848 1039; x_wconf 82' lang='lat' dir='ltr'>dieitur;</span> 
     </span>
     <span class='ocr_line' id='line_1_13' title="bbox 170 1049 849 1096; baseline 0.001 -14"><span class='ocrx_word' id='word_1_58' title='bbox 170 1049 219 1082; x_wconf 90' lang='lat' dir='ltr'>sic</span> <span class='ocrx_word' id='word_1_59' title='bbox 251 1050 405 1095; x_wconf 77' lang='lat' dir='ltr'>improbas</span> <span class='ocrx_word' id='word_1_60' title='bbox 430 1050 519 1082; x_wconf 81' lang='lat' dir='ltr'>labor</span> <span class='ocrx_word' id='word_1_61' title='bbox 548 1050 721 1096; x_wconf 65' lang='lat' dir='ltr'>Virgilio,</span> <span class='ocrx_word' id='word_1_62' title='bbox 746 1050 849 1083; x_wconf 85' lang='lat' dir='ltr'>nimis</span> 
     </span>
     <span class='ocr_line' id='line_1_14' title="bbox 171 1101 849 1147; baseline 0.001 -12"><span class='ocrx_word' id='word_1_63' title='bbox 171 1115 317 1147; x_wconf 80' lang='lat' dir='ltr'>magnus</span> <span class='ocrx_word' id='word_1_64' title='bbox 349 1111 383 1135; x_wconf 92' lang='lat' dir='ltr'>et</span> <span class='ocrx_word' id='word_1_65' title='bbox 409 1101 629 1136; x_wconf 86' lang='lat' dir='ltr'>immodicus.</span> <span class='ocrx_word' id='word_1_66' title='bbox 662 1103 849 1136; x_wconf 82' lang='lat' dir='ltr'>Suetonius</span> 
     </span>
     <span class='ocr_line' id='line_1_15' title="bbox 172 1155 850 1201; baseline 0.003 -14"><span class='ocrx_word' id='word_1_67' title='bbox 172 1155 341 1201; x_wconf 53' lang='lat' dir='ltr'>improbius</span> <span class='ocrx_word' id='word_1_68' title='bbox 354 1164 460 1188; x_wconf 79' lang='lat' dir='ltr'>natum</span> <span class='ocrx_word' id='word_1_69' title='bbox 474 1157 653 1189; x_wconf 86' lang='lat' dir='ltr'>hominem</span> <span class='ocrx_word' id='word_1_70' title='bbox 668 1155 773 1198; x_wconf 84' lang='lat' dir='ltr'>dixit,</span> <span class='ocrx_word' id='word_1_71' title='bbox 789 1156 850 1201; x_wconf 85' lang='lat' dir='ltr'>qui</span> 
     </span>
     <span class='ocr_line' id='line_1_16' title="bbox 172 1209 849 1254; baseline 0.001 -13"><span class='ocrx_word' id='word_1_72' title='bbox 172 1221 326 1254; x_wconf 84' lang='lat' dir='ltr'>procerae</span> <span class='ocrx_word' id='word_1_73' title='bbox 348 1217 486 1242; x_wconf 84' lang='lat' dir='ltr'>staturae</span> <span class='ocrx_word' id='word_1_74' title='bbox 508 1209 574 1242; x_wconf 88' lang='lat' dir='ltr'>fuit</span> <span class='ocrx_word' id='word_1_75' title='bbox 595 1218 627 1242; x_wconf 87' lang='lat' dir='ltr'>et</span> <span class='ocrx_word' id='word_1_76' title='bbox 646 1210 774 1254; x_wconf 83' lang='lat' dir='ltr'>justam</span> <span class='ocrx_word' id='word_1_77' title='bbox 792 1222 849 1242; x_wconf 81' lang='lat' dir='ltr'>ex-</span> 
     </span>
     <span class='ocr_line' id='line_1_17' title="bbox 173 1260 851 1307; baseline -0.001 -12"><span class='ocrx_word' id='word_1_78' title='bbox 173 1260 340 1295; x_wconf 86' lang='lat' dir='ltr'>cedentis.</span> <span class='ocrx_word' id='word_1_79' title='bbox 353 1262 408 1295; x_wconf 91' lang='lat' dir='ltr'>Sic</span> <span class='ocrx_word' id='word_1_80' title='bbox 423 1261 611 1307; x_wconf 77' lang='lat' dir='ltr'>improbior-a</span> <span class='ocrx_word' id='word_1_81' title='bbox 625 1262 714 1294; x_wconf 74' lang='lat' dir='ltr'>labra</span> <span class='ocrx_word' id='word_1_82' title='bbox 727 1288 736 1304; x_wconf 86' lang='lat'><strong>,</strong></span> <span class='ocrx_word' id='word_1_83' title='bbox 747 1262 851 1294; x_wconf 72' lang='lat' dir='ltr'>Velio</span> 
     </span>
     <span class='ocr_line' id='line_1_18' title="bbox 174 1315 852 1356; baseline -0.001 -8"><span class='ocrx_word' id='word_1_84' title='bbox 174 1315 412 1348; x_wconf 82' lang='lat' dir='ltr'>Grammatico</span> <span class='ocrx_word' id='word_1_85' title='bbox 425 1341 433 1356; x_wconf 94' lang='lat'>‚</span> <span class='ocrx_word' id='word_1_86' title='bbox 449 1324 528 1348; x_wconf 89' lang='lat' dir='ltr'>sunt</span> <span class='ocrx_word' id='word_1_87' title='bbox 544 1315 699 1348; x_wconf 79' lang='lat' dir='ltr'>enormia</span> <span class='ocrx_word' id='word_1_88' title='bbox 711 1323 744 1347; x_wconf 88' lang='lat' dir='ltr'>et</span> <span class='ocrx_word' id='word_1_89' title='bbox 759 1315 852 1348; x_wconf 88' lang='lat' dir='ltr'>ultra</span> 
     </span>
     <span class='ocr_line' id='line_1_19' title="bbox 170 1367 851 1413; baseline 0 -13"><span class='ocrx_word' id='word_1_90' title='bbox 170 1368 303 1413; x_wconf 84' lang='lat' dir='ltr'>justum</span> <span class='ocrx_word' id='word_1_91' title='bbox 330 1367 476 1400; x_wconf 90' lang='lat' dir='ltr'>modum</span> <span class='ocrx_word' id='word_1_92' title='bbox 500 1375 677 1413; x_wconf 81' lang='lat' dir='ltr'>protensa.</span> <span class='ocrx_word' id='word_1_93' title='bbox 707 1367 764 1401; x_wconf 84' lang='lat' dir='ltr'>Sic</span> <span class='ocrx_word' id='word_1_94' title='bbox 792 1370 851 1400; x_wconf 85' lang='lat' dir='ltr'>im·</span> 
     </span>
     <span class='ocr_line' id='line_1_20' title="bbox 169 1421 853 1467; baseline 0 -14"><span class='ocrx_word' id='word_1_95' title='bbox 169 1421 287 1466; x_wconf 79' lang='lat' dir='ltr'>probus</span> <span class='ocrx_word' id='word_1_96' title='bbox 305 1421 407 1462; x_wconf 75' lang='lat' dir='ltr'>color,</span> <span class='ocrx_word' id='word_1_97' title='bbox 426 1433 490 1466; x_wconf 91' lang='lat' dir='ltr'>pro</span> <span class='ocrx_word' id='word_1_98' title='bbox 508 1433 706 1467; x_wconf 87' lang='lat' dir='ltr'>purpureo,</span> <span class='ocrx_word' id='word_1_99' title='bbox 728 1428 853 1465; x_wconf 83' lang='lat' dir='ltr'>utpote</span> 
     </span>
     <span class='ocr_line' id='line_1_21' title="bbox 175 1474 853 1520; baseline -0.001 -13"><span class='ocrx_word' id='word_1_100' title='bbox 175 1475 236 1520; x_wconf 89' lang='lat' dir='ltr'>qui</span> <span class='ocrx_word' id='word_1_101' title='bbox 269 1474 406 1507; x_wconf 79' lang='lat' dir='ltr'>excellit</span> <span class='ocrx_word' id='word_1_102' title='bbox 439 1482 473 1507; x_wconf 85' lang='lat' dir='ltr'>et</span> <span class='ocrx_word' id='word_1_103' title='bbox 503 1474 656 1515; x_wconf 83' lang='lat' dir='ltr'>eminet,</span> <span class='ocrx_word' id='word_1_104' title='bbox 685 1481 718 1506; x_wconf 88' lang='lat' dir='ltr'>et</span> <span class='ocrx_word' id='word_1_105' title='bbox 748 1486 853 1519; x_wconf 87' lang='lat' dir='ltr'>super</span> 
     </span>
     <span class='ocr_line' id='line_1_22' title="bbox 174 1525 854 1560; baseline 0 0"><span class='ocrx_word' id='word_1_106' title='bbox 174 1535 317 1560; x_wconf 85' lang='lat' dir='ltr'>caeteros</span> <span class='ocrx_word' id='word_1_107' title='bbox 343 1539 463 1560; x_wconf 84' lang='lat' dir='ltr'>omnes</span> <span class='ocrx_word' id='word_1_108' title='bbox 487 1527 622 1560; x_wconf 87' lang='lat' dir='ltr'>colores</span> <span class='ocrx_word' id='word_1_109' title='bbox 654 1525 795 1559; x_wconf 71' lang='lat' dir='ltr'>vividus</span> <span class='ocrx_word' id='word_1_110' title='bbox 820 1535 854 1560; x_wconf 88' lang='lat' dir='ltr'>et</span> 
     </span>
     <span class='ocr_line' id='line_1_23' title="bbox 176 1580 853 1625; baseline -0.001 -12"><span class='ocrx_word' id='word_1_111' title='bbox 176 1580 330 1625; x_wconf 86' lang='lat' dir='ltr'>fulgens,</span> <span class='ocrx_word' id='word_1_112' title='bbox 355 1588 390 1613; x_wconf 84' lang='lat' dir='ltr'>et</span> <span class='ocrx_word' id='word_1_113' title='bbox 414 1581 510 1625; x_wconf 80' lang='lat' dir='ltr'>quasi</span> <span class='ocrx_word' id='word_1_114' title='bbox 537 1580 706 1625; x_wconf 89' lang='lat' dir='ltr'>superbus</span> <span class='ocrx_word' id='word_1_115' title='bbox 731 1588 765 1613; x_wconf 84' lang='lat' dir='ltr'>et</span> <span class='ocrx_word' id='word_1_116' title='bbox 788 1592 853 1613; x_wconf 84' lang='lat' dir='ltr'>cae-</span> 
     </span>
    </p>
   </div>
   <div class='ocr_carea' id='block_1_5' title="bbox 177 1632 901 1678">
    <p class='ocr_par' dir='ltr' id='par_1_5' title="bbox 177 1632 901 1678">
     <span class='ocr_line' id='line_1_24' title="bbox 177 1632 901 1678; baseline -0.003 -12"><span class='ocrx_word' id='word_1_117' title='bbox 177 1641 268 1666; x_wconf 84' lang='lat' dir='ltr'>teros</span> <span class='ocrx_word' id='word_1_118' title='bbox 290 1632 423 1665; x_wconf 86' lang='lat' dir='ltr'>colores</span> <span class='ocrx_word' id='word_1_119' title='bbox 443 1633 533 1666; x_wconf 87' lang='lat' dir='ltr'>infra</span> <span class='ocrx_word' id='word_1_120' title='bbox 556 1645 591 1666; x_wconf 87' lang='lat' dir='ltr'>se</span> <span class='ocrx_word' id='word_1_121' title='bbox 612 1633 744 1678; x_wconf 87' lang='lat' dir='ltr'>positos</span> <span class='ocrx_word' id='word_1_122' title='bbox 766 1645 854 1678; x_wconf 82' lang='lat' dir='ltr'>prae-</span> <span class='ocrx_word' id='word_1_123' title='bbox 899 1658 901 1664; x_wconf 67' lang='grc'>,</span> 
     </span>
    </p>
   </div>
   <div class='ocr_carea' id='block_1_6' title="bbox 176 1685 867 2673">
    <p class='ocr_par' dir='ltr' id='par_1_6' title="bbox 176 1685 857 1932">
     <span class='ocr_line' id='line_1_25' title="bbox 176 1685 852 1731; baseline -0.001 -13"><span class='ocrx_word' id='word_1_124' title='bbox 176 1697 323 1731; x_wconf 83' lang='lat' dir='ltr'>gravans</span> <span class='ocrx_word' id='word_1_125' title='bbox 339 1700 346 1725; x_wconf 89' lang='grc'>;</span> <span class='ocrx_word' id='word_1_126' title='bbox 363 1685 410 1719; x_wconf 87' lang='lat' dir='ltr'>sic</span> <span class='ocrx_word' id='word_1_127' title='bbox 423 1685 563 1731; x_wconf 78' lang='lat' dir='ltr'>improba</span> <span class='ocrx_word' id='word_1_128' title='bbox 581 1688 716 1731; x_wconf 76' lang='lat' dir='ltr'>tegmina</span> <span class='ocrx_word' id='word_1_129' title='bbox 725 1686 852 1731; x_wconf 77' lang='lat' dir='ltr'>pedum,</span> 
     </span>
     <span class='ocr_line' id='line_1_26' title="bbox 179 1737 855 1784; baseline 0 -13"><span class='ocrx_word' id='word_1_130' title='bbox 179 1738 321 1772; x_wconf 78' lang='lat' dir='ltr'>Valerio</span> <span class='ocrx_word' id='word_1_131' title='bbox 342 1738 487 1779; x_wconf 89' lang='lat' dir='ltr'>Flacco,</span> <span class='ocrx_word' id='word_1_132' title='bbox 509 1737 554 1771; x_wconf 86' lang='lat' dir='ltr'>de</span> <span class='ocrx_word' id='word_1_133' title='bbox 578 1738 699 1772; x_wconf 84' lang='lat' dir='ltr'>calceis</span> <span class='ocrx_word' id='word_1_134' title='bbox 721 1751 855 1784; x_wconf 88' lang='lat' dir='ltr'>purpu-</span> 
     </span>
     <span class='ocr_line' id='line_1_27' title="bbox 179 1791 856 1837; baseline 0 -13"><span class='ocrx_word' id='word_1_135' title='bbox 179 1792 258 1825; x_wconf 68' lang='lat' dir='ltr'>reis.</span> <span class='ocrx_word' id='word_1_136' title='bbox 281 1791 373 1824; x_wconf 88' lang='lat' dir='ltr'>Hinc</span> <span class='ocrx_word' id='word_1_137' title='bbox 394 1792 527 1836; x_wconf 85' lang='lat' dir='ltr'>conjice</span> <span class='ocrx_word' id='word_1_138' title='bbox 548 1791 634 1837; x_wconf 89' lang='lat' dir='ltr'>quid</span> <span class='ocrx_word' id='word_1_139' title='bbox 657 1803 721 1836; x_wconf 88' lang='lat' dir='ltr'>per</span> <span class='ocrx_word' id='word_1_140' title='bbox 741 1794 856 1836; x_wconf 63' lang='lat' dir='ltr'>improo</span> 
     </span>
     <span class='ocr_line' id='line_1_28' title="bbox 180 1843 857 1889; baseline 0.001 -13"><span class='ocrx_word' id='word_1_141' title='bbox 180 1844 235 1877; x_wconf 80' lang='lat' dir='ltr'>bas</span> <span class='ocrx_word' id='word_1_142' title='bbox 251 1846 346 1889; x_wconf 78' lang='lat' dir='ltr'>tigres</span> <span class='ocrx_word' id='word_1_143' title='bbox 364 1843 554 1889; x_wconf 83' lang='lat' dir='ltr'>intelligat,</span> <span class='ocrx_word' id='word_1_144' title='bbox 576 1844 712 1877; x_wconf 87' lang='lat' dir='ltr'>feritate</span> <span class='ocrx_word' id='word_1_145' title='bbox 729 1845 801 1878; x_wconf 90' lang='lat' dir='ltr'>scil.</span> <span class='ocrx_word' id='word_1_146' title='bbox 822 1852 857 1877; x_wconf 89' lang='lat' dir='ltr'>et</span> 
     </span>
     <span class='ocr_line' id='line_1_29' title="bbox 180 1897 751 1932; baseline 0 -1"><span class='ocrx_word' id='word_1_147' title='bbox 180 1898 308 1932; x_wconf 84' lang='lat' dir='ltr'>saevitia</span> <span class='ocrx_word' id='word_1_148' title='bbox 328 1898 543 1931; x_wconf 82' lang='lat' dir='ltr'>excellentes.</span> <span class='ocrx_word' id='word_1_149' title='bbox 565 1897 751 1931; x_wconf 75' lang='lat' dir='ltr'>Salmasius.</span> 
     </span>
    </p>

    <p class='ocr_par' dir='ltr' id='par_1_7' title="bbox 181 1950 866 2473">
     <span class='ocr_line' id='line_1_30' title="bbox 235 1950 857 1996; baseline -0.003 -12"><span class='ocrx_word' id='word_1_150' title='bbox 235 1950 268 1984; x_wconf 82' lang='lat'>3.</span> <span class='ocrx_word' id='word_1_151' title='bbox 292 1951 464 1996; x_wconf 71' lang='lat' dir='ltr'>Indulgent</span> <span class='ocrx_word' id='word_1_152' title='bbox 477 1953 678 1996; x_wconf 72' lang='lat' dir='ltr'>patientiam.</span> <span class='ocrx_word' id='word_1_153' title='bbox 701 1950 857 1983; x_wconf 85' lang='lat' dir='ltr'>Ramire-</span> 
     </span>
     <span class='ocr_line' id='line_1_31' title="bbox 182 2002 858 2049; baseline -0.003 -12"><span class='ocrx_word' id='word_1_154' title='bbox 182 2002 251 2037; x_wconf 85' lang='lat' dir='ltr'>sius</span> <span class='ocrx_word' id='word_1_155' title='bbox 267 2003 315 2037; x_wconf 87' lang='lat' dir='ltr'>sic</span> <span class='ocrx_word' id='word_1_156' title='bbox 331 2004 426 2037; x_wconf 85' lang='lat' dir='ltr'>hunc</span> <span class='ocrx_word' id='word_1_157' title='bbox 444 2004 561 2037; x_wconf 86' lang='lat' dir='ltr'>locum</span> <span class='ocrx_word' id='word_1_158' title='bbox 579 2004 725 2049; x_wconf 80' lang='lat' dir='ltr'>accipit:</span> <span class='ocrx_word' id='word_1_159' title='bbox 746 2003 858 2036; x_wconf 74' lang='lat' dir='ltr'>Indul-</span> 
     </span>
     <span class='ocr_line' id='line_1_32' title="bbox 181 2056 859 2101; baseline 0 -13"><span class='ocrx_word' id='word_1_160' title='bbox 181 2070 275 2101; x_wconf 74' lang='lat' dir='ltr'>gere,</span> <span class='ocrx_word' id='word_1_161' title='bbox 292 2056 378 2090; x_wconf 86' lang='lat' dir='ltr'>dicit</span> <span class='ocrx_word' id='word_1_162' title='bbox 390 2083 399 2098; x_wconf 82' lang='lat'>‚</span> <span class='ocrx_word' id='word_1_163' title='bbox 420 2065 470 2090; x_wconf 87' lang='lat' dir='ltr'>est</span> <span class='ocrx_word' id='word_1_164' title='bbox 489 2056 572 2090; x_wconf 87' lang='lat' dir='ltr'>dare</span> <span class='ocrx_word' id='word_1_165' title='bbox 592 2057 645 2090; x_wconf 74' lang='lat' dir='ltr'>vel</span> <span class='ocrx_word' id='word_1_166' title='bbox 665 2057 779 2090; x_wconf 88' lang='lat' dir='ltr'>facere</span> <span class='ocrx_word' id='word_1_167' title='bbox 797 2056 859 2089; x_wconf 87' lang='lat' dir='ltr'>ali-</span> 
     </span>
     <span class='ocr_line' id='line_1_33' title="bbox 183 2108 861 2156; baseline 0.001 -15"><span class='ocrx_word' id='word_1_168' title='bbox 183 2108 269 2154; x_wconf 82' lang='lat' dir='ltr'>quid</span> <span class='ocrx_word' id='word_1_169' title='bbox 288 2117 345 2142; x_wconf 84' lang='lat' dir='ltr'>tua</span> <span class='ocrx_word' id='word_1_170' title='bbox 367 2110 547 2144; x_wconf 83' lang='lat' dir='ltr'>voluntate</span> <span class='ocrx_word' id='word_1_171' title='bbox 559 2136 567 2151; x_wconf 89' lang='lat'>‚</span> <span class='ocrx_word' id='word_1_172' title='bbox 585 2109 681 2156; x_wconf 87' lang='lat' dir='ltr'>quod</span> <span class='ocrx_word' id='word_1_173' title='bbox 703 2110 784 2143; x_wconf 81' lang='lat' dir='ltr'>alias</span> <span class='ocrx_word' id='word_1_174' title='bbox 800 2122 861 2155; x_wconf 87' lang='lat' dir='ltr'>po-</span> 
     </span>
     <span class='ocr_line' id='line_1_34' title="bbox 185 2163 862 2208; baseline 0 -13"><span class='ocrx_word' id='word_1_175' title='bbox 185 2170 274 2195; x_wconf 86' lang='lat' dir='ltr'>teras</span> <span class='ocrx_word' id='word_1_176' title='bbox 286 2175 424 2208; x_wconf 84' lang='lat' dir='ltr'>negare,</span> <span class='ocrx_word' id='word_1_177' title='bbox 436 2163 463 2196; x_wconf 84' lang='lat' dir='ltr'>si</span> <span class='ocrx_word' id='word_1_178' title='bbox 474 2163 588 2196; x_wconf 76' lang='lat' dir='ltr'>velles.</span> <span class='ocrx_word' id='word_1_179' title='bbox 602 2163 658 2196; x_wconf 85' lang='lat' dir='ltr'>Sic</span> <span class='ocrx_word' id='word_1_180' title='bbox 671 2163 725 2196; x_wconf 80' lang='lat' dir='ltr'>hae</span> <span class='ocrx_word' id='word_1_181' title='bbox 742 2163 862 2208; x_wconf 85' lang='lat' dir='ltr'>tigres,</span> 
     </span>
     <span class='ocr_line' id='line_1_35' title="bbox 185 2215 859 2261; baseline 0 -13"><span class='ocrx_word' id='word_1_182' title='bbox 185 2227 295 2260; x_wconf 88' lang='lat' dir='ltr'>quum</span> <span class='ocrx_word' id='word_1_183' title='bbox 322 2224 465 2261; x_wconf 85' lang='lat' dir='ltr'>possent</span> <span class='ocrx_word' id='word_1_184' title='bbox 491 2216 528 2249; x_wconf 89' lang='lat' dir='ltr'>in</span> <span class='ocrx_word' id='word_1_185' title='bbox 552 2215 781 2261; x_wconf 84' lang='lat' dir='ltr'>flagellatores</span> <span class='ocrx_word' id='word_1_186' title='bbox 806 2216 859 2248; x_wconf 85' lang='lat' dir='ltr'>in-</span> 
     </span>
     <span class='ocr_line' id='line_1_36' title="bbox 185 2268 862 2314; baseline -0.001 -13"><span class='ocrx_word' id='word_1_187' title='bbox 185 2280 324 2314; x_wconf 81' lang='lat' dir='ltr'>surgere</span> <span class='ocrx_word' id='word_1_188' title='bbox 353 2277 387 2301; x_wconf 92' lang='lat' dir='ltr'>et</span> <span class='ocrx_word' id='word_1_189' title='bbox 417 2268 550 2314; x_wconf 84' lang='lat' dir='ltr'>flagella</span> <span class='ocrx_word' id='word_1_190' title='bbox 581 2282 653 2301; x_wconf 88' lang='lat' dir='ltr'>non</span> <span class='ocrx_word' id='word_1_191' title='bbox 682 2269 776 2314; x_wconf 86' lang='lat' dir='ltr'>pati,</span> <span class='ocrx_word' id='word_1_192' title='bbox 803 2280 862 2302; x_wconf 84' lang='lat' dir='ltr'>sua</span> 
     </span>
     <span class='ocr_line' id='line_1_37' title="bbox 186 2321 864 2355; baseline 0 -1"><span class='ocrx_word' id='word_1_193' title='bbox 186 2321 365 2355; x_wconf 84' lang='lat' dir='ltr'>voluntate</span> <span class='ocrx_word' id='word_1_194' title='bbox 395 2329 428 2354; x_wconf 91' lang='lat' dir='ltr'>et</span> <span class='ocrx_word' id='word_1_195' title='bbox 452 2322 646 2355; x_wconf 72' lang='lat' dir='ltr'>reverentia</span> <span class='ocrx_word' id='word_1_196' title='bbox 677 2321 864 2355; x_wconf 82' lang='lat' dir='ltr'>Caesariaui</span> 
     </span>
     <span class='ocr_line' id='line_1_38' title="bbox 186 2373 866 2420; baseline 0 -13"><span class='ocrx_word' id='word_1_197' title='bbox 186 2374 341 2407; x_wconf 87' lang='lat' dir='ltr'>numinis</span> <span class='ocrx_word' id='word_1_198' title='bbox 356 2400 364 2415; x_wconf 95' lang='lat'>,</span> <span class='ocrx_word' id='word_1_199' title='bbox 385 2387 461 2407; x_wconf 85' lang='lat' dir='ltr'>eam</span> <span class='ocrx_word' id='word_1_200' title='bbox 484 2375 684 2420; x_wconf 81' lang='lat' dir='ltr'>patientiam</span> <span class='ocrx_word' id='word_1_201' title='bbox 706 2373 866 2419; x_wconf 84' lang='lat' dir='ltr'>indulge-</span> 
     </span>
     <span class='ocr_line' id='line_1_39' title="bbox 186 2427 435 2473; baseline -0.008 -12"><span class='ocrx_word' id='word_1_202' title='bbox 186 2429 271 2461; x_wconf 83' lang='lat' dir='ltr'>bant</span> <span class='ocrx_word' id='word_1_203' title='bbox 287 2427 435 2473; x_wconf 87' lang='lat' dir='ltr'>flagello.</span> 
     </span>
    </p>

    <p class='ocr_par' dir='ltr' id='par_1_8' title="bbox 188 2480 867 2673">
     <span class='ocr_line' id='line_1_40' title="bbox 242 2480 866 2525; baseline -0.002 -11"><span class='ocrx_word' id='word_1_204' title='bbox 242 2485 277 2522; x_wconf 78' lang='grc'>4.</span> <span class='ocrx_word' id='word_1_205' title='bbox 297 2481 433 2525; x_wconf 77' lang='lat' dir='ltr'>Lupata.</span> <span class='ocrx_word' id='word_1_206' title='bbox 454 2480 574 2513; x_wconf 80' lang='lat' dir='ltr'>Fraena</span> <span class='ocrx_word' id='word_1_207' title='bbox 592 2489 676 2513; x_wconf 82' lang='lat' dir='ltr'>sunt</span> <span class='ocrx_word' id='word_1_208' title='bbox 695 2492 813 2525; x_wconf 81' lang='lat' dir='ltr'>aspera</span> <span class='ocrx_word' id='word_1_209' title='bbox 832 2489 866 2513; x_wconf 81' lang='lat' dir='ltr'>et</span> 
     </span>
     <span class='ocr_line' id='line_1_41' title="bbox 188 2531 866 2579; baseline -0.001 -13"><span class='ocrx_word' id='word_1_210' title='bbox 188 2533 390 2579; x_wconf 78' lang='lat' dir='ltr'>inaequalia,</span> <span class='ocrx_word' id='word_1_211' title='bbox 407 2546 424 2566; x_wconf 86' lang='lat' dir='ltr'>a</span> <span class='ocrx_word' id='word_1_212' title='bbox 443 2533 576 2578; x_wconf 88' lang='lat' dir='ltr'>lupinis</span> <span class='ocrx_word' id='word_1_213' title='bbox 593 2531 757 2566; x_wconf 84' lang='lat' dir='ltr'>dentibus</span> <span class='ocrx_word' id='word_1_214' title='bbox 773 2531 866 2566; x_wconf 82' lang='lat' dir='ltr'>dicta</span> 
     </span>
     <span class='ocr_line' id='line_1_42' title="bbox 188 2585 867 2633; baseline 0.001 -15"><span class='ocrx_word' id='word_1_215' title='bbox 188 2586 251 2633; x_wconf 85' lang='lat' dir='ltr'>qui</span> <span class='ocrx_word' id='word_1_216' title='bbox 283 2585 469 2632; x_wconf 87' lang='lat' dir='ltr'>inaequales</span> <span class='ocrx_word' id='word_1_217' title='bbox 503 2594 585 2619; x_wconf 88' lang='lat' dir='ltr'>sunt</span> <span class='ocrx_word' id='word_1_218' title='bbox 604 2610 613 2625; x_wconf 78' lang='lat'><strong><em>,</em></strong></span> <span class='ocrx_word' id='word_1_219' title='bbox 650 2595 683 2620; x_wconf 88' lang='lat' dir='ltr'>et</span> <span class='ocrx_word' id='word_1_220' title='bbox 717 2599 867 2633; x_wconf 88' lang='lat' dir='ltr'>quorum</span> 
     </span>
     <span class='ocr_line' id='line_1_43' title="bbox 191 2637 643 2673; baseline -0.002 -1"><span class='ocrx_word' id='word_1_221' title='bbox 191 2637 270 2672; x_wconf 70' lang='lat' dir='ltr'>ideo</span> <span class='ocrx_word' id='word_1_222' title='bbox 289 2651 426 2672; x_wconf 83' lang='lat' dir='ltr'>morsus</span> <span class='ocrx_word' id='word_1_223' title='bbox 444 2639 643 2673; x_wconf 82' lang='lat' dir='ltr'>acerrimus.</span> 
     </span>
    </p>
   </div>
   <div class='ocr_carea' id='block_1_7' title="bbox 906 935 1610 2684">
    <p class='ocr_par' dir='ltr' id='par_1_9' title="bbox 907 935 1584 1041">
     <span class='ocr_line' id='line_1_44' title="bbox 962 935 1584 986; baseline -0.014 -10"><span class='ocrx_word' id='word_1_224' title='bbox 962 942 996 976; x_wconf 88' lang='lat'>5.</span> <span class='ocrx_word' id='word_1_225' title='bbox 1019 941 1223 986; x_wconf 63' lang='lat' dir='ltr'>Quodsi-eno</span> <span class='ocrx_word' id='word_1_226' title='bbox 1245 937 1324 972; x_wconf 89' lang='lat' dir='ltr'>Ald.</span> <span class='ocrx_word' id='word_1_227' title='bbox 1348 938 1446 970; x_wconf 86' lang='lat' dir='ltr'>Junt.</span> <span class='ocrx_word' id='word_1_228' title='bbox 1470 935 1584 968; x_wconf 83' lang='lat' dir='ltr'>Colin.</span> 
     </span>
     <span class='ocr_line' id='line_1_45' title="bbox 907 995 1126 1041; baseline -0.005 -13"><span class='ocrx_word' id='word_1_229' title='bbox 907 995 1044 1041; x_wconf 81' lang='lat' dir='ltr'>Gryph.</span> <span class='ocrx_word' id='word_1_230' title='bbox 1062 1003 1126 1028; x_wconf 85' lang='lat' dir='ltr'>etc.</span> 
     </span>
    </p>

    <p class='ocr_par' dir='ltr' id='par_1_10' title="bbox 906 1042 1591 1358">
     <span class='ocr_line' id='line_1_46' title="bbox 961 1042 1583 1090; baseline -0.011 -9"><span class='ocrx_word' id='word_1_231' title='bbox 961 1052 994 1082; x_wconf 87' lang='lat'>6.</span> <span class='ocrx_word' id='word_1_232' title='bbox 1022 1048 1179 1082; x_wconf 52' lang='lat' dir='ltr'>Gali-don.</span> <span class='ocrx_word' id='word_1_233' title='bbox 1203 1043 1388 1090; x_wconf 82' lang='lat' dir='ltr'>Oppidum</span> <span class='ocrx_word' id='word_1_234' title='bbox 1418 1042 1556 1076; x_wconf 80' lang='lat' dir='ltr'>AEtoliae</span> <span class='ocrx_word' id='word_1_235' title='bbox 1575 1068 1583 1081; x_wconf 89' lang='lat'>‚</span> 
     </span>
     <span class='ocr_line' id='line_1_47' title="bbox 906 1090 1587 1145; baseline -0.01 -11"><span class='ocrx_word' id='word_1_236' title='bbox 906 1100 1014 1134; x_wconf 88' lang='lat' dir='ltr'>hodie</span> <span class='ocrx_word' id='word_1_237' title='bbox 1038 1090 1151 1145; x_wconf 57' lang='lat' dir='ltr'>Ailon</span> <span class='ocrx_word' id='word_1_238' title='bbox 1167 1127 1175 1140; x_wconf 92' lang='lat'><em>,</em></span> <span class='ocrx_word' id='word_1_239' title='bbox 1202 1099 1262 1132; x_wconf 88' lang='lat' dir='ltr'>ubi</span> <span class='ocrx_word' id='word_1_240' title='bbox 1291 1097 1484 1142; x_wconf 82' lang='lat' dir='ltr'>Meleager,</span> <span class='ocrx_word' id='word_1_241' title='bbox 1504 1097 1587 1128; x_wconf 87' lang='lat' dir='ltr'>Ata-</span> 
     </span>
     <span class='ocr_line' id='line_1_48' title="bbox 908 1149 1588 1198; baseline -0.009 -11"><span class='ocrx_word' id='word_1_242' title='bbox 908 1155 1001 1188; x_wconf 89' lang='lat' dir='ltr'>lanta</span> <span class='ocrx_word' id='word_1_243' title='bbox 1023 1162 1056 1187; x_wconf 88' lang='lat' dir='ltr'>et</span> <span class='ocrx_word' id='word_1_244' title='bbox 1080 1153 1212 1186; x_wconf 83' lang='lat' dir='ltr'>delecta</span> <span class='ocrx_word' id='word_1_245' title='bbox 1238 1151 1431 1198; x_wconf 76' lang='lat' dir='ltr'>juventutis</span> <span class='ocrx_word' id='word_1_246' title='bbox 1457 1149 1588 1183; x_wconf 81' lang='lat' dir='ltr'>Graecae</span> 
     </span>
     <span class='ocr_line' id='line_1_49' title="bbox 909 1202 1591 1252; baseline -0.009 -12"><span class='ocrx_word' id='word_1_247' title='bbox 909 1220 1016 1240; x_wconf 86' lang='lat' dir='ltr'>manu</span> <span class='ocrx_word' id='word_1_248' title='bbox 1027 1205 1184 1252; x_wconf 85' lang='lat' dir='ltr'>adjutus,</span> <span class='ocrx_word' id='word_1_249' title='bbox 1201 1206 1378 1238; x_wconf 82' lang='lat' dir='ltr'>interemit</span> <span class='ocrx_word' id='word_1_250' title='bbox 1393 1215 1517 1248; x_wconf 78' lang='lat' dir='ltr'>aprum</span> <span class='ocrx_word' id='word_1_251' title='bbox 1539 1202 1591 1235; x_wconf 87' lang='lat' dir='ltr'>in-</span> 
     </span>
     <span class='ocr_line' id='line_1_50' title="bbox 908 1256 1588 1305; baseline -0.007 -12"><span class='ocrx_word' id='word_1_252' title='bbox 908 1260 1020 1305; x_wconf 84' lang='lat' dir='ltr'>gentis</span> <span class='ocrx_word' id='word_1_253' title='bbox 1031 1258 1298 1305; x_wconf 76' lang='lat' dir='ltr'>magnitudini53</span> <span class='ocrx_word' id='word_1_254' title='bbox 1310 1256 1380 1290; x_wconf 82' lang='lat' dir='ltr'>vid.</span> <span class='ocrx_word' id='word_1_255' title='bbox 1395 1257 1455 1289; x_wconf 90' lang='lat' dir='ltr'>lib.</span> <span class='ocrx_word' id='word_1_256' title='bbox 1471 1256 1588 1301; x_wconf 86' lang='lat' dir='ltr'>Spect.</span> 
     </span>
     <span class='ocr_line' id='line_1_51' title="bbox 910 1313 1296 1358; baseline -0.005 -12"><span class='ocrx_word' id='word_1_257' title='bbox 910 1313 1020 1358; x_wconf 85' lang='lat' dir='ltr'>epigr.</span> <span class='ocrx_word' id='word_1_258' title='bbox 1040 1326 1095 1354; x_wconf 77' lang='lat' dir='ltr'>xv,</span> <span class='ocrx_word' id='word_1_259' title='bbox 1112 1325 1145 1345; x_wconf 78' lang='lat' dir='ltr'>v.</span> <span class='ocrx_word' id='word_1_260' title='bbox 1175 1328 1188 1345; x_wconf 85' lang='lat'>1</span> <span class='ocrx_word' id='word_1_261' title='bbox 1207 1319 1241 1345; x_wconf 90' lang='lat' dir='ltr'>et</span> <span class='ocrx_word' id='word_1_262' title='bbox 1263 1324 1296 1344; x_wconf 86' lang='lat'>2.</span> 
     </span>
    </p>

    <p class='ocr_par' dir='ltr' id='par_1_11' title="bbox 910 1361 1591 1624">
     <span class='ocr_line' id='line_1_52' title="bbox 965 1361 1590 1411; baseline -0.011 -11"><span class='ocrx_word' id='word_1_263' title='bbox 965 1379 1000 1411; x_wconf 85' lang='lat'>7.</span> <span class='ocrx_word' id='word_1_264' title='bbox 1031 1366 1199 1411; x_wconf 56' lang='lat' dir='ltr'>Capina-is.</span> <span class='ocrx_word' id='word_1_265' title='bbox 1232 1363 1434 1409; x_wconf 83' lang='lat' dir='ltr'>Capistrum</span> <span class='ocrx_word' id='word_1_266' title='bbox 1468 1370 1518 1395; x_wconf 88' lang='lat' dir='ltr'>est</span> <span class='ocrx_word' id='word_1_267' title='bbox 1547 1361 1590 1393; x_wconf 94' lang='lat' dir='ltr'>li-</span> 
     </span>
     <span class='ocr_line' id='line_1_53' title="bbox 910 1417 1590 1464; baseline -0.009 -12"><span class='ocrx_word' id='word_1_268' title='bbox 910 1432 1017 1464; x_wconf 88' lang='lat' dir='ltr'>gnum</span> <span class='ocrx_word' id='word_1_269' title='bbox 1065 1417 1161 1464; x_wconf 89' lang='lat' dir='ltr'>quod</span> <span class='ocrx_word' id='word_1_270' title='bbox 1208 1417 1376 1450; x_wconf 87' lang='lat' dir='ltr'>inseritur</span> <span class='ocrx_word' id='word_1_271' title='bbox 1418 1427 1590 1461; x_wconf 87' lang='lat' dir='ltr'>equorum</span> 
     </span>
     <span class='ocr_line' id='line_1_54' title="bbox 911 1470 1591 1515; baseline -0.006 -11"><span class='ocrx_word' id='word_1_272' title='bbox 911 1472 1013 1513; x_wconf 85' lang='lat' dir='ltr'>collo,</span> <span class='ocrx_word' id='word_1_273' title='bbox 1042 1470 1127 1504; x_wconf 88' lang='lat' dir='ltr'>dum</span> <span class='ocrx_word' id='word_1_274' title='bbox 1151 1479 1266 1504; x_wconf 81' lang='lat' dir='ltr'>aratro</span> <span class='ocrx_word' id='word_1_275' title='bbox 1291 1471 1512 1515; x_wconf 82' lang='lat' dir='ltr'>junguntur,</span> <span class='ocrx_word' id='word_1_276' title='bbox 1532 1475 1591 1500; x_wconf 86' lang='lat' dir='ltr'>aut</span> 
     </span>
     <span class='ocr_line' id='line_1_55' title="bbox 912 1521 1591 1570; baseline -0.007 -12"><span class='ocrx_word' id='word_1_277' title='bbox 912 1525 1092 1558; x_wconf 82' lang='lat' dir='ltr'>vinculum</span> <span class='ocrx_word' id='word_1_278' title='bbox 1112 1537 1185 1570; x_wconf 88' lang='lat' dir='ltr'>quo</span> <span class='ocrx_word' id='word_1_279' title='bbox 1207 1523 1351 1557; x_wconf 85' lang='lat' dir='ltr'>illorum</span> <span class='ocrx_word' id='word_1_280' title='bbox 1378 1535 1416 1555; x_wconf 91' lang='lat' dir='ltr'>os</span> <span class='ocrx_word' id='word_1_281' title='bbox 1437 1521 1591 1554; x_wconf 88' lang='lat' dir='ltr'>obstrin-</span> 
     </span>
     <span class='ocr_line' id='line_1_56' title="bbox 912 1579 1425 1624; baseline -0.008 -13"><span class='ocrx_word' id='word_1_282' title='bbox 912 1579 1027 1624; x_wconf 78' lang='lat' dir='ltr'>gitur,</span> <span class='ocrx_word' id='word_1_283' title='bbox 1046 1590 1091 1610; x_wconf 92' lang='lat' dir='ltr'>ne</span> <span class='ocrx_word' id='word_1_284' title='bbox 1110 1589 1251 1623; x_wconf 80' lang='lat' dir='ltr'>gramen</span> <span class='ocrx_word' id='word_1_285' title='bbox 1271 1583 1425 1621; x_wconf 84' lang='lat' dir='ltr'>carpant.</span> 
     </span>
    </p>

    <p class='ocr_par' dir='ltr' id='par_1_12' title="bbox 913 1627 1598 1994">
     <span class='ocr_line' id='line_1_57' title="bbox 967 1627 1593 1664; baseline -0.01 0"><span class='ocrx_word' id='word_1_286' title='bbox 967 1632 999 1664; x_wconf 86' lang='grc'>8.</span> <span class='ocrx_word' id='word_1_287' title='bbox 1028 1631 1164 1664; x_wconf 71' lang='lat' dir='ltr'>Esseda.</span> <span class='ocrx_word' id='word_1_288' title='bbox 1194 1630 1282 1664; x_wconf 90' lang='lat' dir='ltr'>Sunt</span> <span class='ocrx_word' id='word_1_289' title='bbox 1308 1640 1429 1662; x_wconf 88' lang='lat' dir='ltr'>currus</span> <span class='ocrx_word' id='word_1_290' title='bbox 1455 1627 1593 1659; x_wconf 87' lang='lat' dir='ltr'>Britan-</span> 
     </span>
     <span class='ocr_line' id='line_1_58' title="bbox 913 1681 1594 1722; baseline -0.007 -4"><span class='ocrx_word' id='word_1_291' title='bbox 913 1684 1005 1722; x_wconf 79' lang='grc'>11161,</span> <span class='ocrx_word' id='word_1_292' title='bbox 1027 1685 1082 1717; x_wconf 66' lang='lat' dir='ltr'>‘vel</span> <span class='ocrx_word' id='word_1_293' title='bbox 1100 1684 1205 1718; x_wconf 86' lang='lat' dir='ltr'>etiam</span> <span class='ocrx_word' id='word_1_294' title='bbox 1224 1681 1594 1717; x_wconf 47' lang='lat' dir='ltr'>Gallici—Bimatra.</span> 
     </span>
     <span class='ocr_line' id='line_1_59' title="bbox 913 1733 1593 1780; baseline -0.009 -9"><span class='ocrx_word' id='word_1_295' title='bbox 913 1738 1019 1770; x_wconf 81' lang='lat' dir='ltr'>Bison</span> <span class='ocrx_word' id='word_1_296' title='bbox 1035 1738 1106 1771; x_wconf 88' lang='lat' dir='ltr'>fera</span> <span class='ocrx_word' id='word_1_297' title='bbox 1124 1736 1300 1778; x_wconf 19' lang='lat' dir='ltr'>est‚rcervi</span> <span class='ocrx_word' id='word_1_298' title='bbox 1317 1736 1427 1780; x_wconf 82' lang='lat' dir='ltr'>figura</span> <span class='ocrx_word' id='word_1_299' title='bbox 1439 1760 1448 1776; x_wconf 91' lang='lat'>,</span> <span class='ocrx_word' id='word_1_300' title='bbox 1464 1733 1508 1766; x_wconf 88' lang='lat' dir='ltr'>de</span> <span class='ocrx_word' id='word_1_301' title='bbox 1524 1745 1593 1779; x_wconf 83' lang='lat' dir='ltr'>qua</span> 
     </span>
     <span class='ocr_line' id='line_1_60' title="bbox 914 1787 1598 1835; baseline -0.009 -11"><span class='ocrx_word' id='word_1_302' title='bbox 914 1790 1046 1824; x_wconf 90' lang='lat' dir='ltr'>mentio</span> <span class='ocrx_word' id='word_1_303' title='bbox 1087 1791 1146 1824; x_wconf 90' lang='lat' dir='ltr'>lib.</span> <span class='ocrx_word' id='word_1_304' title='bbox 1179 1790 1292 1835; x_wconf 87' lang='lat' dir='ltr'>Spect.</span> <span class='ocrx_word' id='word_1_305' title='bbox 1336 1787 1447 1834; x_wconf 87' lang='lat' dir='ltr'>epigr.</span> <span class='ocrx_word' id='word_1_306' title='bbox 1478 1798 1572 1819; x_wconf 76' lang='lat' dir='ltr'>xx111</span> <span class='ocrx_word' id='word_1_307' title='bbox 1589 1811 1598 1825; x_wconf 80' lang='lat'>‚</span> 
     </span>
     <span class='ocr_line' id='line_1_61' title="bbox 914 1838 1597 1887; baseline -0.009 -10"><span class='ocrx_word' id='word_1_308' title='bbox 914 1856 947 1877; x_wconf 85' lang='lat' dir='ltr'>v.</span> <span class='ocrx_word' id='word_1_309' title='bbox 980 1848 1012 1884; x_wconf 70' lang='grc'>4.</span> <span class='ocrx_word' id='word_1_310' title='bbox 1042 1864 1092 1870; x_wconf 90' lang='lat'>—</span> <span class='ocrx_word' id='word_1_311' title='bbox 1125 1844 1245 1887; x_wconf 79' lang='lat' dir='ltr'>Turpes</span> <span class='ocrx_word' id='word_1_312' title='bbox 1275 1849 1399 1882; x_wconf 85' lang='lat' dir='ltr'>vocat,</span> <span class='ocrx_word' id='word_1_313' title='bbox 1427 1840 1509 1886; x_wconf 86' lang='lat' dir='ltr'>quia</span> <span class='ocrx_word' id='word_1_314' title='bbox 1536 1838 1597 1872; x_wconf 87' lang='lat' dir='ltr'>de-</span> 
     </span>
     <span class='ocr_line' id='line_1_62' title="bbox 916 1892 1597 1941; baseline -0.007 -12"><span class='ocrx_word' id='word_1_315' title='bbox 916 1897 1057 1930; x_wconf 86' lang='lat' dir='ltr'>formes.</span> <span class='ocrx_word' id='word_1_316' title='bbox 1078 1895 1162 1929; x_wconf 76' lang='lat' dir='ltr'>Vid.</span> <span class='ocrx_word' id='word_1_317' title='bbox 1180 1896 1282 1941; x_wconf 85' lang='lat' dir='ltr'>Virg.</span> <span class='ocrx_word' id='word_1_318' title='bbox 1306 1894 1434 1938; x_wconf 86' lang='lat' dir='ltr'>Georg.</span> <span class='ocrx_word' id='word_1_319' title='bbox 1451 1893 1511 1926; x_wconf 89' lang='lat' dir='ltr'>lib.</span> <span class='ocrx_word' id='word_1_320' title='bbox 1531 1892 1597 1932; x_wconf 85' lang='lat' dir='ltr'>IV,</span> 
     </span>
     <span class='ocr_line' id='line_1_63' title="bbox 915 1948 1154 1994; baseline -0.013 -11"><span class='ocrx_word' id='word_1_321' title='bbox 915 1962 951 1983; x_wconf 87' lang='lat' dir='ltr'>v.</span> <span class='ocrx_word' id='word_1_322' title='bbox 977 1948 1064 1994; x_wconf 79' lang='lat'>395.</span> <span class='ocrx_word' id='word_1_323' title='bbox 1087 1950 1154 1982; x_wconf 78' lang='lat' dir='ltr'>En.</span> 
     </span>
    </p>

    <p class='ocr_par' dir='ltr' id='par_1_13' title="bbox 918 1996 1610 2684">
     <span class='ocr_line' id='line_1_64' title="bbox 975 1996 1596 2046; baseline -0.01 -11"><span class='ocrx_word' id='word_1_324' title='bbox 975 2014 1031 2035; x_wconf 93' lang='lat'>10.</span> <span class='ocrx_word' id='word_1_325' title='bbox 1047 2002 1151 2046; x_wconf 73' lang='lat' dir='ltr'>Nigro</span> <span class='ocrx_word' id='word_1_326' title='bbox 1166 2001 1269 2034; x_wconf 77' lang='lat' dir='ltr'>bellua</span> <span class='ocrx_word' id='word_1_327' title='bbox 1284 2013 1344 2032; x_wconf 82' lang='lat' dir='ltr'>non</span> <span class='ocrx_word' id='word_1_328' title='bbox 1355 2007 1453 2044; x_wconf 73' lang='lat' dir='ltr'>negat</span> <span class='ocrx_word' id='word_1_329' title='bbox 1466 2000 1501 2031; x_wconf 89' lang='grc'>111</span> <span class='ocrx_word' id='word_1_330' title='bbox 1517 1996 1596 2031; x_wconf 86' lang='lat' dir='ltr'>cod.</span> 
     </span>
     <span class='ocr_line' id='line_1_65' title="bbox 919 2052 1598 2089; baseline -0.007 -1"><span class='ocrx_word' id='word_1_331' title='bbox 919 2054 1102 2089; x_wconf 83' lang='lat' dir='ltr'>Arondell.</span> <span class='ocrx_word' id='word_1_332' title='bbox 1123 2053 1209 2088; x_wconf 84' lang='lat' dir='ltr'>Vid.</span> <span class='ocrx_word' id='word_1_333' title='bbox 1230 2053 1451 2087; x_wconf 83' lang='lat' dir='ltr'>Gronovium</span> <span class='ocrx_word' id='word_1_334' title='bbox 1472 2052 1508 2084; x_wconf 88' lang='lat' dir='ltr'>in</span> <span class='ocrx_word' id='word_1_335' title='bbox 1524 2063 1598 2084; x_wconf 79' lang='lat' dir='ltr'>var.</span> 
     </span>
     <span class='ocr_line' id='line_1_66' title="bbox 918 2104 1600 2152; baseline -0.009 -10"><span class='ocrx_word' id='word_1_336' title='bbox 918 2116 992 2142; x_wconf 83' lang='lat' dir='ltr'>not.</span> <span class='ocrx_word' id='word_1_337' title='bbox 1014 2107 1057 2141; x_wconf 86' lang='lat' dir='ltr'>de</span> <span class='ocrx_word' id='word_1_338' title='bbox 1075 2109 1183 2141; x_wconf 72' lang='lat' dir='ltr'>verbo</span> <span class='ocrx_word' id='word_1_339' title='bbox 1206 2121 1321 2152; x_wconf 77' lang='lat' dir='ltr'>negare</span> <span class='ocrx_word' id='word_1_340' title='bbox 1338 2104 1542 2151; x_wconf 82' lang='lat' dir='ltr'>simpliciter</span> <span class='ocrx_word' id='word_1_341' title='bbox 1561 2115 1600 2136; x_wconf 89' lang='lat' dir='ltr'>ac</span> 
     </span>
     <span class='ocr_line' id='line_1_67' title="bbox 920 2157 1598 2206; baseline -0.009 -11"><span class='ocrx_word' id='word_1_342' title='bbox 920 2162 994 2195; x_wconf 89' lang='lat' dir='ltr'>sine</span> <span class='ocrx_word' id='word_1_343' title='bbox 1023 2174 1123 2203; x_wconf 87' lang='lat' dir='ltr'>casu,</span> <span class='ocrx_word' id='word_1_344' title='bbox 1152 2174 1214 2194; x_wconf 85' lang='lat' dir='ltr'>non</span> <span class='ocrx_word' id='word_1_345' title='bbox 1237 2173 1350 2206; x_wconf 77' lang='lat' dir='ltr'>parere</span> <span class='ocrx_word' id='word_1_346' title='bbox 1371 2157 1598 2204; x_wconf 83' lang='lat' dir='ltr'>significante.</span> 
     </span>
     <span class='ocr_line' id='line_1_68' title="bbox 921 2211 1600 2259; baseline -0.009 -11"><span class='ocrx_word' id='word_1_347' title='bbox 921 2215 1091 2259; x_wconf 78' lang='lat' dir='ltr'>——Nigro</span> <span class='ocrx_word' id='word_1_348' title='bbox 1115 2214 1217 2247; x_wconf 74' lang='lat' dir='ltr'>bellua</span> <span class='ocrx_word' id='word_1_349' title='bbox 1232 2241 1242 2254; x_wconf 83' lang='lat'><em>‚</em></span> <span class='ocrx_word' id='word_1_350' title='bbox 1272 2221 1336 2247; x_wconf 91' lang='lat' dir='ltr'>etc.</span> <span class='ocrx_word' id='word_1_351' title='bbox 1363 2211 1600 2256; x_wconf 87' lang='lat' dir='ltr'>Elephantum</span> 
     </span>
     <span class='ocr_line' id='line_1_69' title="bbox 922 2264 1605 2313; baseline -0.006 -13"><span class='ocrx_word' id='word_1_352' title='bbox 922 2268 1076 2313; x_wconf 86' lang='lat' dir='ltr'>intellige</span> <span class='ocrx_word' id='word_1_353' title='bbox 1090 2294 1098 2309; x_wconf 93' lang='lat'><strong><em>‚</em></strong></span> <span class='ocrx_word' id='word_1_354' title='bbox 1117 2279 1222 2313; x_wconf 88' lang='lat' dir='ltr'>quem</span> <span class='ocrx_word' id='word_1_355' title='bbox 1237 2266 1329 2311; x_wconf 83' lang='lat' dir='ltr'>nigri</span> <span class='ocrx_word' id='word_1_356' title='bbox 1350 2264 1532 2309; x_wconf 60' lang='lat' dir='ltr'>EEthiopes</span> <span class='ocrx_word' id='word_1_357' title='bbox 1551 2275 1605 2296; x_wconf 86' lang='lat' dir='ltr'>re·</span> 
     </span>
     <span class='ocr_line' id='line_1_70' title="bbox 925 2318 1605 2367; baseline -0.009 -13"><span class='ocrx_word' id='word_1_358' title='bbox 925 2329 1024 2367; x_wconf 87' lang='lat' dir='ltr'>gunt.</span> <span class='ocrx_word' id='word_1_359' title='bbox 1046 2319 1132 2353; x_wconf 76' lang='lat' dir='ltr'>Vid.</span> <span class='ocrx_word' id='word_1_360' title='bbox 1154 2321 1217 2353; x_wconf 88' lang='lat' dir='ltr'>lib.</span> <span class='ocrx_word' id='word_1_361' title='bbox 1245 2320 1312 2361; x_wconf 82' lang='lat' dir='ltr'>VI,</span> <span class='ocrx_word' id='word_1_362' title='bbox 1327 2318 1436 2364; x_wconf 85' lang='lat' dir='ltr'>epigr.</span> <span class='ocrx_word' id='word_1_363' title='bbox 1458 2328 1580 2350; x_wconf 78' lang='lat' dir='ltr'>Lxxvu</span> <span class='ocrx_word' id='word_1_364' title='bbox 1597 2341 1605 2356; x_wconf 89' lang='lat'>‚</span> 
     </span>
     <span class='ocr_line' id='line_1_71' title="bbox 925 2369 1606 2418; baseline -0.007 -12"><span class='ocrx_word' id='word_1_365' title='bbox 925 2387 958 2406; x_wconf 83' lang='lat' dir='ltr'>v.</span> <span class='ocrx_word' id='word_1_366' title='bbox 982 2375 1001 2408; x_wconf 91' lang='lat'>8</span> <span class='ocrx_word' id='word_1_367' title='bbox 1016 2386 1023 2405; x_wconf 92' lang='lat'>:</span> <span class='ocrx_word' id='word_1_368' title='bbox 1048 2391 1062 2403; x_wconf 90' lang='lat'>«</span> <span class='ocrx_word' id='word_1_369' title='bbox 1078 2374 1238 2418; x_wconf 87' lang='lat' dir='ltr'>Quaeque</span> <span class='ocrx_word' id='word_1_370' title='bbox 1255 2372 1352 2405; x_wconf 67' lang='lat' dir='ltr'>vehit</span> <span class='ocrx_word' id='word_1_371' title='bbox 1365 2370 1515 2404; x_wconf 90' lang='lat' dir='ltr'>similem</span> <span class='ocrx_word' id='word_1_372' title='bbox 1533 2369 1606 2402; x_wconf 85' lang='lat' dir='ltr'>bel-</span> 
     </span>
     <span class='ocr_line' id='line_1_72' title="bbox 925 2425 1604 2471; baseline -0.007 -12"><span class='ocrx_word' id='word_1_373' title='bbox 925 2427 986 2460; x_wconf 88' lang='lat' dir='ltr'>lua</span> <span class='ocrx_word' id='word_1_374' title='bbox 1006 2426 1107 2471; x_wconf 85' lang='lat' dir='ltr'>nigra</span> <span class='ocrx_word' id='word_1_375' title='bbox 1124 2425 1254 2471; x_wconf 85' lang='lat' dir='ltr'>Libyn.</span> <span class='ocrx_word' id='word_1_376' title='bbox 1274 2442 1287 2455; x_wconf 71' lang='grc'><strong>»</strong></span> <span class='ocrx_word' id='word_1_377' title='bbox 1313 2426 1365 2458; x_wconf 90' lang='lat' dir='ltr'>De</span> <span class='ocrx_word' id='word_1_378' title='bbox 1391 2425 1463 2469; x_wconf 86' lang='lat' dir='ltr'>ejus</span> <span class='ocrx_word' id='word_1_379' title='bbox 1489 2431 1604 2456; x_wconf 81' lang='lat' dir='ltr'>autem</span> 
     </span>
     <span class='ocr_line' id='line_1_73' title="bbox 927 2474 1605 2524; baseline -0.007 -12"><span class='ocrx_word' id='word_1_380' title='bbox 927 2479 1069 2524; x_wconf 86' lang='lat' dir='ltr'>ingenio</span> <span class='ocrx_word' id='word_1_381' title='bbox 1114 2478 1204 2512; x_wconf 87' lang='lat' dir='ltr'>mira</span> <span class='ocrx_word' id='word_1_382' title='bbox 1253 2478 1466 2511; x_wconf 86' lang='lat' dir='ltr'>referuntur.</span> <span class='ocrx_word' id='word_1_383' title='bbox 1511 2474 1605 2508; x_wconf 86' lang='lat' dir='ltr'>Vide</span> 
     </span>
     <span class='ocr_line' id='line_1_74' title="bbox 926 2529 1608 2567; baseline -0.007 -2"><span class='ocrx_word' id='word_1_384' title='bbox 926 2532 1105 2565; x_wconf 83' lang='lat' dir='ltr'>AElianum</span> <span class='ocrx_word' id='word_1_385' title='bbox 1139 2531 1182 2565; x_wconf 88' lang='lat' dir='ltr'>de</span> <span class='ocrx_word' id='word_1_386' title='bbox 1210 2531 1290 2565; x_wconf 79' lang='lat' dir='ltr'><strong>Nat.</strong></span> <span class='ocrx_word' id='word_1_387' title='bbox 1323 2531 1440 2564; x_wconf 88' lang='lat' dir='ltr'>Anim.</span> <span class='ocrx_word' id='word_1_388' title='bbox 1468 2529 1529 2562; x_wconf 87' lang='lat' dir='ltr'>lib.</span> <span class='ocrx_word' id='word_1_389' title='bbox 1550 2529 1608 2567; x_wconf 77' lang='lat' dir='ltr'>Il,</span> 
     </span>
     <span class='ocr_line' id='line_1_75' title="bbox 927 2582 1609 2631; baseline -0.01 -12"><span class='ocrx_word' id='word_1_390' title='bbox 927 2598 1002 2631; x_wconf 82' lang='lat' dir='ltr'>cap.</span> <span class='ocrx_word' id='word_1_391' title='bbox 1035 2597 1073 2619; x_wconf 91' lang='lat'>11</span> <span class='ocrx_word' id='word_1_392' title='bbox 1094 2611 1102 2626; x_wconf 92' lang='lat'>‚</span> <span class='ocrx_word' id='word_1_393' title='bbox 1137 2594 1171 2618; x_wconf 89' lang='lat' dir='ltr'>et</span> <span class='ocrx_word' id='word_1_394' title='bbox 1201 2584 1375 2620; x_wconf 89' lang='lat' dir='ltr'>Plinium,</span> <span class='ocrx_word' id='word_1_395' title='bbox 1409 2583 1469 2615; x_wconf 77' lang='lat' dir='ltr'>lib.</span> <span class='ocrx_word' id='word_1_396' title='bbox 1494 2582 1582 2614; x_wconf 83' lang='lat' dir='ltr'>VIII</span> <span class='ocrx_word' id='word_1_397' title='bbox 1601 2606 1609 2620; x_wconf 86' lang='lat'>,</span> 
     </span>
     <span class='ocr_line' id='line_1_76' title="bbox 929 2635 1610 2684; baseline -0.01 -12"><span class='ocrx_word' id='word_1_398' title='bbox 929 2650 1003 2684; x_wconf 86' lang='lat' dir='ltr'>cap.</span> <span class='ocrx_word' id='word_1_399' title='bbox 1030 2652 1046 2671; x_wconf 85' lang='lat'><em>2</em></span> <span class='ocrx_word' id='word_1_400' title='bbox 1070 2650 1078 2671; x_wconf 86' lang='lat'>:</span> <span class='ocrx_word' id='word_1_401' title='bbox 1105 2655 1116 2667; x_wconf 63' lang='lat' dir='ltr'>a</span> <span class='ocrx_word' id='word_1_402' title='bbox 1141 2637 1342 2671; x_wconf 82' lang='lat' dir='ltr'>Germanici</span> <span class='ocrx_word' id='word_1_403' title='bbox 1367 2635 1509 2670; x_wconf 79' lang='lat' dir='ltr'>Caesaris</span> <span class='ocrx_word' id='word_1_404' title='bbox 1531 2646 1610 2666; x_wconf 50' lang='lat' dir='ltr'>mua</span> 
     </span>
    </p>
   </div>
   <div class='ocr_carea' id='block_1_8' title="bbox 1318 2703 1401 2752">
    <p class='ocr_par' dir='ltr' id='par_1_14' title="bbox 1318 2703 1401 2752">
     <span class='ocr_line' id='line_1_77' title="bbox 1318 2703 1401 2752; baseline -0.012 0"><span class='ocrx_word' id='word_1_405' title='bbox 1318 2703 1401 2752; x_wconf 77' lang='lat'>10⁴</span> 
     </span>
    </p>
   </div>
  </div>
 </body>
</html>
