2061 3288
417 239 478 294 84

789 238 850 280 Μ.
873 237 1014 281 VA-L.
1055 235 1446 280 MARTIALIS

1046 388 1211 444 XLI.

930 544 988 574 1Ν
1027 522 1331 573 INVIDUM.*

488 673 584 730 QUI
617 670 738 714 ducis
769 668 938 723 vultus,
969 678 1012 712 et
1036 684 1124 712 non
1152 666 1256 728 legis
1281 668 1361 711 ista
1386 666 1589 723 libenter,

558 741 775 786 Omnibus
800 739 1012 796 invideas,
1036 738 1186 795 livide3
1214 754 1344 782 nemo
1370 737 1457 782 tibi.

490 867 547 932 ὃς
576 884 729 938 συσπᾷς
755 878 810 922 τὰ
839 879 1058 939 πρόσωπαῖ
1091 877 1157 921 καὶ
1184 876 1352 937 ἅσμενος
1380 879 1424 919 οὐ
1455 877 1508 919 τά
1536 871 1574 918 δ’
1599 878 1794 937 ἐπέγνως,

560 953 670 993 Πᾶσι
695 951 741 993 σὺ
770 951 860 1010 μὲν,
889 943 986 1009 μήδ’
1014 946 1088 999 εἷς,
1122 951 1316 1004 βασκανε,
1340 947 1401 990 σοὶ
1426 947 1592 1006 φθονέω.

475 1088 489 1103 ¹
507 1091 549 1123 In
581 1088 745 1123 omnibus
777 1087 842 1128 sic,
865 1087 923 1120 Ad
941 1087 1097 1120 Liviclum.

480 1156 511 1177 1.
550 1143 617 1187 Qui
651 1154 747 1186 rugas
780 1141 889 1173 ‘rullus
922 1140 959 1173 in
990 1152 1097 1184 marg.

423 1197 521 1230 Junt.
559 1207 667 1241 penes
701 1192 895 1227 Editorem.
916 1215 968 1220 —
988 1194 1098 1225 Ducis.

422 1249 530 1295 Rugis
551 1249 690 1282 vultum
709 1246 897 1280 contrahis.

481 1315 514 1336 2.
534 1302 674 1335 Ramires
698 1301 736 1332 de
755 1300 865 1333 Prado
883 1299 967 1345 legit
987 1299 1099 1339 livide,

424 1356 526 1389 litera
546 1354 696 1395 minori3
718 1366 797 1387 cum
814 1353 878 1386 hac
891 1361 974 1386 nota
990 1364 997 1385 ε
1012 1352 1103 1385 Male

1158 1087 1194 1119 in
1222 1085 1452 1120 Plautiuianis
1479 1084 1536 1118 hic
1565 1089 1722 1130 κυριακῶς
1750 1084 1829 1118 scri-

1158 1140 1254 1173 bitur
1283 1139 1400 1172 littera
1424 1139 1636 1183 majuscula;
1661 1145 1711 1171 est
1741 1138 1836 1170 enim

1159 1193 1290 1226 mobile
1325 1203 1468 1224 nomen.
1496 1192 1594 1225 Hanc
1630 1191 1836 1236 opinionem

1160 1245 1330 1291 adoptare
1342 1245 1488 1277 minime
1506 1243 1753 1278 dubitavimus.
1770 1244 1836 1276 En.

1161 1299 1315 1333 —Nemo
1328 1298 1395 1331 tihi.
1410 1298 1474 1330 Ille
1489 1298 1581 1330 enim
1593 1297 1752 1330 omnium
1768 1296 1835 1329 mi-

1164 1352 1335 1386 serrimus
1352 1360 1402 1387 est
1414 1375 1424 1394 7
1445 1351 1504 1384 cui
1520 1363 1624 1384 nemo
1637 1349 1785 1385 invidet.

1033 1496 1244 1553 XLII.

921 1666 975 1694 IN
1014 1645 1353 1694 CAECILIUMf

644 1794 871 1836 URBANUS
903 1791 1005 1846 tibi,
1031 1789 1198 1847 Caecili,
1218 1790 1388 1833 videris.

644 1864 747 1906 Non
773 1879 841 1916 es,
867 1861 994 1905 crede
1020 1862 1138 1905 mihi.
1165 1861 1284 1918 Quid
1314 1858 1444 1920 ergo?
1468 1876 1599 1904 verna
1626 1876 1681 1903 es.

646 1936 742 1978 Hoc
768 1933 885 1993 quod
911 1933 1259 1977 Transtiberinus
1289 1930 1553 1988 ambulator,

491 2076 505 2091 '¹
534 2081 610 2113 Hoc
638 2079 904 2125 epigrammate,
937 2078 1115 2111 urbanita-

440 2144 511 2167 tem
523 2146 541 2166 a
555 2133 763 2167 scurrilitate
776 2131 923 2164 secernit
934 2131 1099 2164 Martialis
1108 2156 1116 2171 ‚

441 2183 1116 2230 Caeciliumquemdaminducens,quem

442 2240 576 2285 egregie
593 2240 766 2272 urbanum
789 2250 824 2270 se
843 2237 1094 2270 existimantem
1109 2262 1117 2277 ⁷

443 2292 684 2337 illepidissimo
726 2290 853 2335 cuique
895 2290 1094 2323 circulatori
1109 2314 1118 2329 ‚

444 2346 572 2378 rustice
610 2354 643 2378 et
676 2345 765 2376 male
794 2343 960 2377 dicaciter
988 2342 1119 2388 jocanti

446 2406 633 2443 comparat.
657 2398 724 2430 En.

503 2463 533 2484 1.
557 2449 715 2483 Urbanus.
734 2448 881 2495 Egregie
902 2447 1050 2494 lepidus.

504 2516 536 2536 2.
563 2504 678 2535 ferna.
695 2503 822 2535 Servus
837 2514 962 2547 nempe
980 2501 1040 2546 qui
1058 2500 1121 2533 (lo-

447 2555 496 2589 mi
511 2563 611 2588 natus
622 2563 672 2588 est
686 2568 726 2588 ex
740 2555 866 2588 ancilla
877 2581 886 2596 ‚
901 2554 1049 2587 sumitur
1063 2553 1121 2587 hic

446 2621 513 2654 pro
542 2619 660 2641 scurra
686 2607 885 2652 impudenti
913 2616 947 2640 et
970 2606 1120 2653 procaci.

449 2663 501 2694 De
515 2661 739 2694 vernularum
762 2660 961 2704 importuna
982 2660 1120 2692 licentia

1175 2085 1209 2110 et
1230 2076 1436 2110 scurrilitate
1448 2077 1557 2109 multa
1572 2083 1653 2110 sunt
1667 2074 1760 2122 apud
1774 2075 1846 2109 Ho-

1174 2130 1300 2163 ratium
1314 2156 1322 2171 ‚
1345 2130 1596 2175 Senecamque,
1620 2137 1684 2162 etc.

1223 2184 1257 2216 3.
1269 2184 1365 2215 Junt.
1377 2196 1433 2216 an.
1448 2196 1460 2216 1
1472 2183 1489 2216 5
1501 2195 1513 2215 1
1525 2182 1722 2223 2,etColin.
1736 2180 1844 2221 1528,

1178 2236 1434 2281 transtyberimts.
1449 2257 1500 2262 —-
1510 2236 1582 2268 Hoc
1603 2236 1698 2282 quod.
1714 2234 1849 2279 Nempe

1177 2288 1245 2322 hoc
1259 2302 1305 2330 es,
1316 2288 1411 2334 quod
1423 2297 1472 2322 est
1484 2289 1554 2330 ille,
1567 2297 1634 2322 etc.
1650 2288 1850 2333 Sequuntur

1179 2343 1333 2388 exempla
1352 2342 1539 2375 hominum
1560 2341 1751 2375 scurriliter
1771 2352 1851 2385 pro-

1179 2396 1311 2428 cacium
1329 2421 1337 2436 ‚
1350 2396 1468 2440 quales
1481 2403 1563 2428 sunt
1575 2396 1713 2439 abjectae
1729 2391 1851 2426 condi-

1180 2448 1286 2482 tionis
1304 2448 1569 2481 homunciones.
1581 2469 1632 2474 ——-
1646 2445 1851 2480 Ambulator.

1180 2501 1355 2534 Mercator
1379 2501 1673 2534 circumforaneus
1692 2498 1763 2530 vias
1789 2498 1852 2530 ob-

1183 2554 1361 2587 ambulans
1375 2579 1385 2595 ,
1410 2553 1589 2586 vilissimas
1619 2563 1751 2584 merces
1785 2551 1853 2583 cla-

1181 2606 1340 2640 mitando
1363 2604 1580 2646 vendendas,
1600 2612 1633 2637 et
1654 2603 1756 2637 dictis
1774 2603 1853 2648 qui-

1182 2659 1326 2692 busdam
1347 2659 1547 2692 scurrilibus
1563 2666 1737 2702 emptores
1752 2668 1853 2691 aucu-
