2061 3288
433 201 1016 247 EPIGRAMMATUM
1057 201 1180 243 LIB.
1222 200 1318 241 Ill.
1490 196 1586 240 313

791 352 958 407 LIII.

684 511 753 538 AD
805 487 1080 537 CHLOEN.*

386 637 452 679 ET
481 634 605 678 vultu
633 644 829 696 poteram
862 642 939 677 tuo
970 647 1143 687 carere,

381 708 439 749 Et
467 705 603 761 collo,
629 705 941 765 manibusque,
964 702 1272 763 cruribusque,

383 779 439 820 Et
464 778 688 833 mammis,
720 776 1002 836 natibusque,
1026 773 1338 834 clunibusque:

380 849 458 905 Et,
487 865 542 892 ne
570 847 738 908 singula
769 847 971 908 persequi
998 845 1216 897 laborem,

381 920 494 963 Tota
520 929 561 962 te
586 928 807 980 poteram,
835 917 998 972 Chloe,
1031 933 1191 960 carere.

225 1053 239 1068 ⁴
252 1059 294 1091 In
306 1058 373 1091 hoc
384 1057 634 1104 epigrammate
646 1056 850 1091 exhibendo
911 1055 1107 1089 Martialem
1131 1052 1338 1087 accenderet
1353 1065 1362 1094 ;
1390 1061 1423 1085 at
1446 1065 1528 1086 vero
1552 1052 1592 1084 il-

174 1111 398 1145 consentiunt
416 1119 451 1144 et
469 1111 549 1144 libri
570 1112 703 1145 calamo
722 1110 849 1144 exarati
910 1110 979 1142 lam
997 1108 1131 1154 spernit
1147 1108 1254 1141 Poeta
1273 1107 1453 1140 affirmans
1475 1106 1591 1150 singu-

174 1173 207 1198 ot
228 1165 404 1210 impressae
422 1163 604 1198 editiones.
910 1163 952 1196 lis
984 1163 1048 1196 illis
1080 1171 1149 1195 tam
1184 1160 1332 1194 laudatis
1364 1159 1529 1193 membris
1558 1168 1591 1192 et

231 1231 243 1250 1
257 1244 264 1250 .
286 1219 332 1250 Et
347 1218 440 1250 vultu
453 1226 607 1263 poteram.
631 1217 772 1262 Singula
789 1229 851 1250 sua
911 1217 984 1261 ipsa
1004 1224 1073 1249 tota
1092 1227 1209 1248 carere
1230 1226 1340 1260 posse.
1363 1235 1413 1240 --
1432 1214 1592 1246 Poteram.

175 1272 329 1304 membra
344 1270 509 1304 laudabat
524 1271 634 1304 Chloe
651 1297 661 1312 ,
679 1279 717 1304 ut
734 1282 852 1303 amore
912 1270 980 1302 Pro
996 1282 1128 1314 possem.
1153 1268 1217 1301 En.

805 1407 960 1461 LIV.

681 1565 747 1592 An
796 1541 1082 1592 GALLAM.*

176 1691 325 1744 QUUM
352 1687 455 1730 dare
478 1703 567 1730 non
595 1688 783 1748 possim,
808 1686 927 1747 quod
950 1687 1118 1747 poscis,
1144 1684 1271 1730 Galla
1287 1721 1297 1736 ,
1320 1695 1545 1746 rogantem
1568 1702 1574 1726 :

246 1757 389 1801 Multo
416 1756 656 1819 simplicius
670 1793 682 1813 ‚
703 1756 829 1802 Galla
846 1793 856 1813 ‚
883 1774 1043 1817 negare
1068 1767 1207 1817 potes.

232 1893 245 1906 '¹
273 1895 413 1940 Detegit
443 1894 551 1927 Gallae
581 1894 751 1928 fallaciam
781 1907 858 1939 quae
918 1902 1008 1927 stare
1036 1906 1157 1938 poscas
1187 1894 1300 1935 vices⁷
1317 1894 1436 1928 malim
1463 1894 1596 1940 simpli-

177 1961 221 1981 ne.
230 1956 341 1994 poetae
350 1948 524 1994 petentiet
534 1947 735 1981 sollicitanti
745 1946 856 1989 daret,
919 1947 1005 1980 citer
1030 1947 1119 1980 mihi
1141 1960 1264 1993 neges,
1285 1960 1391 1993 quam
1421 1960 1521 1993 cogas
1544 1960 1599 1980 me

178 2001 342 2046 poscebat
361 2014 400 2035 ea
421 2014 497 2047 quae
513 2001 586 2047 ipse
600 2009 763 2047 praestare
784 2014 856 2034 non
917 2001 1085 2047 impotem
1107 2001 1218 2034 fateri.

178 2063 338 2099 poterat;
357 2055 425 2088 hoc
444 2064 559 2088 autem
584 2067 704 2100 reapse
730 2067 856 2099 negare
976 2066 1005 2087 1.
1027 2053 1236 2087 Beverlandi
1252 2053 1325 2087 MS.
1343 2054 1502 2095 exhibet,
1515 2054 1600 2099 quod

179 2116 278 2147 erat,
303 2120 375 2140 non
398 2107 603 2152 simpliciter
625 2107 685 2141 sed
707 2108 856 2140 artificio
913 2110 1016 2152 poscis
1032 2134 1040 2147 ‚
1068 2107 1169 2141 Galla
1185 2135 1194 2148 ,
1217 2110 1354 2151 roganti.

177 2159 331 2205 quodam
347 2172 354 2194 :
372 2160 564 2206 simplicius
579 2173 661 2206 ergo
677 2160 763 2194 dicit
778 2161 858 2194 Gal·
974 2174 1006 2194 2.
1040 2160 1230 2206 Simplicitas.
1256 2160 1339 2194 Vid.
1370 2161 1433 2193 lib.
1452 2162 1467 2192 Ι
1483 2187 1492 2201 ‚
1522 2160 1595 2205 epi-

178 2214 247 2246 lam
260 2214 858 2260 potuissenegare.Ranzit·cs.Sclii·e-
917 2227 1064 2259 gramm.
1092 2227 1272 2253 Lxxxwu,
1291 2227 1324 2247 v.
1354 2216 1394 2255 8;
1422 2214 1484 2248 lib.
1516 2214 1592 2251 III,

180 2267 247 2300 vel.
264 2267 311 2300 sic
332 2280 338 2300 :
363 2267 481 2307 Quum
503 2280 520 2300 a
541 2280 597 2300 me
618 2276 756 2300 noctem
779 2280 856 2312 pos-
919 2268 1028 2312 epigr.
1050 2280 1124 2300 xmi
1141 2293 1150 2308 ,
1174 2281 1203 2299 v.
1226 2268 1244 2300 3
1263 2281 1270 2306 3
1292 2277 1323 2300 et
1345 2268 1404 2300 lih
1431 2268 1477 2298 Vl
1496 2293 1503 2307 ‚
1524 2267 1596 2311 epi-

181 2328 299 2361 cente,
316 2328 354 2352 tu
377 2321 465 2353 ultra
492 2333 596 2365 qnam
615 2321 743 2365 possim
768 2333 856 2365 prae-
919 2334 1063 2365 gramm.
1085 2333 1138 2353 vu
1160 2347 1167 2361 ,
1186 2334 1216 2352 ν,
1244 2323 1276 2350 (3.
