2061 3288
471 242 535 301 94

850 240 912 282 M.
934 240 1079 283 VAL.
1119 239 1511 283 MARTIALIS

683 330 882 372 Pomona
901 327 1020 388 quod
1046 326 1149 370 felix
1174 338 1304 371 amat.

611 399 765 461 Tepidi
791 398 1008 442 innatabis
1029 396 1125 441 lene
1147 398 1345 459 Congedi
1369 398 1554 455 vadum,

680 469 924 530 Mollesque
948 469 1257 530 Nympharum
1281 468 1425 526 lacus;

611 541 785 599 Quibus
816 541 1044 584 remissum
1075 556 1235 600 corpus
1266 541 1477 602 astringas
1507 541 1629 584 brevi

686 611 866 668 Sidone,
890 612 964 671 qui
989 609 1155 654 ferrum
1181 609 1306 670 gelat.

612 683 841 728 Praestabit
866 680 951 725 illie
979 683 1072 742 ipsa
1102 680 1296 742 figendas
1326 698 1464 743 prope

689 756 731 797 V
734 753 881 798 obisca
910 752 1142 814 prandenti
1172 751 1297 796 feras,

611 826 755 869 AEstus
779 840 955 868 serenos
978 839 1111 866 aureo
1138 822 1311 883 franges
1335 825 1477 884 Tago,
1860 845 1890 869 ιε

471 987 549 1018 bem
566 983 688 1017 scribit
700 979 863 1016 Perottus
873 994 916 1015 ex
925 982 1050 1026 Polyb.
1067 989 1152 1014 teste

472 1039 498 1071 F
501 1037 646 1071 errario.

528 1093 561 1126 8.
597 1091 752 1123 Pomona.
785 1089 859 1122 Dea
895 1088 1084 1121 hortorum
1121 1095 1156 1121 et

472 1146 652 1178 fructuum
666 1169 675 1185 ‚
690 1155 708 1175 a
724 1144 827 1187 pomis
847 1140 954 1174 dicta.

530 1211 563 1242 9.
589 1197 620 1229 T
618 1196 711 1241 epida
723 1195 850 1228 natabis
863 1195 930 1227 lene
945 1194 1055 1238 cogecli
1068 1194 1156 1226 ‘vada

475 1252 510 1284 in
538 1252 680 1284 Venett.
709 1247 788 1282 Ald.
814 1249 917 1281 Junt.
940 1247 1054 1281 Colin.
1088 1255 1156 1281 etc.

481 1304 603 1350 Tepida
632 1306 758 1336 nataris
790 1302 856 1334 lene
889 1301 1034 1345 Congedi
1068 1300 1157 1333 *vada

475 1357 653 1391 Domitius
679 1355 900 1390 Calderinus.
931 1354 1045 1400 Tepidi
1064 1362 1157 1386 nata-

477 1412 522 1444 bis
555 1412 642 1449 lene,
675 1417 740 1442 etc.
773 1409 1001 1442 Pulmannus.
1042 1407 1159 1452 Tepide

477 1464 604 1497 natabis
620 1464 706 1502 lene,
727 1462 781 1496 vel
797 1462 860 1494 leve
875 1461 1079 1494 Turnebus.
1100 1461 1132 1493 T
1130 1475 1160 1493 e-

472 1518 583 1563 pidum
595 1515 781 1550 Heraldus.
797 1515 909 1559 Tepidi
917 1514 1076 1547 innatabis
1087 1514 1157 1548 alii.

479 1570 573 1605 Vide
590 1571 676 1603 Var.
695 1578 808 1602 notas.
827 1589 875 1595 —-
903 1567 1016 1613 Tepidi
1032 1570 1159 1600 innata-

478 1626 537 1659 bis.
562 1623 747 1657 Natationi
763 1621 862 1655 dabis
881 1633 1023 1667 operam
1043 1621 1080 1654 iu
1097 1620 1160 1653 ssu-

477 1679 537 1712 vio
568 1675 740 1722 Congedo
776 1675 904 1708 leniter
937 1674 1067 1707 fluente
1081 1697 1090 1713 ‚
1121 1685 1160 1706 ac

481 1732 613 1765 solibus
629 1730 754 1763 aestivis
773 1726 905 1774 tepidO.
922 1728 1080 1760 Vocatur
1094 1727 1160 1760 lio-

480 1784 538 1818 die
559 1782 745 1829 Congedus
766 1782 823 1815 vel
841 1779 1024 1826 Cogedus‚
1041 1781 1102 1813 Rio
1128 1781 1163 1813 di

485 1838 586 1872 Codes
600 1837 673 1877 ‚vel
693 1836 722 1870 C
722 1835 843 1880 ongedo
856 1861 864 1874 ‚
878 1843 912 1867 et
931 1834 967 1867 in
982 1834 1161 1874 Salonem,

479 1904 575 1925 nune
598 1890 733 1930 Kalon,
758 1887 887 1921 influit.

540 1957 597 1977 10.
617 1943 792 1988 [Mollesque
825 1941 1031 1987 nympharum
1059 1941 1160 1972 lacus.

481 2000 594 2031 Lacus
632 1996 725 2030 enim
757 1994 934 2041 Nymphis
967 1995 1054 2027 sacri
1085 2006 1093 2026 z
1129 2002 1163 2026 et

483 2051 649 2097 Nympha
670 2049 770 2094 quasi
788 2048 945 2093 lympha.
963 2068 1016 2073 —-
1034 2047 1161 2080 Molles.

484 2106 564 2138 Nou
583 2102 717 2149 rapidi,
731 2101 791 2135 sed
808 2102 931 2135 leviter
945 2108 1141 2145 stagnantes
1154 2112 1163 2142 ;

485 2168 518 2192 et
538 2158 653 2191 omnis
673 2168 762 2202 aqua
780 2155 904 2188 mollis.

544 2225 556 2245 1
570 2224 599 2244 1.
616 2211 716 2243 Junt.
740 2217 774 2242 et
792 2208 908 2242 Colin.
925 2209 1090 2251 dstringes.
1113 2221 1164 2228 ··-

485 2267 658 2298 Remissum
677 2276 799 2308 corpus.
822 2261 935 2306 Aquis
957 2261 1051 2293 enim
1071 2260 1164 2293 Con-

487 2317 587 2364 gedi,
610 2325 643 2350 et
670 2316 815 2349 lacubus
844 2314 1089 2360 Nympharum
1114 2322 1164 2346 te-

488 2372 652 2417 pentibus
673 2381 802 2415 corpus
821 2368 1011 2408 relaxatur,
1032 2375 1066 2400 et
1085 2366 1166 2412 pori

487 2425 702 2470 aperiuntur.
732 2443 782 2449 —
810 2422 995 2465 Astringas.
1027 2420 1167 2454 Etenim

487 2477 647 2523 corporis
677 2484 810 2509 meatus
835 2473 967 2508 claudit
991 2486 1081 2518 aqua
1105 2473 1168 2506 fri-

487 2530 591 2577 gida;
623 2529 732 2574 frigus
755 2528 872 2562 omnia
899 2526 1086 2561 contrahit.
1117 2547 1168 2553 —-

491 2585 586 2617 Brevi
597 2581 777 2616 Salonam
793 2590 859 2622 est,
875 2594 947 2614 non
966 2579 1164 2626 profund03

490 2637 618 2671 fluvius
639 2644 688 2669 est
705 2635 765 2681 qui
780 2634 983 2667 illabiturin
1001 2634 1145 2666 Iberum
1158 2658 1167 2673 ,

489 2690 596 2724 hodie
622 2689 744 2721 Xalon.
765 2704 814 2709 --
837 2688 935 2721 Brevi
957 2685 1165 2719 adverbium

1214 991 1287 1023 est,
1316 982 1433 1027 inquit
1463 981 1695 1027 Siponfinus,
1722 983 1790 1016 hoc
1818 992 1892 1026 est,

1214 1043 1345 1069 statim.

1274 1100 1329 1121 12.
1351 1088 1416 1132 Qui
1430 1090 1554 1131 serrum
1570 1089 1671 1133 gelat.
1688 1088 1772 1123 Vid.
1790 1101 1895 1135 supra

1217 1150 1290 1175 not.
1315 1147 1348 1183 4.

1273 1199 1328 1235 14.
1358 1194 1498 1226 Voberta
1530 1195 1565 1227 in
1597 1193 1721 1228 iisdem
1750 1194 1830 1229 edd.
1861 1205 1897 1230 et

1218 1248 1292 1281 aliis
1306 1256 1388 1281 vett.
1404 1248 1463 1281 alii
1477 1248 1620 1281 Voberca
1630 1275 1639 1288 ‚
1656 1261 1734 1294 quae
1748 1249 1897 1282 circum-

1218 1310 1313 1347 septa
1327 1301 1422 1335 silvis
1433 1326 1442 1343 ‚
1462 1301 1639 1346 praestabit
1653 1301 1790 1346 copiam
1811 1303 1897 1335 fera-

1217 1367 1296 1388 rum
1312 1353 1542 1400 figendarum.
1561 1370 1610 1375 —
1633 1354 1782 1388 Vobisca.
1797 1355 1875 1388 Sive
1887 1379 1897 1397 ‚

1218 1416 1258 1441 ut
1284 1408 1341 1441 alii
1369 1408 1508 1452 legunt,
1531 1407 1686 1441 Voberca.
1712 1408 1867 1441 Bobierca
1885 1435 1894 1448 ,

1219 1469 1253 1494 et
1283 1460 1440 1494 Rabies-ca
1468 1469 1553 1494 teste
1575 1461 1767 1502 Varrerio,
1796 1461 1899 1507 oppi-

1219 1513 1306 1547 dum
1332 1514 1508 1559 Hispaniae
1537 1514 1830 1556 Tarraconensis,
1859 1515 1896 1547 in

1219 1567 1350 1601 finibus
1365 1567 1625 1601 Celtiberorum
1639 1580 1678 1601 ac
1698 1568 1796 1613 regni
1810 1569 1898 1601 Ara-

1220 1620 1315 1666 gonii
1328 1646 1338 1662 ,
1365 1620 1458 1653 inter
1496 1620 1650 1653 Bilbilim
1683 1619 1727 1653 ad
1756 1622 1900 1654 boream

1222 1680 1263 1716 3,
1292 1682 1326 1707 et
1348 1673 1551 1718 Segontiam
1578 1673 1622 1706 ad
1641 1672 1827 1707 meridiem
1854 1673 1896 1706 13

1220 1727 1342 1760 leucis.
1380 1726 1436 1760 Sic
1475 1727 1667 1760 Ferrarius.
1704 1726 1782 1760 Illic
1818 1739 1901 1760 sane

1221 1779 1377 1826 ejusdem
1393 1780 1546 1813 nominis
1566 1788 1640 1813 erat
1656 1780 1760 1821 silva,
1779 1780 1815 1813 in
1832 1792 1901 1825 qua

1223 1846 1348 1878 magna
1382 1833 1538 1866 ferarum
1569 1833 1684 1878 copia.
1710 1855 1761 1860 —
1792 1834 1901 1866 Pran-

1222 1887 1318 1919 clenti.
1340 1887 1415 1920 Hoc
1435 1895 1505 1928 est,
1523 1885 1674 1932 prandio
1690 1886 1901 1919 accumbens

1222 1940 1343 1973 venari
1356 1940 1488 1985 poteris
1504 1947 1539 1972 et
1555 1952 1594 1972 ex
1611 1952 1727 1972 mensa
1747 1939 1836 1972 feras
1847 1940 1902 1984 ja-

1223 1994 1307 2027 culis
1324 1992 1510 2037 configere.
1519 1993 1641 2026 En.——
1652 1994 1670 2024 Ῑ
1676 1992 1902 2038 'obet-capran-

1223 2047 1310 2079 denti
1320 2047 1422 2089 seras.
1439 2046 1508 2078 Alii
1526 2046 1647 2091 legunt
1658 2046 1841 2092 prendenti‚
1863 2043 1901 2078 id

1223 2108 1273 2133 est
1287 2098 1463 2145 prendens
1477 2100 1663 2132 venatione
1678 2098 1804 2132 bestias
1815 2125 1824 2140 ‚
1840 2111 1901 2132 au-

1223 2162 1320 2187 ctore
1339 2151 1495 2194 Isidoro,
1510 2153 1606 2198 Orig.
1625 2153 1678 2185 X:
1707 2169 1720 2181 u
1740 2152 1903 2193 Quatuor

1224 2214 1305 2239 sunt
1330 2214 1539 2239 venatorum
1561 2205 1675 2239 officia
1689 2230 1697 2246 ‚
1718 2205 1902 2250 vestigato-

1224 2272 1278 2293 res
1290 2287 1299 2302 ,
1324 2258 1543 2304 indagatores
1555 2287 1564 2301 ‚
1586 2259 1753 2291 aleatores
1764 2284 1774 2299 ,
1796 2269 1902 2303 pren-

1226 2325 1320 2347 sores
1353 2324 1413 2346 seu
1444 2325 1629 2358 pressores.
1649 2329 1662 2342 »
1686 2312 1732 2345 Et
1764 2311 1814 2344 ibi
1839 2323 1903 2356 per

1225 2378 1409 2412 prensores
1427 2378 1489 2399 seu
1510 2377 1684 2412 pressores
1705 2363 1905 2409 intelligunt

1227 2419 1285 2465 qui
1312 2419 1442 2464 agitant
1467 2432 1527 2452 seu
1546 2419 1780 2464 insequuntur
1801 2417 1901 2449 feras.

1228 2474 1328 2518 Virg.
1358 2473 1485 2518 Georg.
1513 2472 1587 2512 HI,
1613 2471 1709 2511 413:
1737 2487 1750 2499 n
1776 2471 1904 2515 Ingen-

1228 2535 1300 2560 tem
1320 2526 1472 2559 clamore
1499 2536 1636 2570 premes
1655 2522 1699 2556 ad
1723 2523 1810 2556 retia
1827 2535 1902 2555 cer-

1226 2592 1322 2613 vum.
1345 2597 1357 2608 n
1381 2579 1448 2611 En.

1283 2632 1340 2665 15.
1352 2633 1394 2664 In
1412 2630 1490 2664 Ald.
1508 2631 1606 2663 Junt.
1628 2629 1743 2663 Colin.
1762 2628 1901 2674 Gryph.

1220 2687 1354 2730 franges
1372 2697 1437 2730 pro
1449 2685 1585 2727 franges
1599 2683 1671 2717 sive
1681 2683 1903 2727 frangens.—
