2061 3288
486 211 1007 256 EPIGRAMMATU
1022 210 1071 253 M
1108 212 1232 255 LlB.
1272 213 1304 254 l.

1514 213 1602 256 10Ϊό

410 304 580 354 Unum,
608 301 641 344 si
667 310 885 361 superest,
912 299 1054 344 locum
1080 315 1307 360 rogainus;

404 373 497 416 Nec
523 388 592 415 nie
607 407 618 426 ‚
639 371 756 432 quod
780 371 857 415 tibi
878 388 974 415 sum
998 386 1138 415 novus
1157 406 1168 425 ‚
1190 386 1364 415 recuses
1387 387 1394 413 :

405 444 570 486 Omnes
597 442 681 486 hoc
706 452 874 486 veteres
897 442 960 486 tui
986 441 1177 486 fuerunt.
1591 465 1603 487 ·.

402 514 468 557 Tu
494 523 663 558 tantum
691 515 877 575 inspice,
903 513 975 575 qui
1001 528 1141 557 novus
1168 522 1366 575 paratur,

403 586 472 628 An
497 585 632 646 possit
656 584 751 629 fieri
779 594 903 629 vetus
929 583 1100 629 sodalis.

195 729 277 763 Fuit
308 729 492 764 Cornelius
520 731 651 764 Fuscus
686 731 869 776 praefectus

985 730 1017 764 5.
1043 730 1160 764 Omnes
1175 730 1244 763 lzoc.
1263 729 1356 771 Quia
1375 728 1506 763 scilicet
1522 730 1607 762 novi

193 783 392 816 cohortium
438 784 727 830 praetorianarum
751 811 760 827 ,
805 785 869 817 suh
930 783 1096 826 fuerunt,
1117 791 1156 817 ut
1180 795 1243 828 ego
1261 808 1271 825 ‚
1295 796 1336 816 eo
1358 791 1517 828 tempore
1538 795 1608 828 quo

193 836 421 879 Domitiano,
449 850 581 883 magnae
609 837 704 884 apud
738 837 871 883 prinoi-

193 902 274 934 pem
293 891 519 924 auctoritatis.

930 838 1088 882 primum
1102 849 1160 869 eos
1174 837 1210 869 in
1227 836 1498 870 familiaritatem
1510 845 1607 870 tuam

931 889 1109 936 recepisti.
1125 890 1192 923 En.

824 1036 925 1093 LV
939 1036 982 1093 Ι.

338 1181 407 1213 An
446 1185 810 1226 FRONTONEM,
849 1186 914 1214 DE
953 1185 1094 1214 voro
1134 1186 1268 1214 viTAE
1307 1186 1424 1215 sUAE.
1450 1164 1469 1183 ⁴*

265 1318 402 1360 Vo'm
430 1317 493 1359 tui
518 1316 709 1360 breviter
736 1317 770 1359 si
793 1317 857 1359 vis
882 1333 1148 1377 cognoscere
1170 1318 1334 1371 Marci,

331 1385 512 1431 Clarum
541 1386 719 1441 militiae,
740 1389 926 1443 Fronto,
951 1396 1149 1447 togaeque
1176 1387 1309 1431 decus
1326 1423 1338 1442 ‚

266 1460 362 1502 Hoc
392 1458 524 1518 petit,
553 1474 645 1501 esse
677 1458 764 1513 sui,
794 1473 874 1502 nec
902 1458 1072 1518 magni,
1104 1458 1217 1501 ruris
1242 1468 1411 1512 aratoi‘3

334 1527 604 1589 Sordidaque
634 1528 679 1571 in
706 1529 850 1589 parvis
881 1529 970 1572 otia
992 1528 1123 1573 rebus
1155 1538 1284 1572 amat.

266 1599 509 1660 Quisquam
536 1600 652 1660 picta
674 1597 778 1643 colit
799 1601 1001 1660 Spartani
1027 1599 1191 1661 frigora
1215 1600 1328 1655 saxi,

250 1740 266 1755 ⁴¹
302 1744 362 1777 Ad
391 1745 582 1777 Frontonem
611 1744 648 1776 in
682 1743 873 1790 plerisque.

197 1796 365 1830 Nostrum
384 1798 510 1831 lemma
525 1797 728 1831 inscribitur
741 1798 778 1830 in
794 1796 874 1831 edd.

197 1857 281 1883 vett.

254 1915 286 1936 2.
304 1903 438 1936 Fronto.
462 1903 542 1936 Fuit
563 1903 621 1937 hic
642 1904 774 1936 Fronto
787 1928 796 1944 ‚
819 1904 875 1948 ju-

198 1964 256 1989 xta
271 1955 398 1990 Raderi
416 1958 651 2002 conjecturam
670 1983 679 2000 ,
697 1968 777 1990 cum
792 1956 877 1989 Tra-

197 2010 279 2053 jano
301 2018 420 2055 postea
438 2010 650 2056 imperatore
671 2010 817 2050 consul,
839 2010 875 2042 in

199 2063 300 2107 cujus
315 2063 496 2096 consulatu
512 2063 617 2109 periit
634 2063 872 2096 Domitianus:

201 2114 254 2147 vir
264 2128 373 2160 quum
388 2116 506 2149 multis
520 2117 624 2149 rebus
638 2117 803 2162 praeclare
817 2127 876 2161 ge-

201 2167 261 2200 stis
276 2193 285 2208 ‚
307 2176 383 2201 tum
407 2169 572 2213 singulari
594 2169 630 2201 in
658 2168 814 2203 eruditos
842 2177 876 2202 et

200 2220 355 2254 literatos
384 2234 500 2254 amore
529 2222 661 2264 clarus,
686 2223 784 2268 cujus
802 2234 875 2255 me-

201 2273 305 2306 minit
317 2275 442 2307 Juven.
459 2274 528 2307 Sat.
550 2276 567 2307 I
582 2300 591 2315 ,
610 2287 642 2307 v.
668 2287 681 2307 1
693 2274 724 2308 5.

257 2331 291 2366 4.
319 2327 481 2360 Barthius
507 2327 591 2371 legit
622 2327 805 2370 Sobriaque.
826 2349 876 2353 ——

202 2379 411 2426 Sordidaque.
428 2379 509 2412 Sine
528 2380 624 2412 cultu
645 2388 678 2413 et
698 2387 878 2413 venustate

202 2432 351 2473 urbana;
363 2433 412 2466 sic
422 2432 592 2478 Virgilius
602 2459 610 2473 ‚
622 2433 730 2478 eclog.
742 2434 796 2475 II,
812 2445 829 2465 2
838 2444 877 2477 9:

207 2503 221 2514 u
244 2485 276 2518 Ο
290 2493 425 2519 tantum
443 2486 550 2519 libeat
568 2497 707 2519 mecum
725 2485 790 2518 tibi
806 2499 879 2519 sor-

204 2536 286 2570 dida
307 2551 387 2571 rura
402 2565 410 2580 ‚
432 2539 548 2584 Atque
560 2539 710 2572 humiles
723 2539 880 2572 habitare

205 2603 316 2631 casas,
338 2600 372 2625 et
419 2605 497 2625 oere
516 2593 655 2626 cervos!
678 2610 692 2622 n

260 2643 294 2678 5.
320 2645 493 2691 Quisquam
518 2648 615 2691 picta.
647 2646 772 2680 Sensus
800 2653 877 2679 est:

932 1756 1037 1778 nemo
1047 1769 1057 1786 ,
1073 1744 1130 1777 cui
1144 1744 1271 1790 obtigit
1284 1743 1445 1777 modicus
1459 1744 1592 1777 fundus
1602 1770 1610 1786 ‚

933 1797 971 1829 in
991 1810 1061 1842 quo
1082 1798 1192 1843 possit
1215 1796 1333 1843 praeda
1352 1810 1371 1830 a
1390 1809 1426 1831 se
1444 1797 1610 1831 venando

933 1858 1032 1895 capta
1055 1851 1235 1896 genialiter
1255 1851 1394 1891 vivere,
1416 1849 1612 1883 dummodo

933 1911 1051 1936 mente
1072 1916 1151 1937 sana
1173 1904 1236 1945 sit,
1255 1904 1340 1937 velit
1366 1903 1533 1949 superbas
1556 1902 1612 1936 di-

934 1956 1046 1989 vitum
1075 1956 1191 1990 colere
1216 1957 1327 1997 fores,
1351 1957 1518 1990 salutator
1537 1969 1611 1989 ma-

935 2011 1079 2043 tutinus.
1103 2010 1170 2043 En.
1193 2031 1244 2036 —
1268 2010 1363 2042 Picta
1373 2011 1516 2053 frigora.
1544 2010 1612 2042 Per

935 2062 1151 2108 metalepsim
1185 2076 1251 2108 pro
1289 2064 1373 2095 atria
1411 2062 1542 2094 divitum
1567 2061 1611 2095 ad

933 2115 1159 2161 frigiditatem
1206 2116 1394 2149 incrustata
1442 2127 1614 2148 marmore

934 2169 1132 2211 Laconum,
1160 2177 1284 2202 natura
1320 2166 1463 2214 quidem
1499 2168 1614 2201 varie-

935 2229 1036 2267 gato,
1064 2221 1123 2255 sed
1153 2231 1186 2256 et
1215 2230 1289 2254 arte
1316 2221 1460 2266 insuper
1489 2220 1609 2266 picto,

936 2283 1022 2308 teste
1045 2275 1137 2308 Plin.
1158 2275 1219 2308 lib.
1243 2275 1394 2315 XXXV,
1410 2286 1485 2318 cap.
1512 2285 1540 2307 1.
1569 2275 1612 2306 In

937 2328 991 2361 his
1011 2328 1155 2361 clientes
1168 2340 1269 2360 mane
1282 2326 1508 2361 ambulabant
1522 2352 1531 2366 ‚
1553 2338 1614 2359 ex-

938 2388 1129 2426 spectantes
1142 2380 1329 2413 intromitti
1347 2380 1534 2414 salutatum
1548 2406 1557 2420 ,
1581 2388 1614 2413 et

938 2432 1112 2466 deducere
1141 2433 1292 2466 amicum
1322 2445 1486 2478 magnum
1520 2440 1616 2466 ante-

940 2487 1155 2520 ambulones.
1177 2508 1228 2512 —-
1247 2485 1401 2531 Spartani
1420 2488 1501 2520 saxi.
1521 2486 1616 2519 Mar-

940 2552 1016 2572 mor
1034 2540 1154 2573 nobile
1174 2539 1270 2585 quod
1295 2539 1403 2573 instar
1426 2539 1614 2573 herbarum

940 2592 1095 2635 virebat,
1109 2602 1148 2627 ut
1162 2593 1295 2628 clarum
1308 2606 1349 2626 ex
1368 2592 1502 2639 aliquot
1517 2593 1616 2627 Statii

942 2646 1038 2680 locis.

1361 2716 1376 2737 ⁴6

1324 2735 1348 2778 7
