2061 3288
445 207 541 252 228

821 206 882 247 M.
910 205 1050 247 VAL.
1090 205 1477 249 MARTIALIS

510 296 678 354 Frange
706 303 847 347 toros,
874 303 971 353 pete
1001 295 1123 349 vina,
1149 309 1268 337 rosas
1296 309 1426 354 cape,
1452 295 1619 354 tingere
1652 294 1788 338 nardo
1814 311 1821 337 :

584 367 683 425 Ipse
705 363 828 424 jubet
853 364 1005 407 mortis
1031 373 1073 407 te
1099 365 1346 408 meminisse
1369 366 1503 408 Deus.

516 492 708 552 Ᾱνοὶπεσ’,
734 492 966 547 οἰνοπόταζε
984 530 994 547 ,
1030 491 1146 556 ῥόδον
1172 493 1297 551 locet,
1324 497 1429 557 χρίεο
1454 492 1607 558 νάρδῳ·

587 570 719 619 Αὐτὸς
752 571 963 628 μιμν-ήσκει
988 574 1061 610 τοῦ
1087 567 1261 611 θανάτου
1288 584 1329 610 σε
1356 567 1452 618 θεός.

452 726 464 738 «
491 705 708 752 Suspendive
729 705 847 748 tholo,
873 713 932 738 aut
959 717 1054 739 sacra
1077 703 1121 737 ad

448 761 585 806 fastigia
602 759 674 792 fixi.
689 776 702 788 ι’

512 813 544 846 3.
565 815 645 846 Ant.
667 812 705 844 de
723 812 815 858 Rooy
835 810 977 856 conjicit
997 818 1124 855 tangere

450 867 549 900 nardo
573 879 620 899 sc.
649 865 803 911 capillos.
836 865 867 896 T
867 867 940 909 ingo
966 872 1002 897 et
1028 871 1125 908 tango

449 932 538 966 saepe
553 926 810 965 permutantur.
830 916 925 950 Vide
943 917 1063 950 Burm.
1082 915 1125 950 ad

450 972 554 1007 Ovid.
572 970 716 1005 Heroid.
741 971 840 1016 epist.
860 971 947 1003 XIX
963 995 970 1007 ,
994 974 1062 1011 443
1082 969 1127 1003 ad

450 1027 610 1071 Proper-t.
639 1025 706 1066 IV,
732 1025 751 1058 3
765 1049 774 1065 ,
803 1026 864 1057 60.
893 1022 1126 1069 Oudendorp.

453 1079 496 1112 ad
506 1080 637 1112 Lucan.
652 1078 685 1110 X
697 1102 706 1116 ,
726 1081 794 1121 491
805 1103 812 1110 .
828 1077 947 1110 Heius.
963 1075 1006 1109 ad
1020 1075 1126 1110 Ovid.

452 1133 543 1166 Fast.
573 1132 638 1172 IV,
664 1135 756 1175 740,
787 1138 821 1163 et
853 1129 964 1163 Scriv.
990 1128 1034 1163 ad
1054 1129 1128 1162 No-

452 1195 563 1219 strum
579 1211 586 1226 ‚
604 1197 639 1229 p.
661 1188 742 1228 149.
762 1183 807 1215 At
826 1183 980 1216 Juntinae
1002 1191 1130 1216 nostrae

452 1238 601 1283 margini
618 1236 831 1282 adscriptum
841 1236 996 1282 reperio:
1007 1236 1130 1269 Scamle

456 1300 539 1324 toros
555 1305 566 1324 .·
581 1299 652 1335 pete
669 1293 748 1322 Τιήα
761 1303 772 1323 :
793 1303 879 1322 rosas
897 1302 972 1334 cape
987 1316 996 1329 ,
1024 1297 1054 1321 et
1073 1301 1130 1321 tm-

454 1359 528 1389 ἕως
551 1344 660 1377 nardo.
686 1344 763 1376 Hoc
780 1355 903 1376 verum
924 1355 995 1375 esse
1020 1350 1106 1388 puto
1119 1367 1129 1383 ‚

457 1397 552 1444 quod
572 1396 614 1430 ad
631 1410 718 1429 rosas
739 1409 814 1441 cape
828 1423 835 1435 ‚
858 1404 888 1428 et
903 1408 1018 1440 ungere
1034 1395 1134 1427 nardo

459 1451 593 1484 attinet.
608 1448 712 1491 Quod
725 1461 809 1482 vero
826 1448 870 1481 ad
882 1447 971 1481 illud
986 1448 1109 1481 scande
1122 1474 1131 1488 ,

459 1506 549 1537 forte
562 1502 745 1548 legendum
756 1502 866 1535 sterne
879 1515 892 1541 ;
911 1500 971 1534 sed
988 1501 1135 1534 alterum

460 1556 606 1602 propius
634 1553 766 1588 accedit
787 1553 830 1587 ad
856 1554 1036 1587 literarum
1066 1562 1135 1586 tra-

461 1618 555 1643 ctum
586 1609 621 1640 in
651 1620 736 1641 voce
763 1608 904 1651 Frange.
927 1605 1021 1639 Vide
1046 1606 1136 1639 infra

462 1662 505 1696 ad
520 1662 581 1695 lib.
594 1662 660 1702 IV,
677 1660 787 1706 epigr.
803 1671 884 1693 vm.
898 1660 1078 1703 -Frange
1089 1667 1136 1690 to-

465 1730 524 1749 ros.
541 1712 708 1747 Assiduus
723 1714 902 1753 accumbe,
914 1720 952 1744 ut
966 1724 1032 1745 usu
1044 1711 1139 1745 diur-

465 1782 510 1801 no
545 1775 789 1812 nocturnoque
824 1766 1005 1810 frangatur
1040 1772 1138 1798 torus

466 1834 525 1854 seu
541 1821 651 1853 lectus
666 1819 723 1852 cui
741 1818 967 1852 accumbebat
981 1818 1137 1851 conviva.

465 1875 542 1907 Lib.
559 1875 625 1913 IV,
642 1872 751 1918 epigr.
764 1884 848 1905 VIII.
869 1892 919 1898 —-
935 1872 1035 1903 Rosas
1052 1884 1138 1915 cape.

469 1926 635 1960 Coronati
664 1926 809 1958 floribus
834 1924 957 1957 bibere
985 1924 1141 1957 solebant

469 1981 633 2020 Veteres;
650 1979 711 2011 lib.
734 1978 822 2010 XIII
838 2002 848 2019 ‚
869 1977 979 2022 epigr.
1000 1990 1048 2010 1.1.
1070 1977 1141 2009 Pli-

470 2034 569 2073 nius,
587 2032 648 2065 111).
669 2031 780 2071 XXI,
809 2042 885 2076 cap.
919 2043 961 2074 19
985 2042 992 2062 :
1022 2047 1034 2059 ιι
1058 2030 1143 2063 Cra-

469 2086 588 2132 pulam
602 2093 635 2117 et
650 2082 854 2129 gravedines
872 2083 1011 2128 capitis,
1030 2083 1144 2128 impo-

473 2139 544 2172 sitis
557 2138 694 2171 coronis
705 2164 713 2178 ‚
728 2137 900 2170 olfactuve
914 2135 1140 2168 discutiunt.»

474 2190 645 2224 Heraldus
658 2191 812 2223 hocloco
822 2190 895 2222 fuse
908 2189 977 2234 agit
989 2187 1032 2221 de
1048 2200 1146 2221 more

473 2245 534 2276 illo
555 2244 791 2289 antiquorum.
811 2263 861 2269 ——-
885 2243 1020 2286 Tingere
1034 2242 1146 2274 nardo.

475 2297 624 2342 ngaris
645 2295 793 2329 nardino
815 2303 1005 2341 unguento.
1030 2311 1043 2323 «
1061 2295 1148 2327 Nar-

477 2348 603 2382 ‹linum
632 2350 702 2382 sive
727 2349 885 2382 foliatum
911 2355 1044 2381 constat
1074 2360 1148 2380 om-

477 2402 622 2447 pllaci0‚
656 2402 818 2435 balanino
834 2428 842 2442 ‚
873 2403 979 2447 junco
998 2427 1006 2443 ,
1035 2409 1148 2441 costo,

478 2454 587 2487 nardo
610 2482 617 2495 ‚
647 2467 784 2488 amomo
802 2481 809 2495 ‚
844 2454 985 2500 myrrha
1003 2480 1011 2494 ,
1040 2454 1149 2486 balsa-

1182 717 1253 747 mo;
1271 721 1285 734 »
1300 704 1435 738 Plinius
1447 730 1457 748 ‚
1470 704 1533 738 lib.
1550 704 1638 738 XHI
1650 730 1659 745 ‚
1677 716 1752 750 cap.
1772 717 1857 738 1.—

1185 759 1322 803 Tingere
1339 757 1398 791 hic
1414 766 1465 791 est
1485 757 1611 791 modus
1631 758 1858 803 imperativus

1182 823 1278 844 vocis
1295 822 1450 856 passwae.

1240 868 1272 904 4.
1296 862 1473 897 Calderini
1496 872 1649 897 vetustus
1669 862 1779 897 codex
1796 863 1860 896 ha-

1183 917 1308 959 bebat,
1335 917 1546 949 dememinisse
1572 916 1669 956 deus;
1692 915 1787 962 quod
1810 917 1861 949 le-

1183 969 1339 1016 gendum
1367 982 1438 1003 esse
1459 969 1611 1003 ostendit
1636 970 1797 1015 Cujacius
1819 968 1863 1002 ad

1185 1023 1400 1057 Africanum.
1417 1022 1494 1056 Hoc
1514 1023 1619 1056 habet
1633 1023 1737 1056 etiam
1754 1021 1863 1056 editio

1185 1075 1313 1109 Aldina
1330 1089 1413 1110 ann.
1440 1076 1534 1109 1550
1551 1102 1560 1117 ‚
1579 1088 1654 1122 quae
1672 1076 1777 1109 lectio
1792 1087 1866 1108 non

1185 1129 1327 1175 probari
1354 1136 1491 1175 potest:
1513 1142 1593 1162 nam
1622 1129 1745 1162 mortis
1769 1141 1866 1162 com-

1187 1183 1477 1215 memorationem
1486 1181 1528 1215 ad
1536 1182 1655 1215 luxum
1669 1181 1866 1215 acuendum

1189 1235 1359 1269 inservire
1374 1235 1541 1269 volebant
1554 1236 1699 1269 Veteres
1711 1248 1719 1276 ;
1731 1242 1868 1269 tantum

1190 1290 1308 1322 aberat
1328 1297 1367 1322 ut
1380 1288 1503 1322 mortis
1521 1289 1688 1334 juberent
1705 1287 1870 1321 (1011101111-

1191 1342 1295 1375 nisse.
1319 1342 1456 1375 Her-ald.
1489 1363 1540 1367 —
1572 1343 1669 1375 Deus.
1697 1340 1868 1374 Domitia-

1193 1408 1260 1428 nus
1274 1421 1283 1436 ‚
1307 1395 1335 1428 si
1354 1394 1509 1440 suspensi
1530 1395 1640 1427 cranii
1658 1393 1869 1440 expositioni

1192 1448 1303 1481 faveas
1317 1473 1326 1489 ‚
1340 1448 1395 1481 vel
1422 1449 1598 1491 Augustus
1616 1473 1625 1488 ‚
1655 1447 1683 1480 si
1702 1445 1871 1480 mausolei

1192 1500 1273 1533 Divi
1294 1500 1441 1546 Augusti
1464 1500 1602 1533 tholum
1624 1512 1696 1533 esse
1719 1500 1863 1545 placeat.

1194 1553 1282 1586 Nam
1294 1553 1322 1586 si
1339 1554 1528 1598 Augustus,
1544 1553 1603 1598 qui
1619 1552 1706 1586 deus
1720 1553 1872 1595 habitus,

1194 1604 1415 1639 condebatur
1436 1606 1496 1639 illo
1516 1606 1698 1651 sepulcro,
1717 1606 1778 1651 qui
1791 1617 1870 1650 pos-

1195 1667 1246 1691 set
1261 1658 1437 1692 inferioris
1450 1658 1551 1691 sortis
1561 1658 1668 1691 homo
1683 1670 1872 1704 properam

1196 1724 1268 1744 non
1287 1719 1484 1757 exspectare
1509 1711 1684 1744 mortem?
1709 1712 1791 1745 Haec
1813 1723 1872 1743 au-

1197 1773 1266 1797 tem
1288 1765 1411 1798 mortis
1431 1764 1600 1797 memoria
1619 1764 1775 1798 ethnicos
1795 1763 1873 1796 illos

1199 1816 1242 1851 ad
1271 1817 1351 1851 vitae
1384 1817 1536 1850 lautitias
1567 1817 1749 1851 excitabat.
1780 1817 1874 1861 Lege

1199 1870 1405 1904 Petronium
1426 1871 1463 1903 in
1484 1870 1728 1904 Trimalcionis
1754 1869 1874 1903 convi-

1199 1924 1258 1956 vio
1281 1935 1288 1956 :
1322 1941 1335 1953 α
1354 1924 1501 1956 Larvam
1531 1931 1727 1968 argenteam
1758 1921 1876 1955 attulit

1200 1988 1338 2017 servus;
1359 1976 1449 2009 hanc
1471 1988 1580 2021 quum
1600 1988 1706 2021 super
1721 1987 1877 2008 mensam

1203 2029 1309 2062 semel
1340 2029 1537 2075 iterumque
1566 2029 1769 2074 abjecisset,
1796 2028 1876 2061 Tri-

1203 2082 1328 2115 malcio
1349 2081 1475 2127 adjecit
1494 2093 1502 2114 :
1525 2081 1602 2114 Heu
1621 2095 1684 2115 nos
1709 2081 1851 2114 miseros
1867 2107 1877 2123 ‚

1204 2147 1309 2180 quam
1330 2143 1422 2168 totus
1445 2134 1635 2168 homuncio
1655 2135 1705 2167 nil
1726 2134 1797 2168 est!
1822 2134 1878 2167 Sic

1206 2188 1334 2221 erimus
1356 2188 1473 2221 cuncti
1490 2196 1675 2234 postquam
1700 2200 1762 2221 uos
1784 2187 1879 2220 aufe-

1207 2250 1258 2274 ret
1273 2241 1397 2274 Orcus.
1412 2242 1504 2286 Ergo
1520 2241 1693 2282 vivamus,
1704 2239 1789 2273 dum
1800 2240 1880 2273 licet

1207 2307 1279 2328 esse
1290 2320 1299 2335 ,
1316 2295 1416 2327 bene.
1427 2312 1439 2324 ι
1455 2295 1499 2327 Et
1509 2295 1630 2328 Horat.
1651 2294 1749 2339 epist.
1768 2294 1803 2333 I,
1821 2305 1834 2326 1
1848 2305 1879 2333 1,

1212 2360 1228 2379 2
1239 2347 1256 2380 3
1269 2361 1275 2379 :
1288 2347 1361 2379 «Tu
1369 2359 1623 2393 quamcumque
1631 2348 1727 2379 Deus
1738 2346 1803 2379 tibi
1814 2345 1881 2377 for-

1210 2409 1270 2433 tun
1276 2401 1382 2433 averit
1392 2400 1514 2433 horam
1524 2427 1532 2441 ‚
1540 2400 1645 2434 Grata
1657 2411 1753 2433 sume
1763 2410 1880 2438 manu,

1211 2465 1274 2487 nec
1294 2452 1407 2487 dulcia
1427 2452 1531 2486 differ
1551 2453 1586 2486 in
1610 2448 1758 2486 annulus
1773 2468 1786 2480 »
1814 2451 1879 2483 ED.
