2061 3288
416 269 446 296 x
871 256 960 299 AD
999 257 1363 302 LECTORES

415 340 622 384 fatentem
652 357 797 397 reum,
821 342 914 387 haec
940 344 1150 405 AEgyptus
1175 346 1305 389 noxia
1335 345 1493 400 multa,
1520 356 1563 390 et
1591 346 1726 391 multa
1755 364 1820 392 sao

414 409 554 453 lubria
580 409 737 456 cultori
767 413 1135 471 medicament33¹
1168 415 1299 460 habet
1329 416 1422 460 haec
1453 418 1620 473 Attica,
1654 428 1702 462 ut
1736 418 1821 463 niel

414 481 650 541 optimum,
681 482 739 527 ita
769 485 957 528 cicutam
986 484 1190 541 letalem;
1220 496 1262 530 et
1291 488 1335 530 in
1371 503 1548 532 amoeno
1579 488 1664 532 hoc
1694 499 1820 549 prato

414 552 563 595 urticis
586 569 698 614 saepe
719 553 865 610 violae,
889 556 1023 616 spinis
1049 573 1157 602 rosae
1183 558 1548 602 internascuntur.
1567 560 1659 603 Vos
1684 575 1816 620 apum

412 638 535 665 more
563 624 708 667 omnia
732 622 933 682 lustrate,
959 627 1121 687 optima
1150 627 1290 672 libate.
1319 629 1473 689 Neque
1499 630 1637 685 enim,
1667 630 1701 673 si
1726 631 1821 690 quis

411 693 586 753 ingenio
612 694 729 739 bono
754 695 867 740 male
897 706 1063 753 utatur,
1082 698 1270 759 velitque
1298 715 1376 760 per
1402 700 1695 743 curiositatem
1728 716 1818 744 esse

411 763 636 824 ingeniose
659 781 871 827 nequam,
893 766 1066 829 culpam
1095 770 1138 812 in
1160 768 1289 814 alium
1317 785 1446 831 quam
1472 771 1517 813 in
1540 786 1585 814 se
1610 769 1818 814 conferat.

412 833 611 879 Laudato
642 851 744 880 sane
769 837 947 899 utilique
978 839 1177 902 exemplo
1207 842 1419 902 castigant
1449 840 1577 884 hodie
1603 850 1819 885 castrant-

411 920 495 964 que
535 907 763 966 nequiores
800 910 974 963 poetas,
1006 912 1068 954 uti
1104 921 1147 955 et
1181 911 1298 955 hunc
1329 911 1539 955 Nostrum
1579 912 1640 954 M.
1678 911 1819 955 Rade-

411 991 519 1031 rus;
554 977 671 1037 quod
709 988 752 1022 et
789 980 895 1023 mihi
937 980 980 1023 in
1021 981 1166 1025 animo
1205 991 1308 1025 erat.
1334 983 1524 1037 Verum,
1553 983 1737 1042 partim,
1767 998 1821 1025 ne

410 1060 616 1106 arguerer
640 1047 856 1105 difficilia,
883 1060 925 1094 et
947 1067 1043 1111 quae
1073 1051 1200 1096 Delio
1222 1051 1365 1112 aliquo
1395 1061 1594 1096 notatore
1617 1068 1667 1096 ac
1689 1052 1819 1096 inter·

411 1126 532 1175 prete
560 1119 634 1178 qui
664 1119 890 1180 sphingem
919 1122 1139 1182 acceperit
1158 1139 1268 1183 opus
1290 1122 1478 1178 habent,
1502 1122 1582 1166 sub
1608 1132 1819 1183 praetextu

411 1186 705 1233 obscoenitatis
729 1192 944 1247 omisisse3
969 1194 1148 1251 partim,
1177 1194 1420 1237 amicorum
1449 1192 1491 1236 id
1521 1193 1576 1236 ad
1602 1209 1672 1236 me
1700 1192 1819 1236 effla-

412 1257 641 1321 gitantium
663 1260 865 1320 precibus
886 1263 1048 1318 victus,
1066 1265 1245 1307 Poetam
1270 1262 1515 1324 integrum}²
1544 1262 1668 1308 edidi.
1694 1264 1817 1320 Quo»

411 1329 525 1372 niam
561 1339 707 1373 autem
737 1342 937 1387 castum,
972 1332 1105 1394 ipsius
1137 1324 1320 1380 Catulli3
1350 1333 1539 1395 judicio,
1570 1350 1666 1377 esse
1695 1334 1820 1378 decet

401 1402 531 1459 pium
567 1403 783 1457 Poetam,
819 1403 1100 1464 interpretem
1134 1404 1272 1448 multo
1314 1406 1450 1466 magis
1489 1421 1580 1448 esse
1618 1414 1820 1465 oportere

407 1469 622 1529 judicavi,
660 1488 799 1533 neque
835 1473 980 1518 oleum
1016 1474 1202 1519 ssammae
1238 1475 1420 1531 addere,
1460 1491 1600 1535 neque
1633 1476 1819 1519 Veneris

410 1541 593 1596 urticas,
621 1544 714 1586 οὔτε
741 1543 814 1594 τὰς
839 1546 882 1588 ἐκ
911 1551 990 1588 τῶν
1020 1542 1184 1599 βιὲλίων
1210 1546 1383 1596 ἀκάνθας
1413 1547 1609 1607 ἐκλέγειν,
1636 1545 1740 1588 ἀλλὰ
1766 1545 1819 1588 τὰ

410 1615 705 1672 χρησιμώτατα
737 1615 802 1656 καὶ
833 1616 955 1666 ἀκοῆς
989 1608 1129 1672 ἕξεσι,4
1158 1616 1355 1661 consulte
1392 1618 1707 1678 epigrammata
1742 1616 1817 1660 ob-

409 1684 622 1727 scoeniora
650 1683 818 1729 silentio
845 1678 1149 1747 p1·aetervexi,⁵
1175 1704 1270 1748 quae
1295 1687 1425 1731 alium
1452 1687 1567 1730 malo
1592 1703 1721 1747 quam
1750 1703 1818 1730 me

408 1752 654 1812 explicare,
691 1755 823 1800 alium
865 1757 1103 1818 intelligere
1135 1775 1142 1801 :
1179 1775 1366 1819 quorum
1403 1757 1576 1818 quidem
1612 1756 1815 1801 lemmata

405 1823 531 1867 obelo
555 1826 597 1868 in
619 1826 763 1886 priore
786 1827 973 1872 editione
996 1829 1214 1883 transfixi,
1236 1845 1323 1889 quo
1346 1828 1457 1872 vada
1475 1828 1568 1872 haec
1592 1844 1817 1888 caecosque

408 1895 609 1954 scopulos
626 1898 793 1942 cautius
816 1898 1051 1943 declinaret
1072 1899 1226 1955 lector;
1245 1917 1333 1943 non
1355 1899 1540 1960 digitum
1559 1898 1614 1941 ad
1635 1897 1816 1959 lupanar

408 1965 593 2022 intendi,
615 1983 699 2027 qua
728 1985 796 2012 me
825 1968 1041 2013 calumnia
1076 1972 1118 2013 in
1145 1969 1307 2014 circulo
1334 1987 1412 2013 suo
1442 1968 1645 2014 Graeculo
1670 1969 1815 2012 nescio

469 2120 497 2140 1.
526 2109 691 2154 AEgiptus
708 2135 716 2147 ‚
750 2116 814 2143 etc.
840 2107 923 2142 Vid.
945 2109 1083 2142 Plutar-

411 2160 495 2194 chus
512 2159 555 2194 de
573 2160 765 2195 Audiendis
787 2162 902 2196 Poetis
918 2174 958 2195 ex
978 2162 1080 2195 Hom.

413 2212 481 2245 Od.
508 2219 541 2246 Δ.

467 2278 498 2298 2.
517 2267 568 2299 Ita
583 2275 617 2300 et
631 2279 713 2308 nos,
732 2268 890 2312 quamvis
907 2266 967 2300 diu
988 2268 1082 2300 relu-

412 2327 542 2352 ctantes
566 2328 600 2352 et
622 2319 722 2354 inviti
744 2320 894 2365 plurima
918 2320 1083 2354 nefanda-

412 2385 490 2405 rum
513 2372 702 2417 imaginum
730 2382 884 2407 monstra
909 2374 1083 2419 interpre-

414 2425 477 2457 tari
496 2425 738 2459 horruerimus
755 2439 762 2459 z
780 2426 839 2459 sed
857 2428 926 2472 jam
947 2427 982 2459 in
1001 2439 1085 2472 prae-

413 2478 542 2511 fatione
558 2479 666 2512 nostri
686 2480 878 2519 Juvenalis,
897 2492 972 2525 pag.
993 2492 1029 2513 1x
1051 2488 1084 2513 et

414 2544 482 2576 seq.
522 2531 654 2564 crimen
695 2531 763 2565 hoc
808 2533 954 2565 confessi
1003 2545 1082 2567 cum

413 2585 554 2629 optimis
569 2584 761 2617 editoribus
775 2598 958 2618 commune
974 2598 1083 2619 susce-

413 2638 537 2681 pimus.
556 2637 698 2678 Videas,
721 2638 747 2671 si
766 2638 865 2671 nobis
882 2651 953 2671 non
968 2638 1084 2671 defen-

414 2689 574 2724 dentibus
600 2691 775 2735 ignoscere
805 2691 972 2724 volucris.
999 2704 1084 2735 quo—

1142 2108 1248 2142 modo
1270 2108 1319 2141 ibi.
1338 2107 1577 2141 conditionem
1599 2116 1753 2141 nostram
1781 2108 1817 2140 in

1143 2170 1213 2195 tam
1228 2162 1364 2194 lubrico
1377 2170 1410 2194 et
1420 2159 1559 2194 difficili
1572 2168 1751 2193 momento
1762 2172 1818 2193 ex-

1143 2214 1374 2259 posuerimus.
1388 2214 1467 2247 Non
1485 2213 1548 2246 alia
1562 2222 1612 2246 est
1625 2213 1661 2246 in
1678 2211 1816 2246 edendo

1144 2267 1303 2301 Martiale
1315 2267 1452 2311 integro
1462 2292 1470 2307 ,
1485 2279 1589 2312 quain
1599 2266 1635 2298 in
1646 2266 1817 2300 Juvenale

1144 2320 1245 2365 culpa
1263 2332 1270 2353 ε
1287 2332 1358 2353 non
1378 2319 1442 2352 alia
1458 2320 1524 2352 erit
1546 2319 1732 2353 excusatio.
1747 2319 1815 2351 En.

1199 2374 1231 2405 3.
1254 2373 1397 2412 Catulli,
1421 2381 1488 2406 etc.
1506 2373 1623 2417 Epigr.
1644 2383 1716 2404 xvt.

1199 2431 1231 2466 4.
1252 2426 1336 2458 Οὔτε
1351 2426 1408 2465 τὰς
1421 2427 1455 2458 ἐκ
1474 2430 1623 2467 τῶν,θῑε.
1644 2424 1816 2469 Ulpianus

1144 2478 1237 2525 apud
1254 2479 1478 2517 Athenaeum,
1497 2477 1557 2510 lib.
1581 2477 1661 2515 XV,
1682 2489 1756 2522 cap.
1782 2477 1814 2510 3.

1198 2532 1229 2565 5.
1261 2531 1392 2564 silentio
1424 2539 1606 2575 prseterveast
1623 2557 1629 2568 ,
1662 2538 1726 2563 etc.
1761 2534 1813 2573 Τῷ

1148 2588 1374 2619 ἀποσιωπῆσαι
1404 2580 1498 2621 δῆλος
1537 2584 1695 2627 γ’.ν;’μ.ε·ιις
1735 2580 1814 2614 δυσ-

1144 2638 1293 2682 χεραίνων
1329 2650 1373 2681 τῳ
1402 2637 1496 2680 λόγῳ,
1528 2636 1639 2679 Epict.
1673 2635 1812 2667 Enchiix

1146 2703 1217 2734 cap.
1256 2690 1312 2722 55.
