2061 3288
555 454 1166 525 SCRIPTORUM
1216 452 1661 522 VETERUM

1075 642 1142 671 AC

397 772 1115 836 RECENTIORUM
1179 770 1820 845 QUORUMDAM

702 935 784 979 DE
812 935 873 978 M.
892 933 1165 978 VALERIO
1194 932 1509 976 MARTIALE

613 1078 1599 1165 TESTIMONIA.

442 1423 482 1452 C.
512 1419 703 1451 PLINIUS
724 1416 948 1448 CAECILIUS
973 1415 1166 1445 SECUND.
1190 1414 1426 1444 CORNELIO
1448 1414 1610 1445 PRISCO
1633 1414 1722 1445 SUO
1742 1415 1775 1445 S.

766 1529 790 1586 (
807 1532 1020 1593 Epistola
1042 1528 1114 1574 lib.
1144 1532 1227 1573 III
1247 1526 1454 1583 ultima.)

398 1648 596 1725 AUDIO
626 1674 852 1718 Valerium
876 1671 1126 1716 Martialem
1154 1671 1408 1726 decessisse,
1430 1680 1474 1714 et
1501 1669 1682 1714 moleste
1708 1670 1815 1715 fero.

396 1751 505 1793 Erat
528 1747 663 1790 homo
694 1746 944 1805 ingeniosus
959 1778 970 1798 ‚
991 1752 1169 1797 acutus,
1199 1758 1321 1797 acer,
1347 1751 1391 1785 et
1413 1742 1487 1802 qui
1506 1741 1746 1803 plurimum
1773 1743 1818 1786 in

398 1817 628 1864 scribendo
657 1825 701 1860 et
739 1814 838 1859 salis
875 1814 1058 1857 haberet
1087 1823 1131 1857 et
1156 1812 1284 1868 fellis;
1310 1829 1391 1857 nec
1425 1812 1628 1856 candoris
1659 1813 1815 1857 minus.

397 1893 697 1950 Prosequutus
719 1902 838 1930 eram
860 1885 1022 1929 viatico
1042 1883 1329 1929 secedentem.
1354 1883 1576 1927 Dederam
1599 1883 1685 1927 hoc
1710 1885 1816 1927 ami-

398 1962 535 2017 citiae,
565 1959 770 2003 dederam
797 1958 927 2000 etiam
957 1954 1204 2009 versieulis,
1231 1971 1341 2015 quos
1368 1954 1422 1998 de
1451 1971 1522 1998 me
1554 1955 1816 2015 composuit.

398 2033 498 2076 Fuit
532 2031 667 2074 moris
697 2028 888 2088 antiqui,
920 2043 994 2070 eos
1028 2027 1102 2087 qui
1130 2025 1198 2069 vel
1236 2024 1507 2086 singulorum
1538 2023 1716 2080 laudes,
1747 2024 1816 2069 vel

399 2103 576 2147 urbium
607 2101 897 2160 scripserant,
938 2107 1014 2140 aut
1050 2097 1291 2140 honoribus
1323 2105 1399 2140 aut
1428 2096 1615 2157 pecunia
1643 2112 1814 2140 ornare.

400 2174 571 2218 Nostris
592 2188 698 2214 vero
729 2168 1002 2230 temporibus
1021 2204 1032 2223 ,
1060 2177 1110 2211 ut
1131 2166 1212 2210 alia
1243 2167 1437 2227 speciosa
1464 2176 1508 2210 et
1533 2168 1732 2228 egregia.
1758 2168 1817 2211 ita

399 2247 484 2289 hoe
507 2243 704 2304 inprimis
723 2239 920 2284 exolevit.
936 2238 1066 2294 Nam,
1080 2247 1311 2299 postquam
1334 2237 1540 2282 desiimus
1560 2237 1703 2282 faeere
1724 2237 1814 2281 lau-

399 2315 563 2369 danda,
584 2312 750 2357 laudari
773 2326 945 2372 quoque
969 2311 1166 2370 ineptum
1190 2318 1407 2369 putamus.
1435 2309 1607 2366 Quaeris
1628 2309 1701 2369 qui
1730 2309 1816 2352 sint

400 2383 603 2431 versiculi
624 2419 635 2437 ‚
668 2383 824 2443 quibus
863 2383 1045 2443 gratiam
1078 2378 1332 2424 retulerim?
1361 2381 1645 2423 Remitterem
1682 2388 1724 2422 te
1759 2379 1815 2422 ad

398 2462 540 2519 ipsum
571 2453 800 2505 volumen,
822 2454 902 2496 nisi
926 2451 1137 2512 quosdam
1162 2461 1367 2495 tenerem.
1393 2452 1459 2493 Tu
1478 2486 1489 2505 ‚
1516 2450 1549 2493 si
1573 2448 1817 2510 placuerint

400 2531 446 2573 hi
467 2565 477 2584 ,
505 2536 684 2571 caeteros
714 2525 757 2567 in
780 2523 890 2566 libro
912 2524 1118 2584 requires.
1144 2521 1387 2582 Alloquitur
1407 2522 1581 2563 Musam
1600 2554 1611 2573 ,
1638 2519 1816 2563 mandat

399 2611 449 2644 ut
486 2598 666 2642 domum
697 2610 837 2638 meam
866 2595 910 2637 in
937 2592 1137 2654 Esquiliis
1164 2603 1352 2653 quaerat7
1379 2591 1504 2634 adeat
1534 2600 1810 2634 reverenter:

398 2668 416 2729 <
434 2670 509 2714 lib.
530 2670 597 2725 X,
617 2667 750 2727 epigr.
776 2680 869 2710 Xix.
887 2661 901 2715 l
