2061 3288
455 225 551 271 388

832 225 893 267 M.
916 225 1058 268 VAL.
1097 224 1489 272 MARTIALIS

664 311 847 357 Paulum
875 314 1062 373 seposita
1089 312 1341 369 severitate,

664 385 786 427 Dum
813 382 972 426 blanda
996 399 1134 443 vagus
1159 381 1252 427 alea
1273 385 1520 430 December

663 455 849 498 Incertis
870 463 996 498 sonat
1015 453 1117 497 hinc
1139 464 1182 497 et
1201 453 1304 498 hinc
1325 454 1503 512 fritillis,

659 527 718 569 Et
737 524 848 569 ludit
866 541 981 586 popa
1004 525 1212 586 nequiore
1233 523 1341 582 talo,

449 651 535 685 vicit
550 648 740 694 superbum
756 645 991 680 Hannibalem
1001 669 1011 686 ‚
1025 652 1129 691 atquc

450 702 752 749 Carthaginienses
768 699 881 745 coegit
891 711 1014 744 pacem
1032 711 1049 731 a
1062 700 1132 731 Ro-

449 757 561 792 manis
580 764 700 801 petere
722 765 729 787 :
751 753 819 786 fuit
845 760 879 785 et
903 752 990 785 alter
1012 751 1130 797 Scipio

449 813 497 845 ob
516 822 668 843 eversam
683 806 913 840 Numantiam
929 804 1042 838 dictus
1058 805 1131 837 Nu-

449 864 629 897 mantinus
640 884 649 900 ‚
668 861 728 906 qui
747 859 959 904 Carthagine
972 857 1130 892 funditus

449 917 561 951 deleta
575 942 584 958 ,
598 915 782 948 Africanus
795 913 912 946 minor
927 911 1041 945 dictus
1059 920 1128 945 est:

450 983 536 1017 quas
557 982 611 1002 res
629 975 739 1013 gestas
761 966 887 999 cecinit
907 965 1024 999 Silius.
1042 963 1129 998 Vid.

448 1024 513 1058 lib.
532 1023 569 1055 II
584 1048 593 1064 ‚
614 1021 724 1067 epigr.
745 1031 775 1052 11
791 1044 801 1060 ‚
822 1032 872 1052 vs.
901 1031 932 1052 1.

506 1078 540 1110 6.
560 1075 699 1109 Paulum
716 1073 856 1118 deposita
869 1072 904 1105 in
919 1070 1130 1117 quibusdam

447 1138 534 1165 vett.
557 1150 612 1156 --
630 1129 785 1173 Deposita
809 1128 982 1158 severitate.
1011 1126 1129 1170 Depo-

447 1185 516 1218 sito
526 1183 586 1215 ilio
600 1193 749 1227 operum
767 1179 983 1213 severiorum
998 1178 1130 1211 acriore

446 1235 577 1272 studio.

504 1303 540 1334 7,
558 1290 644 1321 Dum
667 1286 784 1320 blanda
800 1298 904 1331 vagus
916 1311 925 1325 ‚
950 1292 1015 1318 etc.
1036 1285 1131 1317 Dum

447 1343 543 1377 cives
581 1340 826 1375 Saturnalibus
858 1338 1060 1372 licentiores
1096 1346 1130 1371 et

446 1396 526 1442 vagi
555 1394 760 1428 discurrunt
777 1418 786 1434 ,
809 1392 959 1438 talisque
987 1390 1130 1424 ludunt.

446 1472 500 1478 ,-
531 1448 674 1482 Blanda.
707 1445 814 1488 Quod
840 1445 974 1478 lusores
1002 1443 1130 1477 blande

448 1502 578 1536 alliciat
603 1513 664 1547 spe
689 1499 781 1533 lucri
809 1506 869 1532 aut
892 1497 1129 1532 recreationis.

448 1555 544 1589 Vide
560 1554 622 1588 lib.
639 1555 656 1586 I
669 1579 678 1592 ,
696 1552 805 1598 epigr.
823 1550 941 1584 ultim.
956 1564 989 1583 v.
1008 1550 1044 1582 3.
1060 1551 1129 1583 En.

448 1630 502 1637 —-—
526 1608 625 1642 Alea.
648 1607 710 1639 Est
736 1605 808 1637 alea
829 1603 934 1637 ludus
959 1602 1072 1636 omnis
1093 1603 1129 1636 in

447 1673 521 1708 quo
552 1659 705 1694 multum
730 1658 903 1698 fortunae,
931 1655 1130 1702 prudentiae

447 1715 637 1749 minimum
658 1707 823 1757 (gallice,
838 1712 895 1755 jeu
915 1710 953 1742 de
974 1706 1129 1750 lzczsa1·d);

448 1767 546 1801 unde
580 1766 695 1800 abiere
723 1765 759 1797 in
792 1763 1024 1809 proverbium
1054 1762 1129 1796 haec

447 1822 576 1862 verba,
599 1821 692 1865 jacta
715 1825 760 1850 est
775 1818 846 1848 alea
861 1844 870 1857 ,
907 1828 985 1862 quae
1016 1815 1130 1849 Caesar

447 1874 580 1908 (licitur
593 1870 838 1918 pronuntiasse
852 1879 1038 1914 antequam
1056 1870 1128 1901 Ru-

446 1928 611 1961 biconem
644 1924 838 1969 trajiceret3
871 1921 944 1955 vid.
981 1921 1127 1954 Sueton.

447 1981 535 2015 Caes.
554 1992 629 2024 cap.
649 1979 708 2011 32.
726 1977 794 2009 Hic
808 1988 874 2021 pro
892 1976 1025 2008 talorum
1043 1973 1128 2007 ludo

447 2042 585 2067 tantum
605 2031 676 2064 alea
695 2030 856 2063 sumitur.
877 2050 928 2055 —
944 2027 1127 2060 December.

449 2087 530 2128 Quo
557 2097 696 2124 mense,
724 2090 872 2128 propter
892 2080 1128 2121 Saturnalium

448 2138 648 2180 licentiam,
674 2136 768 2170 ludis
795 2136 947 2169 maxime
968 2132 1127 2179 indulge-

449 2193 536 2227 bant
551 2190 713 2225 Romani.
735 2190 802 2222 ΕΒ.

504 2247 538 2279 8.
561 2241 771 2277 Beverlandi
789 2240 865 2274 MS.
893 2241 964 2272 hinc
989 2247 1018 2271 et
1043 2239 1126 2273 inde.

450 2317 503 2324 —-
516 2299 647 2331 Incertis
663 2303 757 2329 sonat
771 2295 841 2327 Ιιὶηε
859 2302 890 2326 et
908 2294 980 2325 ltine
987 2293 1126 2335 fritillis.

450 2351 607 2385 Fritillus
629 2357 703 2383 erat
729 2349 846 2393 lignea
874 2345 1032 2392 quaedam
1053 2354 1127 2378 tur-

449 2404 563 2438 ricula
575 2401 746 2442 rotunda,
757 2402 794 2434 in
812 2412 916 2446 quam
932 2400 992 2432 talc·
1007 2398 1130 2432 demit-

448 2458 615 2490 tebantur
627 2482 635 2495 ‚
654 2455 690 2487 in
715 2467 754 2488 ea
773 2453 899 2487 versati
917 2453 1128 2497 rotatimque

450 2509 534 2543 inde
565 2508 698 2542 excussi
713 2534 722 2548 ‚
746 2519 792 2540 ne
822 2506 953 2540 scilicet
985 2512 1127 2551 possent

449 2561 568 2608 digitis
584 2562 632 2595 ita
650 2560 834 2606 componi,
852 2567 892 2592 ut
905 2557 1071 2592 caderent
1083 2557 1127 2591 ad

445 2615 604 2661 jacientis
613 2614 840 2653 voluntatem,
848 2611 943 2658 quod
952 2611 1126 2657 hodieque

447 2670 514 2702 fit:
537 2667 686 2712 ideoque
714 2664 849 2700 addidit
875 2665 1056 2709 epitheton
1076 2668 1124 2698 in-

1189 647 1282 678 certis
1310 644 1406 691 quod
1433 647 1579 692 jactatus
1608 660 1672 694 per
1705 649 1867 684 fritillum

1188 711 1261 731 non
1281 698 1325 731 sit
1346 700 1491 733 aleatori
1512 709 1698 745 certu5,ut
1708 704 1795 736 solet
1810 705 1869 737 ali-

1190 751 1319 797 quibus
1353 765 1425 786 esse
1461 765 1526 799 per
1556 767 1711 790 manum.
1739 756 1868 790 Fritilli

1189 817 1292 838 usum
1320 813 1356 838 et
1376 819 1499 840 manus
1525 807 1788 853 improbitatem
1816 818 1867 844 te-

1189 866 1299 891 statur
1323 859 1494 894 Martialis
1509 884 1518 897 ‚
1546 861 1608 895 lib.
1630 862 1731 904 XIV,
1753 863 1865 908 epigr.

1189 924 1248 945 xvi
1263 937 1271 950 ‚
1312 911 1356 945 de
1392 913 1559 947 turricula
1599 926 1660 948 seu
1708 915 1832 949 fritillo
1851 928 1860 949 :

1195 982 1209 995 ιι
1230 965 1364 1006 Quaerit
1395 970 1604 1013 compositos
1640 980 1763 1002 manus
1797 968 1868 1002 im-

1188 1018 1300 1063 proba
1317 1019 1457 1052 mittere
1472 1020 1559 1053 talos
1573 1020 1587 1053 ?
1603 1021 1640 1054 Si
1655 1033 1718 1066 per
1733 1034 1789 1055 me
1801 1022 1868 1055 mi-

1189 1071 1233 1104 sit
1248 1097 1258 1113 ,
1274 1071 1324 1104 nil
1339 1072 1407 1105 nisi
1424 1082 1505 1106 vota
1523 1073 1617 1107 facit.
1641 1091 1655 1103 n
1679 1074 1846 1108 Horatius
1858 1100 1868 1116 ‚

1189 1124 1224 1156 II
1238 1150 1247 1165 ‚
1269 1133 1332 1158 sat.
1354 1137 1432 1159 v11:
1455 1143 1469 1156 a
1489 1126 1561 1167 Qui
1578 1139 1644 1172 pro
1666 1139 1701 1160 se
1726 1127 1866 1162 tolleret

1189 1185 1292 1223 atque
1314 1178 1474 1212 Mitteret
1498 1179 1534 1212 in
1554 1192 1707 1226 pyrgum
1729 1181 1827 1214 talos.
1848 1197 1862 1211 n
1901 1196 1903 1198 ·

1189 1231 1401 1273 Turnebus,
1432 1232 1496 1266 lib.
1531 1233 1699 1275 XXVII,
1726 1245 1802 1279 cap.
1832 1233 1867 1267 3.

1188 1284 1416 1317 Turriculam
1447 1293 1481 1318 et
1513 1286 1674 1319 fritillum
1707 1285 1869 1321 distinxit

1189 1336 1312 1370 Suidas
1329 1350 1337 1371 z
1357 1337 1450 1371 idem
1467 1347 1584 1372 tamen
1594 1338 1746 1380 videtur,
1755 1352 1868 1385 quum

1188 1391 1311 1423 scribit
1333 1391 1503 1424 Martialis
1527 1391 1571 1425 de
1599 1393 1787 1435 turricula,
1805 1393 1866 1426 lib.

1188 1443 1290 1482 XIV,
1313 1444 1422 1489 epigr.
1447 1457 1520 1478 ΧΠ.
1542 1444 1691 1486 Seneca,
1715 1444 1759 1479 de
1777 1444 1867 1478 ludo

1188 1496 1331 1529 Claudii
1352 1505 1360 1526 ἔ
1384 1514 1397 1526 «
1420 1497 1510 1530 Nam
1534 1498 1670 1543 quoties
1698 1498 1868 1532 missurus

1187 1557 1261 1582 erat
1275 1558 1460 1583 resonante
1479 1550 1602 1584 fritillo
1617 1552 1775 1596 Utraque
1789 1552 1868 1585 sub-

1189 1600 1295 1636 ducto
1317 1603 1471 1647 fugiebat
1486 1612 1612 1637 tessera
1631 1603 1756 1638 fundo.
1775 1621 1788 1634 n

1243 1668 1279 1699 9.
1295 1656 1344 1688 Et
1358 1656 1441 1688 ludit
1453 1664 1521 1688 rota
1538 1655 1592 1689 ed.
1605 1657 1714 1702 antiq.
1729 1657 1865 1691 Ferrar.

1188 1721 1269 1741 ann.
1290 1708 1495 1753 1471;Ald.
1512 1722 1526 1742 1
1538 1710 1623 1751 501;
1636 1710 1734 1743 Junt.
1750 1709 1865 1744 Colin.

1188 1761 1326 1806 Gryph.
1339 1761 1420 1794 Ald.
1443 1774 1455 1795 1
1468 1762 1552 1803 550;
1567 1763 1680 1796 Plant.
1692 1771 1757 1796 etc.
1773 1764 1866 1808 Popa

1187 1814 1381 1848 Scriverius
1395 1827 1413 1848 e
1426 1814 1530 1848 codd.
1544 1816 1698 1849 restituit
1708 1842 1717 1857 ,
1737 1817 1793 1849 cui
1807 1828 1866 1849 ve-

1186 1867 1338 1901 lificatur
1362 1867 1472 1901 codex
1497 1867 1726 1910 Bodleianus,
1748 1882 1866 1914 pompa

1187 1933 1207 1954 a
1241 1921 1386 1953 librario
1420 1933 1605 1966 perperam
1633 1922 1766 1966 scripto
1798 1934 1865 1967 pro

1187 1974 1292 2018 Popa.
1315 1973 1387 2014 Qui
1406 1981 1475 2005 rola
1496 1974 1617 2018 legunt
1635 1974 1867 2020 interpretan-

1186 2034 1246 2058 tur
1259 2052 1268 2067 ‚
1289 2026 1479 2058 aleatorum
1495 2026 1797 2061 circumstantium
1811 2039 1867 2061 co-

1187 2091 1286 2112 rona.
1306 2099 1358 2105 --
1373 2079 1421 2111 Et
1438 2079 1518 2111 ludit
1527 2093 1610 2124 popa
1626 2082 1771 2126 nequiore
1787 2081 1862 2113 talo.

1187 2132 1292 2177 Popoe
1308 2140 1405 2164 erant
1413 2132 1597 2165 sacrificuli
1611 2145 1670 2165 seu
1687 2146 1865 2166 sacrorum

1186 2185 1223 2217 in
1260 2183 1435 2218 caedendis
1466 2185 1618 2218 victimis
1646 2185 1864 2228 administri,

1186 2238 1292 2283 vulgo
1327 2237 1417 2270 vafri
1444 2238 1603 2271 homines
1632 2247 1666 2271 et
1699 2251 1863 2284 nequam.

1186 2291 1245 2324 Illi
1275 2291 1380 2336 igitur
1398 2316 1408 2331 ‚
1446 2291 1684 2324 Saturnalium
1715 2291 1864 2333 diebus,

1187 2345 1265 2377 talis
1285 2343 1454 2377 ludebant
1471 2370 1479 2385 ,
1501 2343 1562 2377 sed
1582 2344 1658 2377 talis
1686 2344 1866 2390 nequiori·

1186 2398 1251 2430 bus
1266 2424 1275 2439 ‚
1301 2396 1339 2429 id
1361 2405 1432 2438 est,
1458 2409 1532 2430 non
1559 2397 1707 2431 fortunae
1725 2406 1863 2431 tantum

1187 2451 1335 2484 arbitrio
1362 2450 1539 2496 permissis
1565 2450 1602 2483 in
1628 2450 1774 2492 fritillo,
1801 2448 1861 2483 sed

1187 2503 1230 2537 ad
1251 2516 1393 2536 manum
1410 2503 1508 2548 jactis
1522 2529 1531 2545 ‚
1550 2502 1598 2536 ita
1610 2512 1650 2537 ut
1665 2502 1748 2536 dolo
1763 2503 1862 2536 locus

1186 2566 1284 2591 esset.
1325 2557 1408 2591 Haec
1449 2564 1500 2589 est
1537 2556 1640 2589 lectio
1677 2555 1859 2596 Scriverii,

1186 2609 1329 2644 Gruteri
1343 2636 1352 2651 ,
1382 2617 1446 2642 etc.
1471 2621 1515 2642 ex
1536 2608 1658 2642 codice
1678 2608 1836 2642 Palatino
1849 2634 1859 2650 ,

1185 2676 1289 2710 qnam
1317 2663 1465 2696 omnino
1495 2660 1722 2707 a(lopta1nus;
1751 2661 1779 2694 is
1811 2670 1860 2694 est
