<?xml version="1.0" encoding="UTF-8"?>
<!DOCTYPE html PUBLIC "-//W3C//DTD XHTML 1.0 Transitional//EN"
    "http://www.w3.org/TR/xhtml1/DTD/xhtml1-transitional.dtd">
<html xmlns="http://www.w3.org/1999/xhtml" xml:lang="en" lang="en">
 <head>
  <title>
</title>
<meta http-equiv="Content-Type" content="text/html;charset=utf-8" />
  <meta name='ocr-system' content='tesseract 3.04.00' />
  <meta name='ocr-capabilities' content='ocr_page ocr_carea ocr_par ocr_line ocrx_word'/>
</head>
<body>
  <div class='ocr_page' id='page_1' title='image "./epigrammata01martuoft_0269.png"; bbox 0 0 2061 3288; ppageno 0'>
   <div class='ocr_carea' id='block_1_1' title="bbox 482 228 1308 278">
    <p class='ocr_par' dir='ltr' id='par_1_1' title="bbox 482 228 1308 278">
     <span class='ocr_line' id='line_1_1' title="bbox 482 228 1308 278; baseline -0.01 -1"><span class='ocrx_word' id='word_1_1' title='bbox 482 234 742 278; x_wconf 77' lang='lat' dir='ltr'><strong>EPIGRA</strong></span> <span class='ocrx_word' id='word_1_2' title='bbox 757 231 998 275; x_wconf 76' lang='lat' dir='ltr'><strong>MMATU</strong></span> <span class='ocrx_word' id='word_1_3' title='bbox 1016 231 1065 273; x_wconf 80' lang='lat' dir='ltr'><strong>M</strong></span> <span class='ocrx_word' id='word_1_4' title='bbox 1104 229 1232 271; x_wconf 65' lang='grc' dir='ltr'><strong>[ΑΒ.</strong></span> <span class='ocrx_word' id='word_1_5' title='bbox 1278 228 1308 269; x_wconf 89' lang='grc' dir='ltr'><strong>Ι.</strong></span> 
     </span>
    </p>
   </div>
   <div class='ocr_carea' id='block_1_2' title="bbox 1510 240 1598 286">
    <p class='ocr_par' dir='ltr' id='par_1_2' title="bbox 1510 240 1598 286">
     <span class='ocr_line' id='line_1_2' title="bbox 1510 240 1598 286; baseline -0.011 -18"><span class='ocrx_word' id='word_1_6' title='bbox 1510 240 1598 286; x_wconf 82' lang='lat'><strong>107</strong></span> 
     </span>
    </p>
   </div>
   <div class='ocr_carea' id='block_1_3' title="bbox 259 316 1606 525">
    <p class='ocr_par' dir='ltr' id='par_1_3' title="bbox 259 316 1606 525">
     <span class='ocr_line' id='line_1_3' title="bbox 326 316 1223 384; baseline -0.009 -17"><span class='ocrx_word' id='word_1_7' title='bbox 326 323 424 368; x_wconf 85' lang='lat' dir='ltr'><strong>Alta</strong></span> <span class='ocrx_word' id='word_1_8' title='bbox 447 323 739 384; x_wconf 83' lang='lat' dir='ltr'><strong>juvencorum</strong></span> <span class='ocrx_word' id='word_1_9' title='bbox 772 320 953 365; x_wconf 85' lang='lat' dir='ltr'><strong>vulnera</strong></span> <span class='ocrx_word' id='word_1_10' title='bbox 985 319 1088 381; x_wconf 84' lang='lat' dir='ltr'><strong>figet</strong></span> <span class='ocrx_word' id='word_1_11' title='bbox 1118 316 1223 361; x_wconf 76' lang='lat' dir='ltr'><strong>ubi?</strong></span> 
     </span>
     <span class='ocr_line' id='line_1_4' title="bbox 259 386 1606 453; baseline -0.009 -14"><span class='ocrx_word' id='word_1_12' title='bbox 259 394 378 453; x_wconf 83' lang='lat' dir='ltr'>Quid</span> <span class='ocrx_word' id='word_1_13' title='bbox 401 394 559 438; x_wconf 84' lang='lat' dir='ltr'><strong>frustra</strong></span> <span class='ocrx_word' id='word_1_14' title='bbox 584 409 812 438; x_wconf 85' lang='lat' dir='ltr'><strong>nemorum</strong></span> <span class='ocrx_word' id='word_1_15' title='bbox 835 392 1059 436; x_wconf 85' lang='lat' dir='ltr'><strong>dominum</strong></span> <span class='ocrx_word' id='word_1_16' title='bbox 1083 402 1321 449; x_wconf 80' lang='lat' dir='ltr'><strong>regemque</strong></span> <span class='ocrx_word' id='word_1_17' title='bbox 1343 386 1526 447; x_wconf 69' lang='lat' dir='ltr'><strong>fatigas?</strong></span> <span class='ocrx_word' id='word_1_18' title='bbox 1593 406 1606 427; x_wconf 73' lang='lat'>5</span> 
     </span>
     <span class='ocr_line' id='line_1_5' title="bbox 327 460 1152 525; baseline -0.008 -15"><span class='ocrx_word' id='word_1_19' title='bbox 327 465 429 511; x_wconf 90' lang='lat' dir='ltr'><strong>Non</strong></span> <span class='ocrx_word' id='word_1_20' title='bbox 450 466 529 509; x_wconf 90' lang='lat' dir='ltr'><strong>nisi</strong></span> <span class='ocrx_word' id='word_1_21' title='bbox 553 464 719 509; x_wconf 88' lang='lat' dir='ltr'><strong>delecta</strong></span> <span class='ocrx_word' id='word_1_22' title='bbox 744 464 937 525; x_wconf 87' lang='lat' dir='ltr'><strong>pascitur</strong></span> <span class='ocrx_word' id='word_1_23' title='bbox 958 460 1027 505; x_wconf 88' lang='lat' dir='ltr'><strong>ille</strong></span> <span class='ocrx_word' id='word_1_24' title='bbox 1050 460 1152 504; x_wconf 82' lang='lat' dir='ltr'><strong>fera.</strong></span> 
     </span>
    </p>
   </div>
   <div class='ocr_carea' id='block_1_4' title="bbox 190 603 869 804">
    <p class='ocr_par' dir='ltr' id='par_1_4' title="bbox 190 603 867 757">
     <span class='ocr_line' id='line_1_6' title="bbox 190 603 867 650; baseline -0.003 -12"><span class='ocrx_word' id='word_1_25' title='bbox 190 606 245 638; x_wconf 90' lang='lat' dir='ltr'><strong>leo</strong></span> <span class='ocrx_word' id='word_1_26' title='bbox 256 631 264 644; x_wconf 92' lang='lat'><em>,</em></span> <span class='ocrx_word' id='word_1_27' title='bbox 277 604 411 650; x_wconf 83' lang='lat' dir='ltr'><strong>praedas</strong></span> <span class='ocrx_word' id='word_1_28' title='bbox 423 605 576 638; x_wconf 87' lang='lat' dir='ltr'><strong>minores</strong></span> <span class='ocrx_word' id='word_1_29' title='bbox 587 603 806 649; x_wconf 83' lang='lat' dir='ltr'><strong>dedignatus.</strong></span> <span class='ocrx_word' id='word_1_30' title='bbox 817 623 867 629; x_wconf 87' lang='lat'><strong>——</strong></span> 
     </span>
     <span class='ocr_line' id='line_1_7' title="bbox 190 656 867 702; baseline -0.004 -10"><span class='ocrx_word' id='word_1_31' title='bbox 190 659 318 692; x_wconf 60' lang='lat' dir='ltr'><strong>Annos.</strong></span> <span class='ocrx_word' id='word_1_32' title='bbox 346 658 445 692; x_wconf 87' lang='lat' dir='ltr'><strong>Armi</strong></span> <span class='ocrx_word' id='word_1_33' title='bbox 472 666 553 691; x_wconf 92' lang='lat' dir='ltr'><strong>sunt</strong></span> <span class='ocrx_word' id='word_1_34' title='bbox 581 657 616 690; x_wconf 90' lang='lat' dir='ltr'><strong>in</strong></span> <span class='ocrx_word' id='word_1_35' title='bbox 650 656 867 702; x_wconf 84' lang='lat' dir='ltr'><strong>pecudibus,</strong></span> 
     </span>
     <span class='ocr_line' id='line_1_8' title="bbox 190 710 691 757; baseline -0.004 -13"><span class='ocrx_word' id='word_1_36' title='bbox 190 711 249 757; x_wconf 86' lang='lat' dir='ltr'><strong>qui</strong></span> <span class='ocrx_word' id='word_1_37' title='bbox 266 712 302 744; x_wconf 87' lang='lat' dir='ltr'><strong>in</strong></span> <span class='ocrx_word' id='word_1_38' title='bbox 320 711 524 744; x_wconf 86' lang='lat' dir='ltr'><strong>hominibus</strong></span> <span class='ocrx_word' id='word_1_39' title='bbox 542 710 691 744; x_wconf 88' lang='lat' dir='ltr'><strong>humeri.</strong></span> 
     </span>
    </p>

    <p class='ocr_par' dir='ltr' id='par_1_5' title="bbox 245 763 869 804">
     <span class='ocr_line' id='line_1_9' title="bbox 245 763 869 804; baseline -0.006 -6"><span class='ocrx_word' id='word_1_40' title='bbox 245 768 279 804; x_wconf 69' lang='grc' dir='ltr'><strong>ά.</strong></span> <span class='ocrx_word' id='word_1_41' title='bbox 297 765 516 798; x_wconf 67' lang='lat' dir='ltr'><strong>,Iurene-orum.</strong></span> <span class='ocrx_word' id='word_1_42' title='bbox 537 763 702 797; x_wconf 81' lang='lat' dir='ltr'><strong>Juveneis</strong></span> <span class='ocrx_word' id='word_1_43' title='bbox 724 775 741 796; x_wconf 79' lang='lat' dir='ltr'><strong>a</strong></span> <span class='ocrx_word' id='word_1_44' title='bbox 759 775 795 795; x_wconf 90' lang='lat' dir='ltr'><strong>se</strong></span> <span class='ocrx_word' id='word_1_45' title='bbox 817 763 869 795; x_wconf 92' lang='lat' dir='ltr'><strong>in-</strong></span> 
     </span>
    </p>
   </div>
   <div class='ocr_carea' id='block_1_5' title="bbox 927 597 1612 803">
    <p class='ocr_par' dir='ltr' id='par_1_6' title="bbox 927 597 1611 740">
     <span class='ocr_line' id='line_1_10' title="bbox 928 597 1609 645; baseline -0.007 -11"><span class='ocrx_word' id='word_1_46' title='bbox 928 601 1040 639; x_wconf 87' lang='lat' dir='ltr'><strong>infra,</strong></span> <span class='ocrx_word' id='word_1_47' title='bbox 1068 599 1178 645; x_wconf 86' lang='lat' dir='ltr'><strong>epigr.</strong></span> <span class='ocrx_word' id='word_1_48' title='bbox 1205 611 1270 639; x_wconf 90' lang='lat' dir='ltr'><strong>cv,</strong></span> <span class='ocrx_word' id='word_1_49' title='bbox 1293 597 1330 630; x_wconf 86' lang='lat' dir='ltr'><strong>in</strong></span> <span class='ocrx_word' id='word_1_50' title='bbox 1352 597 1479 643; x_wconf 87' lang='lat' dir='ltr'><strong>quibus</strong></span> <span class='ocrx_word' id='word_1_51' title='bbox 1507 598 1609 630; x_wconf 73' lang='lat' dir='ltr'><strong>luxu-</strong></span> 
     </span>
     <span class='ocr_line' id='line_1_11' title="bbox 927 649 1611 697; baseline -0.007 -10"><span class='ocrx_word' id='word_1_52' title='bbox 927 653 1050 687; x_wconf 87' lang='lat' dir='ltr'><strong>riantis</strong></span> <span class='ocrx_word' id='word_1_53' title='bbox 1072 651 1204 697; x_wconf 86' lang='lat' dir='ltr'><strong>ingenii</strong></span> <span class='ocrx_word' id='word_1_54' title='bbox 1227 650 1432 685; x_wconf 80' lang='lat' dir='ltr'><strong>fecunditati</strong></span> <span class='ocrx_word' id='word_1_55' title='bbox 1453 649 1611 695; x_wconf 78' lang='lat' dir='ltr'><strong>indulget</strong></span> 
     </span>
     <span class='ocr_line' id='line_1_12' title="bbox 928 705 1198 740; baseline -0.011 0"><span class='ocrx_word' id='word_1_56' title='bbox 928 705 1111 740; x_wconf 80' lang='lat' dir='ltr'><strong>Martialis.</strong></span> <span class='ocrx_word' id='word_1_57' title='bbox 1132 705 1198 738; x_wconf 83' lang='lat' dir='ltr'><strong>En.</strong></span> 
     </span>
    </p>

    <p class='ocr_par' dir='ltr' id='par_1_7' title="bbox 984 756 1612 803">
     <span class='ocr_line' id='line_1_13' title="bbox 984 756 1612 803; baseline -0.006 -10"><span class='ocrx_word' id='word_1_58' title='bbox 984 763 1018 793; x_wconf 77' lang='lat'><strong>6.</strong></span> <span class='ocrx_word' id='word_1_59' title='bbox 1048 758 1210 791; x_wconf 86' lang='lat' dir='ltr'><strong>Barthius</strong></span> <span class='ocrx_word' id='word_1_60' title='bbox 1239 757 1342 803; x_wconf 83' lang='lat' dir='ltr'><strong>legit,</strong></span> <span class='ocrx_word' id='word_1_61' title='bbox 1370 757 1446 790; x_wconf 83' lang='lat' dir='ltr'><strong>Non</strong></span> <span class='ocrx_word' id='word_1_62' title='bbox 1471 759 1532 790; x_wconf 73' lang='lat' dir='ltr'><strong>nisi</strong></span> <span class='ocrx_word' id='word_1_63' title='bbox 1556 756 1612 789; x_wconf 71' lang='lat' dir='ltr'><strong>‹le-</strong></span> 
     </span>
    </p>
   </div>
   <div class='ocr_carea' id='block_1_6' title="bbox 190 809 1610 863">
    <p class='ocr_par' dir='ltr' id='par_1_8' title="bbox 190 809 1610 863">
     <span class='ocr_line' id='line_1_14' title="bbox 190 809 1610 863; baseline -0.006 -13"><span class='ocrx_word' id='word_1_64' title='bbox 190 817 274 851; x_wconf 83' lang='lat' dir='ltr'><strong>serri</strong></span> <span class='ocrx_word' id='word_1_65' title='bbox 289 817 402 851; x_wconf 84' lang='lat' dir='ltr'><strong>solita.</strong></span> <span class='ocrx_word' id='word_1_66' title='bbox 419 816 512 850; x_wconf 87' lang='lat' dir='ltr'><strong>Vide</strong></span> <span class='ocrx_word' id='word_1_67' title='bbox 526 830 630 863; x_wconf 88' lang='lat' dir='ltr'><strong>supra</strong></span> <span class='ocrx_word' id='word_1_68' title='bbox 643 842 652 858; x_wconf 90' lang='lat'>,</span> <span class='ocrx_word' id='word_1_69' title='bbox 672 816 782 862; x_wconf 84' lang='lat' dir='ltr'><strong>epigr.</strong></span> <span class='ocrx_word' id='word_1_70' title='bbox 795 827 869 857; x_wconf 85' lang='lat' dir='ltr'><strong>vn,</strong></span> <span class='ocrx_word' id='word_1_71' title='bbox 924 815 1010 859; x_wconf 77' lang='lat' dir='ltr'><strong>jecta</strong></span> <span class='ocrx_word' id='word_1_72' title='bbox 1028 826 1040 852; x_wconf 91' lang='lat'><em>;</em></span> <span class='ocrx_word' id='word_1_73' title='bbox 1075 810 1173 858; x_wconf 88' lang='lat' dir='ltr'><strong>quod</strong></span> <span class='ocrx_word' id='word_1_74' title='bbox 1205 823 1278 845; x_wconf 86' lang='lat' dir='ltr'><strong>non</strong></span> <span class='ocrx_word' id='word_1_75' title='bbox 1310 810 1512 856; x_wconf 75' lang='lat' dir='ltr'><strong>improbant</strong></span> <span class='ocrx_word' id='word_1_76' title='bbox 1544 809 1610 843; x_wconf 85' lang='lat' dir='ltr'><strong>viri</strong></span> 
     </span>
    </p>
   </div>
   <div class='ocr_carea' id='block_1_7' title="bbox 190 876 870 913">
    <p class='ocr_par' dir='ltr' id='par_1_9' title="bbox 190 876 870 913">
     <span class='ocr_line' id='line_1_15' title="bbox 190 876 870 913; baseline -0.004 -9"><span class='ocrx_word' id='word_1_77' title='bbox 190 883 251 912; x_wconf 77' lang='lat' dir='ltr'><strong>xv,</strong></span> <span class='ocrx_word' id='word_1_78' title='bbox 266 882 357 904; x_wconf 78' lang='lat' dir='ltr'><strong>xxnl</strong></span> <span class='ocrx_word' id='word_1_79' title='bbox 371 897 380 913; x_wconf 91' lang='lat'>‚</span> <span class='ocrx_word' id='word_1_80' title='bbox 394 883 479 912; x_wconf 75' lang='lat' dir='ltr'>XLV,</span> <span class='ocrx_word' id='word_1_81' title='bbox 496 882 579 904; x_wconf 75' lang='lat' dir='ltr'>XLVI</span> <span class='ocrx_word' id='word_1_82' title='bbox 593 896 602 912; x_wconf 83' lang='lat'>,</span> <span class='ocrx_word' id='word_1_83' title='bbox 620 882 701 903; x_wconf 75' lang='lat' dir='ltr'><strong>xmx</strong></span> <span class='ocrx_word' id='word_1_84' title='bbox 714 896 722 910; x_wconf 93' lang='lat'>‚</span> <span class='ocrx_word' id='word_1_85' title='bbox 743 881 816 910; x_wconf 87' lang='lat' dir='ltr'>LII,</span> <span class='ocrx_word' id='word_1_86' title='bbox 836 876 870 901; x_wconf 91' lang='lat' dir='ltr'><strong>et</strong></span> 
     </span>
    </p>
   </div>
   <div class='ocr_carea' id='block_1_8' title="bbox 930 866 1040 900">
    <p class='ocr_par' dir='ltr' id='par_1_10' title="bbox 930 866 1040 900">
     <span class='ocr_line' id='line_1_16' title="bbox 930 866 1040 900; baseline 0 0"><span class='ocrx_word' id='word_1_87' title='bbox 930 866 1040 900; x_wconf 89' lang='lat' dir='ltr'><strong>docti.</strong></span> 
     </span>
    </p>
   </div>
   <div class='ocr_carea' id='block_1_9' title="bbox 802 1002 1006 1059">
    <p class='ocr_par' dir='ltr' id='par_1_11' title="bbox 802 1002 1006 1059">
     <span class='ocr_line' id='line_1_17' title="bbox 802 1002 1006 1059; baseline 0.01 -2"><span class='ocrx_word' id='word_1_88' title='bbox 802 1002 1006 1059; x_wconf 90' lang='lat' dir='ltr'>LXII.</span> 
     </span>
    </p>
   </div>
   <div class='ocr_carea' id='block_1_10' title="bbox 369 1127 1441 1188">
    <p class='ocr_par' dir='ltr' id='par_1_12' title="bbox 369 1127 1441 1188">
     <span class='ocr_line' id='line_1_18' title="bbox 369 1127 1441 1188; baseline -0.006 -8"><span class='ocrx_word' id='word_1_89' title='bbox 369 1152 439 1180; x_wconf 75' lang='lat' dir='ltr'><strong>AD</strong></span> <span class='ocrx_word' id='word_1_90' title='bbox 478 1127 869 1188; x_wconf 61' lang='lat' dir='ltr'>LICINIANUM*‚</span> <span class='ocrx_word' id='word_1_91' title='bbox 907 1147 1243 1178; x_wconf 85' lang='lat' dir='ltr'><strong>SCRIPTORES</strong></span> <span class='ocrx_word' id='word_1_92' title='bbox 1283 1148 1441 1176; x_wconf 79' lang='lat' dir='ltr'><strong>UNDE.</strong></span> 
     </span>
    </p>
   </div>
   <div class='ocr_carea' id='block_1_11' title="bbox 334 1273 1211 1479">
    <p class='ocr_par' dir='ltr' id='par_1_13' title="bbox 334 1273 1211 1479">
     <span class='ocr_line' id='line_1_19' title="bbox 334 1273 1211 1336; baseline -0.008 -13"><span class='ocrx_word' id='word_1_93' title='bbox 334 1281 534 1322; x_wconf 78' lang='lat' dir='ltr'>VERONA</span> <span class='ocrx_word' id='word_1_94' title='bbox 560 1276 679 1320; x_wconf 82' lang='lat' dir='ltr'><strong>docti</strong></span> <span class='ocrx_word' id='word_1_95' title='bbox 709 1273 894 1336; x_wconf 80' lang='lat' dir='ltr'>syllabas</span> <span class='ocrx_word' id='word_1_96' title='bbox 923 1284 1041 1317; x_wconf 85' lang='lat' dir='ltr'><strong>amat</strong></span> <span class='ocrx_word' id='word_1_97' title='bbox 1072 1274 1211 1318; x_wconf 79' lang='lat' dir='ltr'><strong>vatis:</strong></span> 
     </span>
     <span class='ocr_line' id='line_1_20' title="bbox 400 1345 1051 1392; baseline -0.008 0"><span class='ocrx_word' id='word_1_98' title='bbox 400 1349 588 1392; x_wconf 82' lang='lat' dir='ltr'><strong>Marone</strong></span> <span class='ocrx_word' id='word_1_99' title='bbox 613 1345 714 1391; x_wconf 82' lang='lat' dir='ltr'><strong>felix</strong></span> <span class='ocrx_word' id='word_1_100' title='bbox 739 1347 925 1389; x_wconf 83' lang='lat' dir='ltr'><strong>Mantua</strong></span> <span class='ocrx_word' id='word_1_101' title='bbox 952 1355 1017 1388; x_wconf 85' lang='lat' dir='ltr'><strong>est</strong></span> <span class='ocrx_word' id='word_1_102' title='bbox 1042 1361 1051 1387; x_wconf 76' lang='lat' dir='ltr'><strong>t</strong></span> 
     </span>
     <span class='ocr_line' id='line_1_21' title="bbox 335 1414 1175 1479; baseline -0.006 -15"><span class='ocrx_word' id='word_1_103' title='bbox 335 1422 551 1465; x_wconf 81' lang='lat' dir='ltr'><strong>Censetur</strong></span> <span class='ocrx_word' id='word_1_104' title='bbox 581 1420 737 1479; x_wconf 82' lang='lat' dir='ltr'><strong>Apona</strong></span> <span class='ocrx_word' id='word_1_105' title='bbox 762 1416 889 1460; x_wconf 90' lang='lat' dir='ltr'><strong>Livio</strong></span> <span class='ocrx_word' id='word_1_106' title='bbox 917 1432 995 1459; x_wconf 89' lang='lat' dir='ltr'><strong>suo</strong></span> <span class='ocrx_word' id='word_1_107' title='bbox 1022 1414 1175 1470; x_wconf 84' lang='lat' dir='ltr'><strong>tellus,</strong></span> 
     </span>
    </p>
   </div>
   <div class='ocr_carea' id='block_1_12' title="bbox 193 1555 880 2719">
    <p class='ocr_par' dir='ltr' id='par_1_14' title="bbox 193 1555 875 1700">
     <span class='ocr_line' id='line_1_22' title="bbox 247 1555 875 1604; baseline -0.006 -11"><span class='ocrx_word' id='word_1_108' title='bbox 247 1555 261 1569; x_wconf 69' lang='lat'><strong>&#39;¹</strong></span> <span class='ocrx_word' id='word_1_109' title='bbox 282 1560 341 1593; x_wconf 61' lang='lat' dir='ltr'><strong>Ad</strong></span> <span class='ocrx_word' id='word_1_110' title='bbox 363 1561 526 1593; x_wconf 79' lang='lat' dir='ltr'><strong>Licianum</strong></span> <span class='ocrx_word' id='word_1_111' title='bbox 541 1585 549 1599; x_wconf 93' lang='lat'>‚</span> <span class='ocrx_word' id='word_1_112' title='bbox 582 1558 757 1604; x_wconf 78' lang='lat' dir='ltr'><strong>Scriptores</strong></span> <span class='ocrx_word' id='word_1_113' title='bbox 794 1555 875 1590; x_wconf 72' lang='lat' dir='ltr'><strong>unde</strong></span> 
     </span>
     <span class='ocr_line' id='line_1_23' title="bbox 193 1611 875 1658; baseline -0.003 -13"><span class='ocrx_word' id='word_1_114' title='bbox 193 1613 230 1646; x_wconf 86' lang='lat' dir='ltr'><strong>in</strong></span> <span class='ocrx_word' id='word_1_115' title='bbox 245 1612 323 1646; x_wconf 74' lang='lat' dir='ltr'><strong>Ald.</strong></span> <span class='ocrx_word' id='word_1_116' title='bbox 337 1614 437 1647; x_wconf 86' lang='lat' dir='ltr'><strong>Junt.</strong></span> <span class='ocrx_word' id='word_1_117' title='bbox 448 1613 564 1647; x_wconf 90' lang='lat' dir='ltr'><strong>Colin.</strong></span> <span class='ocrx_word' id='word_1_118' title='bbox 576 1612 716 1658; x_wconf 74' lang='lat' dir='ltr'><strong>Gryph.</strong></span> <span class='ocrx_word' id='word_1_119' title='bbox 728 1611 858 1644; x_wconf 89' lang='lat' dir='ltr'><strong>Junian</strong></span> <span class='ocrx_word' id='word_1_120' title='bbox 868 1637 875 1643; x_wconf 94' lang='lat'><strong>.</strong></span> 
     </span>
     <span class='ocr_line' id='line_1_24' title="bbox 194 1666 282 1700; baseline 0.023 -2"><span class='ocrx_word' id='word_1_121' title='bbox 194 1666 282 1700; x_wconf 86' lang='lat' dir='ltr'><strong>aliis.</strong></span> 
     </span>
    </p>

    <p class='ocr_par' dir='ltr' id='par_1_15' title="bbox 195 1717 878 2296">
     <span class='ocr_line' id='line_1_25' title="bbox 255 1717 876 1766; baseline -0.006 -13"><span class='ocrx_word' id='word_1_122' title='bbox 255 1731 285 1753; x_wconf 81' lang='grc' dir='ltr'><strong>Ι.</strong></span> <span class='ocrx_word' id='word_1_123' title='bbox 299 1719 460 1766; x_wconf 55' lang='lat' dir='ltr'><strong>Syllabas.</strong></span> <span class='ocrx_word' id='word_1_124' title='bbox 478 1721 609 1753; x_wconf 75' lang='lat' dir='ltr'><strong>Versus</strong></span> <span class='ocrx_word' id='word_1_125' title='bbox 629 1719 761 1753; x_wconf 86' lang='lat' dir='ltr'><strong>scilicet</strong></span> <span class='ocrx_word' id='word_1_126' title='bbox 776 1729 784 1750; x_wconf 88' lang='lat'>:</span> <span class='ocrx_word' id='word_1_127' title='bbox 805 1717 876 1762; x_wconf 76' lang='lat' dir='ltr'><strong>syl-</strong></span> 
     </span>
     <span class='ocr_line' id='line_1_26' title="bbox 195 1771 875 1818; baseline -0.004 -12"><span class='ocrx_word' id='word_1_128' title='bbox 195 1772 282 1806; x_wconf 89' lang='lat' dir='ltr'><strong>labis</strong></span> <span class='ocrx_word' id='word_1_129' title='bbox 309 1781 470 1806; x_wconf 83' lang='lat' dir='ltr'><strong>constant</strong></span> <span class='ocrx_word' id='word_1_130' title='bbox 493 1771 618 1818; x_wconf 86' lang='lat' dir='ltr'><strong>pedes,</strong></span> <span class='ocrx_word' id='word_1_131' title='bbox 639 1772 770 1817; x_wconf 88' lang='lat' dir='ltr'><strong>quibus</strong></span> <span class='ocrx_word' id='word_1_132' title='bbox 791 1782 875 1803; x_wconf 91' lang='lat' dir='ltr'><strong>con-</strong></span> 
     </span>
     <span class='ocr_line' id='line_1_27' title="bbox 196 1825 875 1870; baseline -0.006 -10"><span class='ocrx_word' id='word_1_133' title='bbox 196 1834 288 1860; x_wconf 79' lang='lat' dir='ltr'><strong>stant</strong></span> <span class='ocrx_word' id='word_1_134' title='bbox 307 1838 440 1860; x_wconf 79' lang='lat' dir='ltr'><strong>versus.</strong></span> <span class='ocrx_word' id='word_1_135' title='bbox 471 1826 539 1859; x_wconf 83' lang='lat' dir='ltr'><strong>Vel</strong></span> <span class='ocrx_word' id='word_1_136' title='bbox 569 1825 725 1870; x_wconf 88' lang='lat' dir='ltr'><strong>intellige</strong></span> <span class='ocrx_word' id='word_1_137' title='bbox 754 1836 875 1857; x_wconf 87' lang='lat' dir='ltr'><strong>versus</strong></span> 
     </span>
     <span class='ocr_line' id='line_1_28' title="bbox 196 1877 876 1924; baseline -0.004 -12"><span class='ocrx_word' id='word_1_138' title='bbox 196 1877 505 1924; x_wconf 82' lang='lat' dir='ltr'><strong>hendecasyllabos</strong></span> <span class='ocrx_word' id='word_1_139' title='bbox 525 1905 534 1921; x_wconf 83' lang='lat'>,</span> <span class='ocrx_word' id='word_1_140' title='bbox 576 1891 637 1911; x_wconf 82' lang='lat' dir='ltr'><strong>seu</strong></span> <span class='ocrx_word' id='word_1_141' title='bbox 682 1877 876 1910; x_wconf 84' lang='lat' dir='ltr'><strong>Phaleucos</strong></span> 
     </span>
     <span class='ocr_line' id='line_1_29' title="bbox 197 1929 877 1978; baseline -0.004 -13"><span class='ocrx_word' id='word_1_142' title='bbox 197 1929 210 1971; x_wconf 98' lang='lat'>(</span> <span class='ocrx_word' id='word_1_143' title='bbox 226 1932 276 1965; x_wconf 90' lang='lat' dir='ltr'><strong>sic</strong></span> <span class='ocrx_word' id='word_1_144' title='bbox 309 1933 500 1978; x_wconf 86' lang='lat' dir='ltr'><strong>appellatos</strong></span> <span class='ocrx_word' id='word_1_145' title='bbox 529 1944 547 1965; x_wconf 89' lang='lat' dir='ltr'><strong>a</strong></span> <span class='ocrx_word' id='word_1_146' title='bbox 575 1931 720 1964; x_wconf 85' lang='lat' dir='ltr'><strong>nomine</strong></span> <span class='ocrx_word' id='word_1_147' title='bbox 751 1942 877 1964; x_wconf 79' lang='lat' dir='ltr'><strong>eorum</strong></span> 
     </span>
     <span class='ocr_line' id='line_1_30' title="bbox 197 1983 876 2031; baseline -0.004 -13"><span class='ocrx_word' id='word_1_148' title='bbox 197 1983 411 2026; x_wconf 86' lang='lat' dir='ltr'><strong>inventoris)</strong></span> <span class='ocrx_word' id='word_1_149' title='bbox 427 1997 580 2031; x_wconf 88' lang='lat' dir='ltr'><strong>quorum</strong></span> <span class='ocrx_word' id='word_1_150' title='bbox 597 1985 633 2017; x_wconf 91' lang='lat' dir='ltr'><strong>in</strong></span> <span class='ocrx_word' id='word_1_151' title='bbox 653 1983 876 2018; x_wconf 69' lang='lat' dir='ltr'><strong>Catullo&#39;ma-</strong></span> 
     </span>
     <span class='ocr_line' id='line_1_31' title="bbox 197 2036 878 2084; baseline -0.003 -13"><span class='ocrx_word' id='word_1_152' title='bbox 197 2050 287 2084; x_wconf 85' lang='lat' dir='ltr'><strong>gnus</strong></span> <span class='ocrx_word' id='word_1_153' title='bbox 307 2051 487 2073; x_wconf 86' lang='lat' dir='ltr'><strong>numerus.</strong></span> <span class='ocrx_word' id='word_1_154' title='bbox 510 2059 559 2065; x_wconf 88' lang='lat'><strong>——</strong></span> <span class='ocrx_word' id='word_1_155' title='bbox 582 2038 679 2070; x_wconf 72' lang='lat' dir='ltr'><strong>Docti</strong></span> <span class='ocrx_word' id='word_1_156' title='bbox 695 2039 794 2070; x_wconf 66' lang='lat' dir='ltr'><strong>vatis.</strong></span> <span class='ocrx_word' id='word_1_157' title='bbox 815 2036 878 2070; x_wconf 83' lang='lat' dir='ltr'><strong>Ca·</strong></span> 
     </span>
     <span class='ocr_line' id='line_1_32' title="bbox 199 2089 877 2137; baseline -0.003 -13"><span class='ocrx_word' id='word_1_158' title='bbox 199 2091 306 2124; x_wconf 86' lang='lat' dir='ltr'><strong>tullus</strong></span> <span class='ocrx_word' id='word_1_159' title='bbox 318 2117 328 2133; x_wconf 90' lang='lat'>,</span> <span class='ocrx_word' id='word_1_160' title='bbox 343 2104 447 2137; x_wconf 86' lang='lat' dir='ltr'><strong>quem</strong></span> <span class='ocrx_word' id='word_1_161' title='bbox 461 2099 564 2125; x_wconf 84' lang='lat' dir='ltr'><strong>vocat</strong></span> <span class='ocrx_word' id='word_1_162' title='bbox 578 2103 720 2137; x_wconf 90' lang='lat' dir='ltr'><strong>quoque</strong></span> <span class='ocrx_word' id='word_1_163' title='bbox 731 2089 877 2124; x_wconf 88' lang='lat' dir='ltr'><strong>doctum</strong></span> 
     </span>
     <span class='ocr_line' id='line_1_33' title="bbox 198 2144 878 2189; baseline -0.004 -11"><span class='ocrx_word' id='word_1_164' title='bbox 198 2144 360 2180; x_wconf 86' lang='lat' dir='ltr'><strong>Tibullus</strong></span> <span class='ocrx_word' id='word_1_165' title='bbox 375 2171 384 2186; x_wconf 95' lang='lat'>,</span> <span class='ocrx_word' id='word_1_166' title='bbox 400 2145 463 2178; x_wconf 89' lang='lat' dir='ltr'><strong>lib.</strong></span> <span class='ocrx_word' id='word_1_167' title='bbox 477 2146 530 2177; x_wconf 91' lang='grc' dir='ltr'><strong>ΙΙΙ</strong></span> <span class='ocrx_word' id='word_1_168' title='bbox 542 2170 551 2185; x_wconf 85' lang='grc'><em>,</em></span> <span class='ocrx_word' id='word_1_169' title='bbox 567 2144 653 2189; x_wconf 84' lang='lat' dir='ltr'><strong>eleg.</strong></span> <span class='ocrx_word' id='word_1_170' title='bbox 672 2145 760 2186; x_wconf 88' lang='lat' dir='ltr'>VII,</span> <span class='ocrx_word' id='word_1_171' title='bbox 777 2151 878 2176; x_wconf 84' lang='lat' dir='ltr'><strong>natus</strong></span> 
     </span>
     <span class='ocr_line' id='line_1_34' title="bbox 199 2197 878 2239; baseline -0.001 -9"><span class='ocrx_word' id='word_1_172' title='bbox 199 2206 251 2230; x_wconf 84' lang='lat' dir='ltr'><strong>est</strong></span> <span class='ocrx_word' id='word_1_173' title='bbox 278 2198 448 2239; x_wconf 84' lang='lat' dir='ltr'><strong>Veronae,</strong></span> <span class='ocrx_word' id='word_1_174' title='bbox 478 2210 568 2231; x_wconf 81' lang='lat' dir='ltr'><strong>anno</strong></span> <span class='ocrx_word' id='word_1_175' title='bbox 604 2198 647 2230; x_wconf 87' lang='lat' dir='ltr'><strong>ab</strong></span> <span class='ocrx_word' id='word_1_176' title='bbox 666 2197 764 2230; x_wconf 86' lang='lat' dir='ltr'><strong>Urbe</strong></span> <span class='ocrx_word' id='word_1_177' title='bbox 794 2209 878 2230; x_wconf 89' lang='lat' dir='ltr'><strong>con-</strong></span> 
     </span>
     <span class='ocr_line' id='line_1_35' title="bbox 199 2249 383 2296; baseline 0 -12"><span class='ocrx_word' id='word_1_178' title='bbox 199 2249 272 2284; x_wconf 85' lang='lat' dir='ltr'><strong>dita</strong></span> <span class='ocrx_word' id='word_1_179' title='bbox 295 2253 383 2296; x_wconf 85' lang='lat'><strong>667.</strong></span> 
     </span>
    </p>

    <p class='ocr_par' dir='ltr' id='par_1_16' title="bbox 200 2302 879 2507">
     <span class='ocr_line' id='line_1_36' title="bbox 257 2302 879 2347; baseline -0.002 -11"><span class='ocrx_word' id='word_1_180' title='bbox 257 2316 289 2338; x_wconf 87' lang='lat'><strong>2.</strong></span> <span class='ocrx_word' id='word_1_181' title='bbox 318 2304 463 2337; x_wconf 81' lang='lat' dir='ltr'><strong>Marone.</strong></span> <span class='ocrx_word' id='word_1_182' title='bbox 492 2302 663 2347; x_wconf 84' lang='lat' dir='ltr'><strong>Virgilius</strong></span> <span class='ocrx_word' id='word_1_183' title='bbox 696 2311 799 2335; x_wconf 85' lang='lat' dir='ltr'><strong>natus</strong></span> <span class='ocrx_word' id='word_1_184' title='bbox 828 2310 879 2335; x_wconf 89' lang='lat' dir='ltr'><strong>est</strong></span> 
     </span>
     <span class='ocr_line' id='line_1_37' title="bbox 200 2354 879 2402; baseline -0.003 -13"><span class='ocrx_word' id='word_1_185' title='bbox 200 2356 237 2389; x_wconf 88' lang='lat' dir='ltr'><strong>in</strong></span> <span class='ocrx_word' id='word_1_186' title='bbox 259 2360 336 2390; x_wconf 86' lang='lat' dir='ltr'><strong>vico</strong></span> <span class='ocrx_word' id='word_1_187' title='bbox 347 2382 356 2398; x_wconf 89' lang='lat'>,</span> <span class='ocrx_word' id='word_1_188' title='bbox 371 2356 432 2402; x_wconf 88' lang='lat' dir='ltr'><strong>qui</strong></span> <span class='ocrx_word' id='word_1_189' title='bbox 445 2354 563 2389; x_wconf 87' lang='lat' dir='ltr'><strong>Andes</strong></span> <span class='ocrx_word' id='word_1_190' title='bbox 580 2355 786 2395; x_wconf 82' lang='lat' dir='ltr'><strong>vocabatur,</strong></span> <span class='ocrx_word' id='word_1_191' title='bbox 805 2367 879 2389; x_wconf 88' lang='lat' dir='ltr'><strong>non</strong></span> 
     </span>
     <span class='ocr_line' id='line_1_38' title="bbox 200 2408 879 2455; baseline -0.004 -12"><span class='ocrx_word' id='word_1_192' title='bbox 200 2410 324 2455; x_wconf 87' lang='lat' dir='ltr'><strong>procul</strong></span> <span class='ocrx_word' id='word_1_193' title='bbox 350 2410 391 2442; x_wconf 90' lang='lat' dir='ltr'><strong>ab</strong></span> <span class='ocrx_word' id='word_1_194' title='bbox 411 2409 499 2442; x_wconf 88' lang='lat' dir='ltr'><strong>urbe</strong></span> <span class='ocrx_word' id='word_1_195' title='bbox 520 2409 692 2450; x_wconf 84' lang='lat' dir='ltr'><strong>Mantua,</strong></span> <span class='ocrx_word' id='word_1_196' title='bbox 712 2420 805 2441; x_wconf 87' lang='lat' dir='ltr'><strong>anno</strong></span> <span class='ocrx_word' id='word_1_197' title='bbox 835 2408 879 2441; x_wconf 87' lang='lat' dir='ltr'><strong>ab</strong></span> 
     </span>
     <span class='ocr_line' id='line_1_39' title="bbox 201 2462 558 2507; baseline 0 -11"><span class='ocrx_word' id='word_1_198' title='bbox 201 2464 290 2496; x_wconf 78' lang='lat' dir='ltr'><strong>urbe</strong></span> <span class='ocrx_word' id='word_1_199' title='bbox 307 2462 446 2507; x_wconf 38' lang='lat' dir='ltr'><strong>congdita</strong></span> <span class='ocrx_word' id='word_1_200' title='bbox 470 2463 558 2502; x_wconf 75' lang='grc'>684-</span> 
     </span>
    </p>

    <p class='ocr_par' dir='ltr' id='par_1_17' title="bbox 203 2512 880 2719">
     <span class='ocr_line' id='line_1_40' title="bbox 258 2512 880 2561; baseline -0.005 -12"><span class='ocrx_word' id='word_1_201' title='bbox 258 2516 291 2549; x_wconf 81' lang='grc'><strong>3.</strong></span> <span class='ocrx_word' id='word_1_202' title='bbox 320 2516 465 2561; x_wconf 85' lang='lat' dir='ltr'><strong>Legitur</strong></span> <span class='ocrx_word' id='word_1_203' title='bbox 489 2514 594 2549; x_wconf 83' lang='lat' dir='ltr'><strong>etiam</strong></span> <span class='ocrx_word' id='word_1_204' title='bbox 623 2514 754 2559; x_wconf 77' lang='lat' dir='ltr'><strong>Aponi,</strong></span> <span class='ocrx_word' id='word_1_205' title='bbox 784 2512 880 2559; x_wconf 89' lang='lat' dir='ltr'><strong>quod</strong></span> 
     </span>
     <span class='ocr_line' id='line_1_41' title="bbox 203 2568 880 2613; baseline -0.003 -13"><span class='ocrx_word' id='word_1_206' title='bbox 203 2581 324 2602; x_wconf 76' lang='lat' dir='ltr'><strong>verum</strong></span> <span class='ocrx_word' id='word_1_207' title='bbox 363 2576 461 2613; x_wconf 89' lang='lat' dir='ltr'><strong>putat</strong></span> <span class='ocrx_word' id='word_1_208' title='bbox 500 2568 700 2613; x_wconf 86' lang='lat' dir='ltr'><strong>Cagnerius.</strong></span> <span class='ocrx_word' id='word_1_209' title='bbox 734 2568 880 2612; x_wconf 85' lang='lat' dir='ltr'><strong>Aponus</strong></span> 
     </span>
     <span class='ocr_line' id='line_1_42' title="bbox 203 2618 877 2666; baseline -0.003 -12"><span class='ocrx_word' id='word_1_210' title='bbox 203 2630 321 2654; x_wconf 82' lang='lat' dir='ltr'><strong>autem</strong></span> <span class='ocrx_word' id='word_1_211' title='bbox 352 2621 429 2654; x_wconf 84' lang='lat' dir='ltr'><strong>fons</strong></span> <span class='ocrx_word' id='word_1_212' title='bbox 455 2630 507 2654; x_wconf 84' lang='lat' dir='ltr'><strong>est</strong></span> <span class='ocrx_word' id='word_1_213' title='bbox 530 2620 752 2666; x_wconf 78' lang='lat' dir='ltr'><strong>praenobilis,</strong></span> <span class='ocrx_word' id='word_1_214' title='bbox 784 2618 877 2653; x_wconf 90' lang='lat' dir='ltr'><strong>unde</strong></span> 
     </span>
     <span class='ocr_line' id='line_1_43' title="bbox 203 2674 872 2719; baseline 0 -13"><span class='ocrx_word' id='word_1_215' title='bbox 203 2682 274 2708; x_wconf 84' lang='lat' dir='ltr'><strong>tota</strong></span> <span class='ocrx_word' id='word_1_216' title='bbox 296 2674 392 2719; x_wconf 81' lang='lat' dir='ltr'><strong>regio</strong></span> <span class='ocrx_word' id='word_1_217' title='bbox 415 2674 578 2708; x_wconf 85' lang='lat' dir='ltr'><strong>Patavina</strong></span> <span class='ocrx_word' id='word_1_218' title='bbox 601 2674 769 2707; x_wconf 78' lang='lat' dir='ltr'><strong>illustrata</strong></span> <span class='ocrx_word' id='word_1_219' title='bbox 795 2681 845 2707; x_wconf 83' lang='lat' dir='ltr'><strong>est</strong></span> <span class='ocrx_word' id='word_1_220' title='bbox 864 2685 872 2713; x_wconf 91' lang='grc'><strong>;</strong></span> 
     </span>
    </p>
   </div>
   <div class='ocr_carea' id='block_1_13' title="bbox 933 1554 1620 2718">
    <p class='ocr_par' dir='ltr' id='par_1_18' title="bbox 933 1554 1620 2718">
     <span class='ocr_line' id='line_1_44' title="bbox 933 1554 1617 1602; baseline -0.001 -13"><span class='ocrx_word' id='word_1_221' title='bbox 933 1556 970 1589; x_wconf 86' lang='lat' dir='ltr'><strong>in</strong></span> <span class='ocrx_word' id='word_1_222' title='bbox 990 1558 1089 1602; x_wconf 84' lang='lat' dir='ltr'><strong>cujus</strong></span> <span class='ocrx_word' id='word_1_223' title='bbox 1110 1554 1252 1590; x_wconf 86' lang='lat' dir='ltr'><strong>laudem</strong></span> <span class='ocrx_word' id='word_1_224' title='bbox 1271 1554 1454 1589; x_wconf 71' lang='lat' dir='ltr'><strong>Claudiam.</strong></span> <span class='ocrx_word' id='word_1_225' title='bbox 1478 1563 1512 1588; x_wconf 82' lang='lat' dir='ltr'><strong>et</strong></span> <span class='ocrx_word' id='word_1_226' title='bbox 1534 1556 1617 1588; x_wconf 78' lang='lat' dir='ltr'><strong>Cas-</strong></span> 
     </span>
     <span class='ocr_line' id='line_1_45' title="bbox 933 1609 1615 1655; baseline -0.004 -12"><span class='ocrx_word' id='word_1_227' title='bbox 933 1609 1063 1643; x_wconf 86' lang='lat' dir='ltr'><strong>siodor.</strong></span> <span class='ocrx_word' id='word_1_228' title='bbox 1084 1609 1198 1655; x_wconf 87' lang='lat' dir='ltr'><strong>plenis</strong></span> <span class='ocrx_word' id='word_1_229' title='bbox 1212 1609 1311 1655; x_wconf 84' lang='lat' dir='ltr'><strong>quasi</strong></span> <span class='ocrx_word' id='word_1_230' title='bbox 1329 1609 1415 1641; x_wconf 85' lang='lat' dir='ltr'><strong>velis</strong></span> <span class='ocrx_word' id='word_1_231' title='bbox 1432 1621 1504 1642; x_wconf 86' lang='lat' dir='ltr'><strong>sese</strong></span> <span class='ocrx_word' id='word_1_232' title='bbox 1525 1609 1615 1641; x_wconf 79' lang='lat' dir='ltr'><strong>effu-</strong></span> 
     </span>
     <span class='ocr_line' id='line_1_46' title="bbox 934 1661 1617 1703; baseline -0.003 -7"><span class='ocrx_word' id='word_1_233' title='bbox 934 1662 1074 1697; x_wconf 85' lang='lat' dir='ltr'><strong>derunt.</strong></span> <span class='ocrx_word' id='word_1_234' title='bbox 1112 1685 1164 1689; x_wconf 86' lang='lat'>—</span> <span class='ocrx_word' id='word_1_235' title='bbox 1208 1662 1370 1696; x_wconf 81' lang='lat' dir='ltr'><strong>Censetur.</strong></span> <span class='ocrx_word' id='word_1_236' title='bbox 1411 1661 1617 1703; x_wconf 78' lang='lat' dir='ltr'><strong>Laudatur,</strong></span> 
     </span>
     <span class='ocr_line' id='line_1_47' title="bbox 934 1714 1617 1760; baseline -0.004 -10"><span class='ocrx_word' id='word_1_237' title='bbox 934 1717 1136 1750; x_wconf 83' lang='lat' dir='ltr'><strong>aestimatur.</strong></span> <span class='ocrx_word' id='word_1_238' title='bbox 1161 1716 1304 1749; x_wconf 88' lang='lat' dir='ltr'><strong>Censeri</strong></span> <span class='ocrx_word' id='word_1_239' title='bbox 1332 1714 1539 1749; x_wconf 84' lang='lat' dir='ltr'><strong>dicebantur</strong></span> <span class='ocrx_word' id='word_1_240' title='bbox 1556 1715 1617 1760; x_wconf 89' lang='lat' dir='ltr'><strong>qui</strong></span> 
     </span>
     <span class='ocr_line' id='line_1_48' title="bbox 934 1768 1618 1815; baseline -0.004 -12"><span class='ocrx_word' id='word_1_241' title='bbox 934 1770 1193 1815; x_wconf 84' lang='lat' dir='ltr'><strong>profitebantur</strong></span> <span class='ocrx_word' id='word_1_242' title='bbox 1218 1768 1313 1815; x_wconf 86' lang='lat' dir='ltr'><strong>apud</strong></span> <span class='ocrx_word' id='word_1_243' title='bbox 1341 1781 1523 1802; x_wconf 84' lang='lat' dir='ltr'><strong>censorem</strong></span> <span class='ocrx_word' id='word_1_244' title='bbox 1553 1781 1618 1801; x_wconf 87' lang='lat' dir='ltr'><strong>no·</strong></span> 
     </span>
     <span class='ocr_line' id='line_1_49' title="bbox 934 1822 1613 1869; baseline -0.001 -14"><span class='ocrx_word' id='word_1_245' title='bbox 934 1835 1015 1856; x_wconf 86' lang='lat' dir='ltr'><strong>men</strong></span> <span class='ocrx_word' id='word_1_246' title='bbox 1029 1836 1131 1856; x_wconf 87' lang='lat' dir='ltr'><strong>suum</strong></span> <span class='ocrx_word' id='word_1_247' title='bbox 1139 1849 1149 1864; x_wconf 87' lang='lat'><strong><em>‚</em></strong></span> <span class='ocrx_word' id='word_1_248' title='bbox 1162 1835 1274 1869; x_wconf 87' lang='lat' dir='ltr'><strong>genus</strong></span> <span class='ocrx_word' id='word_1_249' title='bbox 1282 1848 1291 1864; x_wconf 85' lang='lat'><em>‚</em></span> <span class='ocrx_word' id='word_1_250' title='bbox 1301 1822 1436 1856; x_wconf 79' lang='lat' dir='ltr'><strong>tribum</strong></span> <span class='ocrx_word' id='word_1_251' title='bbox 1446 1847 1456 1863; x_wconf 88' lang='lat'>,</span> <span class='ocrx_word' id='word_1_252' title='bbox 1464 1822 1594 1855; x_wconf 86' lang='lat' dir='ltr'><strong>liberos</strong></span> <span class='ocrx_word' id='word_1_253' title='bbox 1603 1848 1613 1861; x_wconf 91' lang='lat'>‚</span> 
     </span>
     <span class='ocr_line' id='line_1_50' title="bbox 934 1875 1616 1916; baseline -0.003 -7"><span class='ocrx_word' id='word_1_254' title='bbox 934 1876 1087 1909; x_wconf 81' lang='lat' dir='ltr'><strong>maxime</strong></span> <span class='ocrx_word' id='word_1_255' title='bbox 1117 1888 1201 1909; x_wconf 84' lang='lat' dir='ltr'><strong>vero</strong></span> <span class='ocrx_word' id='word_1_256' title='bbox 1224 1883 1258 1909; x_wconf 89' lang='lat' dir='ltr'><strong>et</strong></span> <span class='ocrx_word' id='word_1_257' title='bbox 1286 1888 1362 1909; x_wconf 90' lang='lat' dir='ltr'><strong>rem</strong></span> <span class='ocrx_word' id='word_1_258' title='bbox 1384 1875 1590 1908; x_wconf 81' lang='lat' dir='ltr'><strong>familiarem</strong></span> <span class='ocrx_word' id='word_1_259' title='bbox 1606 1900 1616 1916; x_wconf 80' lang='grc'><em>,</em></span> 
     </span>
     <span class='ocr_line' id='line_1_51' title="bbox 935 1928 1617 1975; baseline -0.001 -13"><span class='ocrx_word' id='word_1_260' title='bbox 935 1941 1012 1975; x_wconf 84' lang='lat' dir='ltr'><strong>quae</strong></span> <span class='ocrx_word' id='word_1_261' title='bbox 1033 1930 1141 1962; x_wconf 83' lang='lat' dir='ltr'><strong>latine</strong></span> <span class='ocrx_word' id='word_1_262' title='bbox 1159 1941 1282 1962; x_wconf 84' lang='lat' dir='ltr'><strong>census</strong></span> <span class='ocrx_word' id='word_1_263' title='bbox 1305 1928 1450 1961; x_wconf 84' lang='lat' dir='ltr'><strong>dicitur.</strong></span> <span class='ocrx_word' id='word_1_264' title='bbox 1472 1928 1617 1973; x_wconf 80' lang='lat' dir='ltr'><strong>Equites</strong></span> 
     </span>
     <span class='ocr_line' id='line_1_52' title="bbox 935 1980 1616 2027; baseline -0.003 -11"><span class='ocrx_word' id='word_1_265' title='bbox 935 1983 1167 2016; x_wconf 82' lang='lat' dir='ltr'><strong>censebantur</strong></span> <span class='ocrx_word' id='word_1_266' title='bbox 1180 1980 1446 2027; x_wconf 83' lang='lat' dir='ltr'><strong>quadringentis</strong></span> <span class='ocrx_word' id='word_1_267' title='bbox 1459 1981 1616 2014; x_wconf 83' lang='lat' dir='ltr'><strong>millibus</strong></span> 
     </span>
     <span class='ocr_line' id='line_1_53' title="bbox 935 2032 1620 2079; baseline -0.004 -10"><span class='ocrx_word' id='word_1_268' title='bbox 935 2036 979 2068; x_wconf 91' lang='lat' dir='ltr'><strong>H.</strong></span> <span class='ocrx_word' id='word_1_269' title='bbox 1003 2036 1038 2069; x_wconf 85' lang='lat' dir='ltr'><strong>S.</strong></span> <span class='ocrx_word' id='word_1_270' title='bbox 1059 2034 1243 2069; x_wconf 81' lang='lat' dir='ltr'><strong>Proletarii</strong></span> <span class='ocrx_word' id='word_1_271' title='bbox 1268 2034 1382 2079; x_wconf 85' lang='lat' dir='ltr'><strong>eapite</strong></span> <span class='ocrx_word' id='word_1_272' title='bbox 1404 2033 1539 2067; x_wconf 87' lang='lat' dir='ltr'><strong>censeri</strong></span> <span class='ocrx_word' id='word_1_273' title='bbox 1566 2032 1620 2066; x_wconf 88' lang='lat' dir='ltr'><strong>di·</strong></span> 
     </span>
     <span class='ocr_line' id='line_1_54' title="bbox 935 2086 1619 2134; baseline -0.006 -11"><span class='ocrx_word' id='word_1_274' title='bbox 935 2090 1115 2131; x_wconf 79' lang='lat' dir='ltr'><strong>cebantur,</strong></span> <span class='ocrx_word' id='word_1_275' title='bbox 1133 2088 1216 2134; x_wconf 89' lang='lat' dir='ltr'><strong>quia</strong></span> <span class='ocrx_word' id='word_1_276' title='bbox 1232 2087 1321 2121; x_wconf 89' lang='lat' dir='ltr'><strong>nihil</strong></span> <span class='ocrx_word' id='word_1_277' title='bbox 1332 2095 1460 2133; x_wconf 74' lang='lat' dir='ltr'><strong>praeter</strong></span> <span class='ocrx_word' id='word_1_278' title='bbox 1471 2099 1507 2120; x_wconf 90' lang='lat' dir='ltr'><strong>se</strong></span> <span class='ocrx_word' id='word_1_279' title='bbox 1523 2086 1619 2132; x_wconf 84' lang='lat' dir='ltr'><strong>ipsos</strong></span> 
     </span>
     <span class='ocr_line' id='line_1_55' title="bbox 936 2140 1618 2185; baseline -0.006 -9"><span class='ocrx_word' id='word_1_280' title='bbox 936 2143 972 2176; x_wconf 89' lang='lat' dir='ltr'><strong>in</strong></span> <span class='ocrx_word' id='word_1_281' title='bbox 989 2154 1134 2176; x_wconf 88' lang='lat' dir='ltr'><strong>censum</strong></span> <span class='ocrx_word' id='word_1_282' title='bbox 1149 2141 1359 2175; x_wconf 84' lang='lat' dir='ltr'><strong>referebant.</strong></span> <span class='ocrx_word' id='word_1_283' title='bbox 1373 2140 1496 2182; x_wconf 88' lang='lat' dir='ltr'><strong>Quum</strong></span> <span class='ocrx_word' id='word_1_284' title='bbox 1510 2140 1618 2185; x_wconf 87' lang='lat' dir='ltr'><strong>igitur</strong></span> 
     </span>
     <span class='ocr_line' id='line_1_56' title="bbox 936 2193 1619 2240; baseline -0.003 -12"><span class='ocrx_word' id='word_1_285' title='bbox 936 2195 1082 2240; x_wconf 82' lang='lat' dir='ltr'><strong>alicujus</strong></span> <span class='ocrx_word' id='word_1_286' title='bbox 1123 2196 1215 2228; x_wconf 82' lang='lat' dir='ltr'><strong>bona</strong></span> <span class='ocrx_word' id='word_1_287' title='bbox 1252 2193 1449 2239; x_wconf 69' lang='lat' dir='ltr'><strong>significare</strong></span> <span class='ocrx_word' id='word_1_288' title='bbox 1488 2194 1619 2226; x_wconf 88' lang='lat' dir='ltr'><strong>vellent</strong></span> 
     </span>
     <span class='ocr_line' id='line_1_57' title="bbox 936 2246 1620 2289; baseline -0.003 -8"><span class='ocrx_word' id='word_1_289' title='bbox 936 2249 1108 2289; x_wconf 80' lang='lat' dir='ltr'><strong>Romani,</strong></span> <span class='ocrx_word' id='word_1_290' title='bbox 1136 2247 1302 2280; x_wconf 86' lang='lat' dir='ltr'><strong>dicebant</strong></span> <span class='ocrx_word' id='word_1_291' title='bbox 1327 2259 1335 2280; x_wconf 78' lang='lat' dir='ltr'><em>z</em></span> <span class='ocrx_word' id='word_1_292' title='bbox 1364 2246 1431 2280; x_wconf 90' lang='lat' dir='ltr'><strong>Hic</strong></span> <span class='ocrx_word' id='word_1_293' title='bbox 1459 2254 1620 2279; x_wconf 84' lang='lat' dir='ltr'><strong>censetur</strong></span> 
     </span>
     <span class='ocr_line' id='line_1_58' title="bbox 936 2299 1618 2347; baseline -0.004 -12"><span class='ocrx_word' id='word_1_294' title='bbox 936 2300 1200 2347; x_wconf 84' lang='lat' dir='ltr'><strong>quadringentis</strong></span> <span class='ocrx_word' id='word_1_295' title='bbox 1213 2326 1222 2342; x_wconf 91' lang='lat'>‚</span> <span class='ocrx_word' id='word_1_296' title='bbox 1241 2299 1411 2334; x_wconf 88' lang='lat' dir='ltr'><strong>sexcentis</strong></span> <span class='ocrx_word' id='word_1_297' title='bbox 1423 2326 1432 2340; x_wconf 89' lang='lat'>‚</span> <span class='ocrx_word' id='word_1_298' title='bbox 1449 2308 1517 2333; x_wconf 88' lang='lat' dir='ltr'><strong>etc.</strong></span> <span class='ocrx_word' id='word_1_299' title='bbox 1533 2299 1618 2333; x_wconf 89' lang='lat' dir='ltr'><strong>hinc</strong></span> 
     </span>
     <span class='ocr_line' id='line_1_59' title="bbox 937 2352 1620 2399; baseline -0.003 -11"><span class='ocrx_word' id='word_1_300' title='bbox 937 2363 1035 2388; x_wconf 88' lang='lat' dir='ltr'><strong>ortus</strong></span> <span class='ocrx_word' id='word_1_301' title='bbox 1074 2362 1124 2388; x_wconf 88' lang='lat' dir='ltr'><strong>est</strong></span> <span class='ocrx_word' id='word_1_302' title='bbox 1167 2352 1442 2399; x_wconf 86' lang='lat' dir='ltr'><strong>elegantissimus</strong></span> <span class='ocrx_word' id='word_1_303' title='bbox 1477 2352 1620 2386; x_wconf 75' lang='lat' dir='ltr'><strong>dicendi</strong></span> 
     </span>
     <span class='ocr_line' id='line_1_60' title="bbox 938 2406 1620 2452; baseline -0.004 -11"><span class='ocrx_word' id='word_1_304' title='bbox 938 2406 1086 2447; x_wconf 86' lang='lat' dir='ltr'><strong>modus,</strong></span> <span class='ocrx_word' id='word_1_305' title='bbox 1115 2409 1232 2439; x_wconf 71' lang='lat' dir='ltr'><strong>censeri</strong></span> <span class='ocrx_word' id='word_1_306' title='bbox 1256 2406 1492 2452; x_wconf 77' lang='lat' dir='ltr'><strong>pulchritudine</strong></span> <span class='ocrx_word' id='word_1_307' title='bbox 1507 2433 1518 2447; x_wconf 89' lang='lat'><strong><em>,</em></strong></span> <span class='ocrx_word' id='word_1_308' title='bbox 1548 2419 1620 2438; x_wconf 80' lang='lat' dir='ltr'><strong>cen-</strong></span> 
     </span>
     <span class='ocr_line' id='line_1_61' title="bbox 937 2459 1620 2505; baseline -0.001 -12"><span class='ocrx_word' id='word_1_309' title='bbox 937 2462 999 2493; x_wconf 80' lang='lat' dir='ltr'><strong>seri</strong></span> <span class='ocrx_word' id='word_1_310' title='bbox 1036 2463 1154 2492; x_wconf 63' lang='lat' dir='ltr'><strong>virtute</strong></span> <span class='ocrx_word' id='word_1_311' title='bbox 1171 2473 1183 2499; x_wconf 90' lang='lat'><strong>,·</strong></span> <span class='ocrx_word' id='word_1_312' title='bbox 1218 2459 1267 2494; x_wconf 85' lang='lat' dir='ltr'><strong>sic</strong></span> <span class='ocrx_word' id='word_1_313' title='bbox 1296 2460 1422 2505; x_wconf 86' lang='lat' dir='ltr'><strong>Apona</strong></span> <span class='ocrx_word' id='word_1_314' title='bbox 1459 2467 1620 2492; x_wconf 88' lang='lat' dir='ltr'><strong>censetur</strong></span> 
     </span>
     <span class='ocr_line' id='line_1_62' title="bbox 938 2512 1618 2558; baseline -0.001 -12"><span class='ocrx_word' id='word_1_315' title='bbox 938 2513 1058 2555; x_wconf 79' lang='lat' dir='ltr'><strong>Livio,</strong></span> <span class='ocrx_word' id='word_1_316' title='bbox 1076 2512 1327 2546; x_wconf 84' lang='lat' dir='ltr'><strong>historicorum</strong></span> <span class='ocrx_word' id='word_1_317' title='bbox 1355 2512 1517 2558; x_wconf 81' lang='lat' dir='ltr'><strong>principe</strong></span> <span class='ocrx_word' id='word_1_318' title='bbox 1529 2538 1538 2552; x_wconf 93' lang='lat'><strong>‚</strong></span> <span class='ocrx_word' id='word_1_319' title='bbox 1558 2513 1618 2558; x_wconf 87' lang='lat' dir='ltr'><strong>qui</strong></span> 
     </span>
     <span class='ocr_line' id='line_1_63' title="bbox 940 2565 1617 2611; baseline -0.001 -12"><span class='ocrx_word' id='word_1_320' title='bbox 940 2566 1004 2599; x_wconf 85' lang='lat' dir='ltr'><strong>suh</strong></span> <span class='ocrx_word' id='word_1_321' title='bbox 1028 2567 1184 2611; x_wconf 81' lang='lat' dir='ltr'><strong>Angusto</strong></span> <span class='ocrx_word' id='word_1_322' title='bbox 1214 2574 1249 2599; x_wconf 88' lang='lat' dir='ltr'><strong>et</strong></span> <span class='ocrx_word' id='word_1_323' title='bbox 1274 2565 1418 2599; x_wconf 90' lang='lat' dir='ltr'><strong>Tiberio</strong></span> <span class='ocrx_word' id='word_1_324' title='bbox 1440 2565 1562 2599; x_wconf 87' lang='lat' dir='ltr'><strong>floruit</strong></span> <span class='ocrx_word' id='word_1_325' title='bbox 1584 2574 1617 2598; x_wconf 80' lang='lat' dir='ltr'><strong>et</strong></span> 
     </span>
     <span class='ocr_line' id='line_1_64' title="bbox 938 2619 1617 2665; baseline -0.003 -13"><span class='ocrx_word' id='word_1_326' title='bbox 938 2631 978 2652; x_wconf 79' lang='lat' dir='ltr'><strong>ex</strong></span> <span class='ocrx_word' id='word_1_327' title='bbox 994 2621 1094 2665; x_wconf 89' lang='lat' dir='ltr'><strong>cujus</strong></span> <span class='ocrx_word' id='word_1_328' title='bbox 1112 2627 1175 2658; x_wconf 73' lang='lat'><strong>142</strong></span> <span class='ocrx_word' id='word_1_329' title='bbox 1197 2619 1317 2661; x_wconf 78' lang='lat' dir='ltr'><strong>libris,</strong></span> <span class='ocrx_word' id='word_1_330' title='bbox 1335 2626 1525 2664; x_wconf 89' lang='lat' dir='ltr'><strong>supersunt</strong></span> <span class='ocrx_word' id='word_1_331' title='bbox 1542 2626 1617 2651; x_wconf 85' lang='lat' dir='ltr'><strong>tan-</strong></span> 
     </span>
     <span class='ocr_line' id='line_1_65' title="bbox 940 2671 1612 2718; baseline -0.003 -13"><span class='ocrx_word' id='word_1_332' title='bbox 940 2681 1013 2706; x_wconf 85' lang='lat' dir='ltr'><strong>tum</strong></span> <span class='ocrx_word' id='word_1_333' title='bbox 1036 2672 1282 2718; x_wconf 72' lang='lat' dir='ltr'><strong>35.——Apouu.</strong></span> <span class='ocrx_word' id='word_1_334' title='bbox 1295 2673 1441 2717; x_wconf 76' lang='lat' dir='ltr'><strong>Aponus</strong></span> <span class='ocrx_word' id='word_1_335' title='bbox 1454 2697 1465 2708; x_wconf 71' lang='grc'>,</span> <span class='ocrx_word' id='word_1_336' title='bbox 1480 2671 1612 2709; x_wconf 17' lang='lat' dir='ltr'><strong>Abanor</strong></span> 
     </span>
    </p>
   </div>
  </div>
 </body>
</html>
