2061 3288
463 201 562 256 484

837 200 897 242 M.
928 201 1067 243 VAL.
1108 199 1497 243 MARTIALIS

672 289 832 331 Curras
853 288 1008 331 scrinia
1029 287 1227 347 protinus
1248 285 1412 342 licebit,

669 359 846 401 Inversa
872 358 1017 418 pueris
1042 356 1202 400 arande
1224 356 1386 401 charta.

464 500 519 533 Sic
538 499 671 531 Bolaeus
686 507 804 531 noster
817 498 924 530 simili
939 497 1109 530 sententia
1127 509 1133 528 :

525 582 528 585 .
543 581 546 585 .
560 581 564 584 .
578 562 659 585 .Pour
673 560 734 584 aller
751 561 825 584 d'une
839 559 925 584 feuille
940 559 1058 585 nouvelle

468 609 586 633 Habillrr
599 608 658 632 chez
668 609 804 632 Franfoeur
817 607 839 631 le
850 616 922 631 sucre
936 613 959 630 et
974 606 996 630 la
1007 605 1110 631 cnnelle

523 670 580 690 10.
601 657 735 690 Set-mia.
760 657 811 689 De
836 656 902 688 hoc
923 656 1033 688 verbo
1058 653 1138 687 vide

463 711 524 744 lib.
544 712 584 751 Ι,
612 710 717 755 epigr.
741 721 798 749 iv,
817 722 867 742 vs.
893 721 925 741 2.

523 775 581 797 11.
606 764 731 795 Inversa
754 764 859 806 pueris
876 789 884 801 ,
916 769 982 794 etc.
1008 762 1049 793 In
1071 773 1139 793 una

465 824 599 850 tantum
618 815 745 848 chartae
759 814 844 847 facie
861 813 965 848 scribi
982 814 1140 846 solebant

466 877 624 915 poemata
643 882 650 902 :
674 867 767 901 unde
791 866 968 901 Juvenalis
983 891 994 906 ‚
1018 874 1078 900 sat.
1099 867 1115 899 I
1131 891 1141 907 ‚

465 935 612 968 arguens
645 922 785 966 longam
818 918 998 966 cujusdam
1032 927 1142 965 poetae

465 976 635 1015 fabulam,
656 975 704 1008 ait
720 986 728 1007 :
750 991 764 1003 α
786 973 960 1018 Scriptus,
976 973 1060 1005 etin
1075 981 1142 1006 ter-

465 1042 511 1073 go
525 1054 534 1069 ,
553 1026 704 1061 necdum
725 1026 844 1060 finitus
862 1025 1011 1059 Orestes,
1037 1043 1049 1054 ιι
1071 1025 1140 1059 Sed

465 1094 547 1115 vero
560 1094 668 1126 quum
684 1080 847 1113 vilescere
863 1079 1046 1125 coepissent
1058 1078 1141 1111 libri

464 1136 501 1167 in
517 1134 756 1168 voluminibus
777 1132 928 1173 exarati,
950 1130 1140 1176 aliquando

466 1188 729 1221 invertebantur
760 1194 794 1219 et
829 1186 871 1218 ab
905 1185 1012 1218 altera
1043 1193 1142 1230 parte

466 1241 787 1274 conscribebantur.
827 1239 869 1271 In
905 1237 1027 1283 primis
1061 1250 1142 1270 vero

467 1295 586 1328 charta
602 1319 612 1334 ,
639 1305 718 1339 quae
752 1305 770 1325 a
803 1301 901 1336 tergo
933 1290 1142 1335 scripturam

467 1355 675 1393 susceperat,
690 1345 768 1379 usui
780 1357 975 1390 puerorum
988 1342 1145 1385 cedebat,

468 1409 504 1434 ut
526 1400 562 1432 in
588 1400 645 1434 illa
670 1397 857 1432 scribendo
877 1405 1143 1433 exercerentur,

470 1462 504 1486 ut
522 1465 613 1486 nunc
630 1450 884 1485 fierividemus.
899 1451 1014 1491 Quem
1028 1462 1145 1483 casum

1195 496 1359 529 Horatius
1373 496 1466 529 libro
1482 508 1544 529 suo
1560 496 1767 530 vaticinatus
1779 523 1787 539 ‚
1805 497 1866 529 lib.

1198 550 1213 581 Ι
1225 574 1234 590 ,
1251 550 1351 594 epist.
1369 562 1387 582 2
1400 575 1409 591 ‚
1425 548 1550 582 cecinit
1570 562 1577 581 :
1604 566 1617 579 ιι
1640 550 1714 583 Hoc
1731 562 1868 595 quoque

1197 611 1229 635 te
1254 610 1391 643 manet,
1411 610 1450 634 ut
1467 614 1593 647 pueros
1617 603 1787 635 elementa
1805 602 1868 636 do-

1197 662 1334 688 centem
1356 654 1516 700 Occupet
1538 655 1699 688 extremis
1726 656 1761 688 in
1786 656 1869 689 vicis

1199 708 1275 741 alba
1293 715 1453 741 senectus
1470 720 1501 750 »;
1517 708 1584 741 hoc
1599 716 1666 744 est,
1681 708 1871 754 interprete

1199 760 1445 806 Porphyrione
1463 772 1470 793 :
1494 773 1598 794 nemo
1618 770 1652 794 te
1674 761 1814 794 ornabit
1832 774 1870 794 ac

1200 812 1390 855 describet,
1408 812 1468 847 sed
1478 822 1536 846 aut
1546 814 1637 846 carie
1649 815 1872 853 consumeris,

1200 875 1262 900 aut
1278 866 1363 899 fient
1381 878 1426 899 ex
1446 874 1480 899 te
1501 866 1781 913 opisthographae
1802 867 1873 912 epi-

1201 920 1307 953 stolae.
1330 918 1463 952 Eodem
1484 919 1672 965 respexisse
1698 920 1800 953 nobis
1821 920 1873 954 vi-

1199 971 1302 1006 detur
1326 972 1385 1006 hic
1407 972 1544 1006 Noster.
1567 973 1633 1005 En.
1659 994 1711 999 —-
1734 973 1805 1005 Alii
1825 973 1874 1005 in-

1200 1026 1362 1070 telligunt
1371 1027 1477 1070 pueris
1486 1026 1673 1058 salariorum
1682 1033 1716 1059 et
1725 1025 1872 1059 aliorum

1199 1090 1396 1124 pauperum
1406 1104 1415 1121 ‚
1430 1078 1489 1124 qui
1507 1091 1618 1124 quum
1631 1080 1677 1112 ob
1689 1086 1872 1124 egestatem

1201 1144 1272 1164 non
1285 1132 1418 1176 possint
1437 1131 1490 1165 uti
1510 1131 1628 1165 charta
1646 1144 1751 1177 pura,
1772 1132 1875 1177 magi-

1202 1193 1354 1218 strorum
1366 1183 1491 1217 dictata
1506 1184 1541 1217 in
1557 1193 1653 1230 tergo
1665 1184 1870 1218 scribebant.

1203 1259 1254 1264 —-
1271 1237 1416 1270 Arande.
1430 1238 1537 1270 Arare
1553 1249 1618 1282 per
1636 1238 1876 1283 metaphoram

1203 1290 1374 1336 significat
1394 1291 1524 1323 scribere
1537 1318 1545 1330 ‚
1571 1290 1651 1336 quia
1669 1291 1746 1324 stilo
1765 1291 1876 1324 ferreo

1204 1343 1240 1376 in
1263 1343 1386 1377 ceratis
1402 1343 1529 1377 tabulis
1544 1343 1659 1377 literas
1677 1343 1879 1389 imprimen—

1205 1405 1256 1429 tes
1283 1397 1431 1441 Antiqui
1450 1397 1600 1431 sulculos
1622 1395 1792 1441 quosdam
1813 1395 1877 1430 du-

1205 1461 1282 1482 cere
1303 1447 1521 1482 videbantur.

968 1583 1386 1639 LXXXVIII.

1050 1741 1107 1767 DE
1139 1720 1307 1768 BAssA.*

546 1873 797 1916 ΙΝΕΑΝΤΕΜ
824 1882 970 1910 secum
997 1880 1168 1925 semper
1190 1874 1265 1908 tua
1286 1866 1435 1918 Bassa⁷
1457 1863 1655 1919 Fabulle,

619 1938 839 1993 Collocat‚
860 1946 901 1980 et
925 1935 1042 1979 lusus
1067 1933 1327 1994 deliciasque
1351 1944 1491 1978 vocat.

552 2016 606 2056 Et
631 2009 749 2072 quod
774 2008 940 2052 mireris
967 2006 1103 2066 magis
1119 2041 1130 2059 ‚
1160 2004 1389 2048 infantaria
1414 2021 1503 2048 non
1529 2016 1604 2049 est.

623 2084 740 2141 Ergo
764 2078 866 2140 quid
891 2079 1084 2121 incausa
1112 2075 1202 2120 est?
1222 2075 1383 2118 Pedere
1408 2077 1537 2119 Bassa
1559 2075 1677 2120 solet.

542 2223 554 2235 *
567 2223 625 2257 Ad
637 2221 806 2255 Fabullum
817 2217 1017 2250 inscribitur
1032 2217 1063 2248 in
1084 2214 1157 2247 edi-

492 2278 643 2313 tionibus
661 2273 845 2306 veteribus,

552 2345 581 2364 1.
604 2327 730 2362 Catulle
747 2322 953 2357 Beverlandi
969 2320 1042 2354 MS.

551 2397 582 2416 2.
610 2382 651 2413 In
683 2378 828 2419 eodem,
857 2376 1041 2418 deliciasque.
1066 2375 1161 2415 jacit.

494 2459 545 2466 ‚-
563 2435 757 2477 Deliciaaquc
775 2438 873 2462 iocat.
889 2430 934 2461 Et
952 2427 987 2460 id
1003 2440 1036 2459 se
1053 2427 1163 2459 facere

494 2490 579 2523 dicit
592 2487 634 2520 ad
645 2485 785 2518 delicias
800 2510 807 2524 ‚
822 2494 858 2515 ut
871 2479 1022 2515 colludat
1040 2491 1161 2524 puero.

548 2543 581 2575 3.
606 2540 781 2579 Infantaria
806 2548 865 2567 non
885 2543 938 2566 cst.
965 2533 1122 2565 Verbum
1146 2544 1162 2563 a

1220 2215 1323 2247 Poeta
1343 2214 1460 2246 {ictum
1476 2239 1486 2256 ‚
1509 2223 1546 2247 ut
1566 2216 1778 2248 (lomicoenium
1793 2241 1802 2257 ‚
1825 2217 1886 2250 lib.

1219 2268 1265 2307 V,
1291 2268 1398 2312 epigr.
1423 2280 1581 2308 Lxxvnl,
1600 2280 1648 2300 vs.
1672 2281 1685 2301 1
1710 2280 1718 2302 ε
1739 2269 1804 2302 hoc
1821 2279 1888 2310 est,

1220 2333 1291 2352 non
1326 2328 1376 2353 est
1408 2321 1553 2353 amatrix
1587 2321 1798 2363 infantium,
1826 2335 1890 2355 nec

1222 2385 1299 2417 quae
1328 2385 1446 2405 eorum
1468 2372 1559 2406 ludis
1582 2372 1800 2416 delectetur;
1829 2374 1891 2409 sed

1224 2438 1332 2470 quum
1355 2427 1477 2459 crebro
1495 2426 1614 2458 flatum
1640 2428 1769 2461 ventris
1792 2429 1891 2461 emit-

1224 2487 1310 2512 teret
1332 2479 1449 2518 Bassa,
1474 2480 1510 2512 in
1528 2479 1696 2513 infantem
1716 2473 1892 2525 rejiciebat

1223 2532 1372 2577 culpam.
