2061 3288
552 440 669 517 M.
717 440 977 517 VAL.
1041 440 1742 520 MARTIALIS

443 638 1856 756 EPIGRAMMATUM

910 874 1202 940 LIBER
1267 873 1399 941 III.

815 1046 1186 1069 -fflm

1133 1175 1177 1230 I.

597 1331 668 1359 AD
706 1330 1020 1371 LECTOREM,
1060 1333 1126 1360 DE
1164 1332 1322 1361 LIBRO
1361 1312 1720 1362 GALLICANO.*

515 1426 661 1503 Hoc
686 1457 781 1513 tibi,
803 1457 1013 1519 quidquid
1038 1458 1082 1501 id
1107 1468 1193 1514 est,
1219 1457 1468 1519 longinquis
1494 1458 1626 1502 mittit
1648 1458 1703 1501 ab
1724 1459 1811 1503 oris

588 1527 752 1583 Gallia,
776 1530 987 1573 Romanae
1010 1529 1188 1573 nomine
1213 1529 1329 1573 dicta
1354 1538 1479 1591 togae.

517 1601 648 1642 Hunc
679 1598 807 1660 legis,
833 1608 876 1643 et
903 1599 1052 1644 laudas
1082 1599 1243 1644 librum
1274 1600 1458 1644 fortasse
1482 1601 1673 1661 priorem
1698 1617 1706 1643 :

585 1668 688 1724 Illa,
709 1669 776 1713 vel
804 1670 897 1714 haec
922 1687 1019 1715 mea
1045 1681 1167 1726 sunt,
1190 1688 1285 1732 quae
1313 1670 1494 1715 meliora
1519 1681 1657 1732 putas.

500 1798 514 1812 ¹
533 1802 727 1837 Secesserat
745 1803 852 1836 Poeta
870 1804 908 1836 in
927 1803 1126 1836 citeriorem

449 1856 618 1898 Galliam3
638 1855 793 1902 indeque
820 1857 953 1890 librum
978 1857 1127 1890 Romam

448 1910 605 1951 miserat3
617 1922 721 1955 quem
733 1937 741 1951 ,
753 1910 781 1943 si
791 1910 909 1943 minus
922 1909 1043 1954 priore
1056 1910 1128 1955 pla-

447 1972 521 1996 ceat
534 1988 543 2000 ,
568 1972 708 1997 excusat
722 1989 731 2005 ,
751 1963 859 1996 veluti
875 1964 912 1996 in
934 1963 1011 1996 loco
1027 1975 1127 2008 pere-

447 2016 547 2062 grino
566 2016 753 2062 minusque
770 2017 907 2049 urbano
928 2025 1065 2049 natum.

502 2086 550 2090 -
594 2070 736 2103 Lemma
785 2068 882 2103 deest
928 2069 964 2102 in
1006 2068 1129 2103 codice

448 2123 630 2157 Thuaneo.
942 2116 947 2119 ⁷

502 2189 528 2209 1.
547 2177 620 2208 Hoc
636 2176 704 2209 tibi.
719 2175 825 2209 Hunc
844 2176 987 2216 librum,
1001 2175 1126 2220 qualis-

449 2241 600 2275 cumque
620 2229 679 2262 ille
698 2228 763 2269 sit,
786 2229 889 2261 mitto
911 2229 996 2269 tibi,
1016 2241 1036 2261 o
1055 2229 1126 2261 Ro-

447 2295 550 2316 mane
560 2283 683 2323 lector,
694 2294 712 2315 e
724 2281 836 2315 Gallia
851 2281 1039 2327 Cisalpina,
1048 2294 1126 2327 quae

445 2335 579 2381 Togata
609 2335 750 2368 dicitur.
780 2355 833 2362 -—-
865 2335 1061 2380 Longinquis
1085 2335 1126 2367 ab

446 2391 520 2421 oris.
555 2389 607 2422 Ex
633 2389 718 2421 urhe
749 2386 1024 2433 Longobardiae‚
1050 2400 1126 2433 quae

446 2454 543 2474 nunc
571 2450 716 2475 vocatur
735 2441 858 2474 Imola.
892 2441 976 2474 olim
995 2441 1126 2474 Forum

447 2494 605 2528 Cornelii
621 2520 629 2535 ,
651 2494 687 2526 in
713 2493 766 2527 via
783 2494 933 2527 AEmilia.
950 2493 1032 2526 Vid.
1051 2495 1124 2539 epi-

446 2559 599 2592 gramma
618 2560 654 2580 1v
666 2572 676 2588 ,
693 2547 773 2580 infr.

503 2614 535 2633 2.
566 2600 697 2639 Gallia,
732 2600 884 2632 Romame
897 2626 905 2639 ,
941 2608 1007 2632 etc.
1042 2600 1124 2633 Pars

447 2654 567 2687 Galliae
584 2653 631 2688 cis
649 2653 752 2697 Alpes
764 2678 773 2694 ,
792 2664 829 2686 ac
844 2665 963 2686 versus
975 2653 1124 2686 Romam

1186 1804 1277 1842 sitae,
1308 1802 1492 1837 dicebatur
1524 1804 1675 1848 Togata,
1702 1803 1782 1848 quia
1810 1803 1864 1835 in-

1186 1858 1270 1890 colae
1284 1858 1372 1902 togis
1384 1883 1393 1899 ‚
1410 1865 1449 1890 ut
1462 1857 1611 1908 Romani
1623 1857 1750 1902 quihus
1766 1864 1864 1888 erant

1186 1910 1372 1944 viciniores
1386 1936 1395 1952 ‚
1410 1911 1610 1943 utebantur.
1634 1909 1865 1954 Transalpina

1187 1976 1270 1997 vero
1292 1990 1300 2005 ‚
1334 1976 1411 2009 quae
1444 1975 1539 1996 nunc
1577 1962 1722 2008 proprie
1753 1962 1864 1996 Gallia

1188 2015 1337 2058 dicitur,
1359 2017 1521 2050 Braccata
1541 2024 1574 2048 et
1595 2015 1740 2049 Comata
1759 2027 1862 2048 voca·

1186 2070 1311 2110 batur,
1339 2069 1420 2115 quia
1449 2070 1582 2103 braccis
1612 2068 1779 2102 utebatur
1802 2080 1863 2100 seu

1186 2122 1377 2155 laxioribus
1400 2123 1645 2163 femoralibus,
1670 2130 1704 2155 et
1728 2134 1865 2155 comam

1187 2176 1311 2208 alebat.
1338 2197 1388 2202 —
1408 2176 1560 2208 Romame
1578 2183 1673 2220 togae.
1696 2174 1865 2220 Proprius

1186 2229 1298 2262 cultus
1310 2230 1550 2262 Romanorum
1565 2236 1655 2273 toga.
1668 2228 1769 2273 Virg.
1782 2229 1863 2260 AEn.

1184 2282 1245 2314 lib.
1264 2283 1300 2324 I,
1317 2294 1348 2314 v.
1381 2282 1448 2315 286
1468 2294 1476 2315 ε
1501 2299 1514 2312 κ
1540 2283 1716 2314 Romanos
1745 2292 1864 2313 rerum

1185 2333 1346 2367 dominos
1365 2359 1374 2374 ‚
1401 2343 1612 2380 gentemque
1634 2342 1798 2379 togatam.
1819 2349 1833 2361 n

1240 2387 1273 2421 3.
1288 2388 1441 2420 Priorem.
1458 2387 1499 2420 Id
1514 2396 1582 2429 est,
1600 2387 1731 2420 librum
1747 2397 1865 2419 secun-

1184 2439 1271 2473 dum
1294 2440 1482 2482 Martialis,
1501 2453 1582 2474 nam
1608 2440 1764 2485 primum
1787 2450 1862 2470 om-

1186 2493 1285 2526 nium
1305 2494 1365 2539 qui
1393 2512 1406 2523 a
1422 2494 1500 2539 plus
1522 2491 1668 2539 pudoris
1685 2491 1860 2524 hahebat»

1186 2559 1258 2579 non
1271 2555 1350 2579 ante
1362 2547 1445 2579 alios
1456 2547 1560 2579 fuisse
1573 2545 1706 2578 editum
1717 2552 1812 2589 patet
1824 2556 1865 2577 ex

1187 2599 1247 2633 lib.
1262 2601 1298 2641 I,
1315 2612 1372 2644 ep.
1394 2612 1442 2641 113
1459 2599 1522 2632 lib.
1537 2593 1586 2636 11',
1605 2610 1661 2643 ep.
1679 2608 1779 2630 xc111.
1793 2597 1863 2629 En.

1242 2658 1275 2692 ,4.
1311 2654 1426 2686 Dousa
1456 2664 1518 2696 per
1551 2649 1865 2696 interrogationem
