2061 3288
253 285 450 321 LXXXIX.

375 339 450 373 XC.

359 392 449 426 XCI.

339 445 453 479 XCII.

318 498 448 532 XCIII.

776 201 1054 244 TABULA.
1531 195 1626 244 515

478 286 518 319 In
537 286 698 320 Gaurum
735 306 1409 317 ..........................
1439 285 1520 329 Pag,
1554 284 1626 318 256

476 337 531 372 Ad
554 339 816 381 Quintilianum
844 359 1517 370 .........................
1556 336 1627 382 257

475 391 530 425 Ad
550 393 721 426 Caesarem
739 393 983 427 Domitianum
1002 412 1514 423 ....................
1555 391 1627 434 259

475 444 531 478 Ad
551 446 709 479 Uxorem
736 465 1517 477 ..............................
1558 445 1629 477 260

476 497 1301 544 AdRegulum......................
1349 498 1625 545 ......3261

871 609 968 618 ⁴4»—

242 704 288 737 M.
310 704 422 738 VAL.
452 699 775 738 MARTIAL'IS
803 703 1290 737 EPIGRAMMATUM
1319 703 1492 736 LIBER
1524 704 1603 736 111.

425 812 451 844 1.

405 864 452 897 II.

387 917 451 950 III.

388 970 451 1002 IV.

408 1023 452 1054 V.

389 1075 452 1107 VI.

370 1129 452 1160 VII.

354 1182 451 1214 VIII.

390 1234 451 1267 IX.

408 1287 452 1319 X.

388 1339 451 1372 XI.

370 1393 452 1426 XII.

350 1445 452 1479 XIII.

354 1499 453 1531 XIV.

372 1551 453 1584 XV.

354 1604 451 1637 XVI.

334 1657 453 1690 XVII.

318 1709 452 1743 XVIII.

355 1764 453 1798 XIX.

371 1817 454 1851 XX.

352 1869 452 1903 XXI.

338 1922 454 1957 XXII.

318 1974 454 2009 XXIII.

319 2028 456 2063 XXIV.

338 2082 454 2116 XXV.

320 2134 454 2168 XXVI.

303 2186 455 2222 XXVII.

284 2239 456 2274 XXVIII.

323 2293 456 2328 XXIX.

340 2346 456 2380 XXX.

322 2399 455 2432 XXXI.

305 2451 456 2486 XXXII.

289 2504 456 2537 XXXIII.

290 2558 456 2590 XXXIV.

306 2611 457 2643 XXXV.

292 2664 459 2698 XXXVI.

479 809 535 843 Ad
553 810 724 844 lectorem
736 836 745 851 ‚
767 808 812 843 de
830 809 922 843 libro
941 809 1109 854 gallicano
1136 830 1410 839 ...........
1443 809 1523 854 Pag,
1557 812 1627 843 262

479 863 535 896 Ad
554 864 687 896 librum
705 875 811 897 suum
838 884 1513 894 ..........................
1555 864 1626 896 263

479 917 520 949 In
538 916 722 950 mulierem
741 915 939 949 deformem
949 936 1518 946 .....................
1559 916 1629 949 265

480 969 535 1003 Ad
552 969 686 1003 librum
705 981 809 1002 suum
821 990 1066 999 ..........
1085 996 1091 999 .
1111 990 1517 999 ................
1559 972 1602 1001 26
1613 969 1630 1001 5'

478 1021 534 1056 Ad
554 1022 719 1056 eumdem
739 1043 1516 1053 ..............................
1558 1026 1627 1067 267

479 1074 533 1109 Ad
552 1075 799 1110 RIarcellinum
817 1096 1519 1106 ...........................
1559 1077 1629 1109 268

480 1130 533 1161 De
554 1127 672 1162 edicto
690 1128 881 1162 Domitiani
897 1140 1012 1162 coenas
1033 1137 1143 1162 rectas
1165 1136 1384 1161 revocante..
1402 1151 1409 1157 .
1431 1150 1436 1156 .
1458 1150 1465 1157 .
1483 1150 1491 1157 .
1510 1150 1517 1157 .
1559 1131 1629 1172 269

478 1182 519 1214 In
543 1182 719 1223 Quintum
738 1202 1517 1212 ..............................
1558 1193 1602 1226 27
1614 1194 1627 1213 1

479 1234 521 1266 In
544 1235 696 1268 Cinnam
706 1255 1517 1264 ...............................
1559 1246 1628 1279 271

478 1288 519 1320 Iu
542 1288 789 1321 Philomusum
819 1309 1519 1317 ...........................
1560 1300 1629 1332 272

478 1339 533 1373 Ad
556 1340 730 1382 Quintum
741 1361 1520 1370 ..............................
1559 1339 1630 1384 273

478 1393 519 1426 In
542 1393 750 1435 Fabullum,
771 1405 916 1427 avarum
937 1393 1200 1427 convivatorem
1216 1413 1518 1423 ............
1559 1398 1630 1437 274

479 1447 520 1478 In
542 1447 717 1488 Naeviam,
737 1459 874 1480 avaram
893 1447 1165 1480 convivata-icem
1186 1468 1514 1477 ·············
1558 1446 1629 1490 275

479 1500 531 1532 De
548 1500 683 1533 Tuccio
707 1521 1514 1530 ...............................
1557 1501 1629 1542 276

479 1553 532 1585 De
551 1552 671 1586 Codro
683 1574 1516 1583 ................................
1557 1554 1628 1595 276

479 1605 520 1637 In
544 1604 733 1638 cerdonem
761 1625 1516 1636 .............................
1558 1617 1628 1649 277

478 1658 520 1690 In
543 1657 726 1691 Sabidium
738 1680 1517 1689 ..............................
1559 1659 1630 1701 278

478 1712 520 1744 In
540 1711 734 1744 Maximum
762 1733 1517 1742 .............................
1559 1723 1628 1755 279

478 1765 530 1797 De
550 1767 667 1809 vipera
686 1765 722 1797 iu
742 1777 803 1797 ore
822 1777 911 1797 ursae
922 1786 1516 1794 .......................
1557 1765 1629 1797 280

478 1818 531 1850 De
552 1817 663 1850 Canio
681 1839 1516 1848 ................................
1557 1818 1602 1849 28
1613 1828 1625 1848 1

479 1871 521 1903 In
541 1869 719 1903 crudelem
742 1869 926 1903 dominum
954 1892 1519 1900 ......................
1560 1870 1628 1908 284

480 1925 531 1956 De
550 1923 675 1968 Apicio
686 1945 1516 1954 ................................
1559 1922 1629 1955 285

480 1977 522 2008 In
547 1988 690 2009 avarum
709 1975 931 2010 invitatorem
949 1998 1517 2006 ......................
1558 1977 1628 2009 286

481 2030 532 2062 De
554 2029 738 2074 harupisce
756 2029 923 2062 hernioso
948 2051 1516 2059 ......................
1557 2030 1627 2072 287

484 2081 536 2115 Ad
556 2082 785 2122 Faustinum,
808 2081 851 2115 de
874 2082 1025 2115 Sabineo
1047 2082 1187 2115 rhetore
1208 2080 1336 2127 frigido
1349 2104 1514 2112 .......
1556 2082 1628 2114 288

481 2137 522 2168 In
546 2134 746 2169 Candidum
768 2156 1362 2166 .......................
1381 2158 1386 2162 .
1406 2157 1519 2164 .....
1559 2136 1628 2177 289

482 2189 523 2221 In
545 2188 686 2222 Gallum
715 2209 1518 2218 ...............................
1560 2200 1629 2231 290

482 2243 522 2274 In
543 2242 725 2275 Nestorem
738 2263 1516 2271 .............................
1559 2252 1629 2283 290

482 2295 522 2327 In
545 2306 683 2326 servum
705 2294 856 2339 equitem
877 2294 1005 2327 factum
1028 2314 1515 2323 ...................
1557 2305 1600 2336 29
1613 2304 1624 2324 1

483 2346 537 2379 Ad
560 2347 799 2392 Gargilianum
813 2373 822 2388 ‚
845 2347 1005 2380 clientem
1026 2358 1175 2391 egenum
1188 2369 1514 2376 .............
1557 2357 1624 2389 291

482 2399 533 2432 Ad
555 2400 743 2441 Rufinum,
762 2398 906 2433 divitem
929 2408 1147 2443 arrogantem
1161 2422 1515 2429 ..............
1557 2410 1625 2441 292

482 2454 521 2485 In
544 2453 744 2486 Matriniam
766 2474 1516 2482 .............................
1557 2451 1628 2494 293

484 2505 632 2546 Qualem
655 2506 805 2550 puellam
829 2506 905 2537 velii
923 2527 1514 2535 .......................
1557 2508 1627 2546 294

484 2558 536 2591 Ad
556 2560 725 2592 Chionen]
739 2580 1223 2587 ..................
1245 2583 1249 2587 .
1270 2580 1515 2587 ..........
1559 2559 1626 2599 231]

485 2613 535 2644 De
557 2613 710 2657 piscibus.
733 2614 876 2657 §culpus
900 2634 1516 2641 ........................
1561 2612 1627 2651 2355

484 2665 523 2697 In
547 2665 738 2698 Fabianum
752 2692 759 2704 ‚
782 2672 1000 2709 arrogantem
1020 2673 1204 2710 patronum
1218 2687 1514 2693 ............
1558 2664 1627 2704 2210

1332 2735 1356 2777 s}
1368 2733 1393 2778 Ξ
1407 2734 1417 2748 ²¹
