2061 3288
453 239 1037 285 EPIGRAMMATUM
1075 239 1204 281 LIB.
1246 241 1275 280 Ι.
1478 238 1570 300 159

360 331 496 372 Issam
527 329 712 390 denique
739 345 854 391 pone
880 344 980 372 cum
1006 325 1164 371 tabella
1186 344 1194 369 :

365 402 453 444 Aut
479 410 710 461 utramque
733 400 908 461 putabis
933 414 1025 443 esse
1050 413 1223 452 veram,

366 470 453 514 Aut
483 480 713 532 utramque
743 471 918 533 putabis
948 486 1040 514 esse
1066 470 1242 530 pictam.

778 623 943 681 CXI.

676 767 741 794 AD
780 765 1046 795 VELOGEM.

218 892 451 935 ScmBERE
481 907 551 935 me
579 891 797 951 quereris,
818 888 980 946 Velox,
1006 889 1323 950 epigrammata
1349 887 1491 950 longa.

287 963 386 1023 Ipse
417 961 524 1005 nihil
555 961 704 1006 scribis
732 979 740 1004 :
772 970 820 1005 tu
848 960 1051 1004 breviora
1078 959 1196 1004 facis.

203 1113 233 1134 1.
264 1100 404 1134 Scribere
431 1115 477 1134 me
511 1104 657 1148 quereris.
688 1102 821 1135 Praece-
938 1113 970 1134 2.
987 1100 1007 1133 J
1011 1100 1134 1133 untina
1147 1109 1264 1133 nostra
1280 1100 1317 1133 in
1331 1101 1486 1146 margine
1502 1113 1561 1134 ex-

144 1152 242 1187 denti
269 1155 527 1200 elegantissimo
558 1156 820 1201 epigrammati,
879 1154 999 1187 hibet:
1027 1155 1136 1200 Tuque
1154 1154 1236 1186 m'lic'l
1252 1154 1361 1186 scribis
1375 1168 1386 1187 .·
1410 1163 1472 1187 tum
1491 1155 1560 1187 bre-

143 1206 388 1253 quodlongius
403 1208 606 1245 videbatur,
623 1217 716 1242 recte
735 1209 819 1241 sub·
879 1210 970 1240 *viora
987 1208 1085 1251 facis.
1115 1208 1220 1240 Forte
1249 1208 1433 1253 scripserat
1464 1208 1560 1241 Mar-

138 1260 215 1303 jicit
228 1260 295 1294 hoc
308 1260 514 1302 distichum,
530 1275 600 1307 quo
615 1261 737 1295 irridet
751 1263 820 1295 Ve-
879 1261 970 1294 tialis
987 1273 994 1293 z
1021 1262 1101 1293 Tute
1122 1261 1204 1293 niln'l
1226 1261 1336 1293 scribis
1350 1274 1360 1294 .·
1381 1268 1463 1301 tam,
1492 1269 1557 1294 etc.

140 1312 253 1346 locem
273 1313 465 1359 quemdam
487 1316 547 1360 qui
564 1315 652 1348 nihil
674 1327 818 1360 prorsus
878 1314 934 1347 vel
950 1315 1022 1358 Ipse
1037 1314 1120 1346 nillil
1134 1313 1243 1346 scribis
1254 1327 1265 1347 :
1282 1322 1364 1355 tum,
1384 1322 1450 1348 etc.
1465 1315 1556 1347 Ver-

139 1366 483 1401 scribebat.Vid.lib.
497 1369 666 1413 II‚epigr.
681 1380 816 1408 Lxxvn;
874 1367 919 1400 ba
945 1375 977 1399 [ιι
1006 1375 1039 1400 et
1061 1365 1095 1397 [ᾗ
1114 1361 1210 1410 (sive
1230 1366 1336 1408 tum),
1364 1380 1453 1413 saepe
1474 1380 1554 1413 per-

139 1418 199 1451 lib.
216 1420 271 1452 III
284 1445 294 1461 ‚
312 1420 420 1465 epigr.
441 1433 603 1463 Lxxxn13
626 1421 686 1454 lib.
705 1421 814 1462 VIII,
874 1429 1057 1454 mutantur
1067 1420 1103 1453 in
1112 1428 1197 1453 vett.
1213 1421 1437 1460 membranis,
1447 1433 1556 1466 quum

139 1471 247 1517 epigr.
267 1485 373 1515 xx1x3
395 1482 428 1507 et
451 1474 512 1508 lib.
535 1475 568 1508 X
583 1500 593 1517 ‚
611 1474 719 1520 epigr.
741 1486 813 1508 mx.
874 1474 945 1508 sint
962 1474 1054 1507 inter
1073 1486 1108 1507 se
1128 1481 1198 1507 tam
1217 1473 1356 1508 similia.

741 1608 942 1666 CXII.

646 1755 716 1782 AD
755 1753 1036 1783 REGULUM.

203 1879 355 1936 QUUM
385 1878 464 1922 tibi
495 1879 548 1922 sit
578 1877 740 1939 sophiae
766 1893 846 1938 par
876 1876 1014 1932 fama⁷
1041 1884 1084 1919 et
1109 1891 1214 1919 cura
1240 1878 1460 1933 Deorum,

272 1950 456 2011 Ingenio
488 1950 625 2010 pietas
654 1965 734 1992 nec
766 1948 912 1991 minor
940 1948 1033 2008 ipsa
1061 1956 1162 2001 tu03

187 2101 216 2122 1.
245 2088 436 2122 Scriverius
461 2089 544 2135 legit
563 2101 572 2121 t
594 2102 658 2134 par
678 2102 752 2121 cura
775 2096 806 2121 et
864 2086 1026 2121 rumdem
1044 2086 1310 2128 convenientia;
1328 2099 1436 2132 quum
1449 2089 1543 2121 enim

120 2143 215 2184 sama
233 2142 390 2182 laborum,
410 2143 581 2188 probante
597 2142 801 2183 Gronovio;
865 2153 962 2187 aeque
981 2139 1139 2173 eruditus
1161 2140 1205 2173 sit
1221 2152 1260 2173 ac
1277 2140 1458 2185 religiosus
1473 2143 1541 2175 Re-

125 2208 231 2240 quem
255 2195 336 2228 vide
356 2196 446 2228 inter
469 2208 542 2229 var.
569 2204 642 2228 not.
663 2195 802 2228 laborum
863 2195 984 2240 gulus,
1007 2193 1069 2239 qui
1096 2206 1185 2239 saepe
1212 2193 1317 2238 legit,
1339 2194 1455 2233 libris,
1479 2195 1537 2240 qui

126 2261 268 2294 quoque
287 2248 519 2282 Pulmannus.
539 2270 591 2275 —
618 2250 724 2292 Quum
748 2249 805 2281 tibi
862 2260 953 2293 saepe
964 2246 1540 2292 sacrificatur,thureindiget.ED.

123 2304 174 2334 sit.
195 2301 352 2346 Regulo,
372 2300 416 2334 de
438 2314 508 2347 quo
536 2302 668 2334 mentio
688 2309 738 2334 est
764 2301 799 2334 in
919 2314 952 2334 2.
976 2300 1146 2334 Gruterus
1168 2312 1186 2332 e
1214 2298 1351 2332 duobus
1375 2300 1535 2347 scriptis:

122 2355 232 2400 epigr.
266 2366 337 2387 §1111
369 2363 403 2387 et
437 2366 576 2388 Lxxxxn
605 2367 709 2399 supra
721 2380 729 2395 ‚
756 2353 800 2386 de
860 2367 915 2386 nec
934 2355 1034 2386 minor·
1050 2356 1118 2398 ipsa
1135 2365 1191 2385 suo
1203 2378 1211 2393 ‚
1230 2353 1400 2398 probante
1413 2353 1538 2387 eodem

121 2420 192 2453 quo
215 2407 279 2440 alia
302 2416 353 2441 est
381 2407 486 2440 Plinii
508 2420 611 2453 quam
633 2407 801 2440 Martialis
861 2406 1149 2440 Gronovio.Haec
1163 2406 1266 2438 lectio
1279 2414 1422 2439 notatur
1433 2407 1536 2441 etiam

121 2460 242 2505 opinio
264 2455 363 2503 (vid.
388 2461 450 2494 lib.
474 2461 533 2501 II,
555 2461 655 2505 epist.
685 2460 800 2493 ultim.
861 2473 903 2492 ex
936 2458 1119 2492 codicibus
1148 2459 1256 2492 Palat.
1285 2466 1318 2492 et
1348 2458 1451 2494 Bodl.
1481 2461 1539 2495 Sic

120 2521 154 2546 et
176 2513 236 2546 lib.
260 2514 329 2555 VI,
353 2514 455 2558 epist.
478 2527 494 2545 2
513 2508 547 2557 ),
567 2513 708 2546 miserat
728 2513 800 2545 No-
862 2524 1003 2558 quoque
1055 2511 1283 2545 Pulmannus.
1317 2534 1369 2538 —-
1404 2514 1537 2559 Ingenio

118 2574 189 2599 ster
202 2567 333 2599 librum
349 2566 662 2612 epigrammatum,
681 2574 715 2598 et
727 2566 805 2598 thu«
859 2569 963 2610 pietas
976 2592 985 2605 ‚
1008 2572 1072 2598 etc.
1095 2563 1196 2597 Idem
1215 2573 1266 2598 est
1287 2565 1432 2599 omnino
1445 2593 1455 2608 ,
1478 2566 1538 2600 sed

117 2618 165 2651 ris
185 2619 288 2652 simul
308 2619 473 2653 libellam.
490 2620 607 2661 Dona,
627 2627 697 2652 tam
715 2631 802 2663 opu-
864 2618 938 2652 aliis
951 2617 1097 2651 vestitus
1109 2617 1226 2651 verbis
1238 2631 1356 2652 sensus
1369 2641 1378 2659 9
1394 2619 1455 2665 qui
1468 2622 1537 2665 jam

118 2671 211 2704 lento
242 2672 317 2705 viro
345 2672 534 2706 humiliora
549 2698 558 2713 ‚
582 2680 719 2706 excusat
746 2684 802 2705 eo·
866 2672 900 2704 in
921 2670 1132 2717 praecedcnti
1148 2684 1251 2705 versu
1268 2672 1458 2716 legebatur.
1472 2674 1540 2706 Eo.
