2061 3288
444 217 539 272 348

818 222 878 263 M,
904 223 979 264 VA
994 223 1045 264 L.
1088 222 1351 266 MARTIA
1366 225 1471 268 LlS

579 310 850 370 Manumque
878 310 1051 354 doctam
1082 313 1248 373 spargit
1272 313 1473 356 omnibus
1500 313 1704 356 membris

579 380 716 440 Digiti
746 382 962 441 crepantis
991 383 1111 442 signa
1143 384 1266 427 novit
1291 384 1541 439 eunuchus,

579 451 635 493 Et
665 450 857 495 delicatae
887 452 1117 496 suscitator
1147 454 1282 497 urinae

579 522 757 565 Domini
782 522 967 565 bibentis
989 523 1158 566 ebrium
1181 525 1291 585 regit
1315 541 1482 584 penem.

580 593 636 634 At
660 593 752 652 ipse
781 602 898 636 retro
926 593 1062 636 flexus
1087 594 1141 636 ad
1170 595 1329 655 pedum
1356 595 1552 650 turbam,

580 664 703 705 Inter
734 662 907 706 catellas
937 679 1139 707 anserum
1167 675 1264 708 exta
1293 664 1531 709 lambentes

580 734 773 776 Partitur
801 735 894 794 apri
924 732 1150 794 glandulas
1181 734 1450 796 palaestritis,

579 805 636 846 Et
660 804 905 848 concubino
935 814 1157 849 turturum
1186 819 1307 850 nates
1336 806 1500 849 donat:

580 874 880 935 Ligurumque
907 875 1031 919 nobis
1059 892 1158 920 saxa
1184 894 1317 937 quum
1345 878 1667 929 ministrentur,

580 944 661 987 Vel
693 955 816 989 cocta
847 945 976 989 fumis
1007 957 1151 990 musta
1180 947 1481 999 Massilitanis3

437 1075 481 1109 ad
506 1076 661 1110 fricanda
689 1079 843 1111 membra
875 1077 1117 1112 delectationis

439 1142 540 1162 causa
555 1155 564 1170 ‚
584 1130 620 1163 in
639 1131 810 1164 conviviis
824 1144 934 1164 mares
949 1132 1003 1164 vel
1017 1132 1116 1164 femi-

439 1196 499 1215 nas
522 1182 751 1225 adhiberent,
771 1184 832 1229 qui
858 1184 1006 1217 artificio
1028 1197 1116 1230 quo—

439 1235 516 1268 dam
538 1237 694 1269 membra
717 1246 974 1270 contrectarent
991 1249 998 1270 :
1018 1238 1117 1270 Lam-

440 1288 595 1333 pridius,
613 1291 648 1322 in
666 1289 848 1335 Heliogab.
865 1308 877 1319 u
887 1292 927 1323 In
943 1290 1116 1324 conviviis

438 1342 589 1375 exoletos
610 1344 759 1376 maxime
772 1345 869 1388 juxta
891 1356 926 1376 se
941 1345 1093 1388 ponebat
1108 1370 1115 1384 ,

438 1407 629 1440 eorumque
668 1397 908 1429 attrectatione
952 1405 985 1429 et
1024 1405 1114 1430 tactu

437 1448 612 1494 praecipue
626 1448 835 1494 gaudebat.»
852 1449 897 1481 Hi
913 1457 1112 1487 tractatores,

438 1501 576 1534 seminae
588 1505 794 1541 tractati-iem,
809 1501 1116 1536 dicebantur.'I'ra-

437 1555 576 1587 ctatoris
589 1555 748 1588 meminit
759 1555 885 1588 Seneca
896 1581 904 1596 ‚
920 1555 956 1588 in
970 1555 1115 1600 epistola

441 1609 487 1640 66
502 1632 511 1647 ‚
525 1608 590 1640 suh
609 1608 734 1640 finem:
756 1609 830 1640 «An
847 1608 965 1653 potius
984 1616 1116 1652 optem,

438 1668 477 1693 ut
491 1659 757 1693 malacissandos
777 1661 944 1694 articulos
972 1661 1116 1694 exoletis

438 1713 522 1746 meis
542 1713 748 1758 porrigam?
768 1731 780 1742 n
811 1714 1011 1746 Ramiresius.

496 1770 553 1806 14.
584 1766 777 1812 ,Manumque
807 1767 950 1798 dextram
992 1767 1117 1799 Bever-

437 1817 532 1851 lantli
551 1819 627 1852 MS.
650 1820 758 1860 forte,
783 1819 974 1864 stlanumque
997 1819 1115 1852 dextre.

496 1884 509 1904 1
521 1872 554 1905 5.
582 1873 692 1916 Digiti
721 1875 887 1918 crepantis.
916 1873 1116 1917 Digitorum

436 1924 574 1969 crepitu
583 1925 720 1958 matella
732 1926 951 1970 poscebatur,
963 1934 1000 1958 ut
1011 1925 1115 1958 etiarn

440 1986 574 2011 constat
598 1991 638 2011 ex
657 1978 719 2011 lib.
741 1979 793 2011 VI
806 2004 814 2019 ,
835 1979 944 2024 epigr.
964 1991 1114 2018 Lxxxxx3

440 2030 500 2063 lib.
526 2031 624 2070 XIV,
642 2032 750 2076 epigr.
777 2043 867 2064 cxxx.
893 2049 905 2060 n
927 2031 1117 2064 Trimalcio

435 2082 561 2128 digitos
577 2084 800 2130 concrepuit,
814 2083 857 2116 ad
868 2083 964 2129 quod
977 2084 1115 2129 signum

436 2137 609 2170 matellam
620 2137 728 2182 spado
739 2136 879 2170 ludenti
891 2137 1089 2184 supposuit.
1099 2154 1110 2164 n

440 2189 580 2224 Petron.

494 2254 507 2275 1
519 2245 551 2275 6.
573 2244 620 2275 Et
637 2243 780 2275 delicatae
795 2246 970 2276 sciscitator
986 2243 1021 2275 in
1041 2243 1117 2287 qui-

439 2294 585 2328 busdam
604 2305 688 2330 vett.

492 2349 548 2381 18.
562 2349 682 2381 Pedum
694 2349 826 2381 turbam.
844 2349 1039 2382 Puerorum
1053 2348 1113 2393 qui

439 2399 481 2433 ad
507 2400 612 2445 pedes
631 2410 733 2435 stant.
755 2402 875 2446 Epigr.
901 2414 992 2435 xx111
1016 2414 1111 2445 supr.

488 2466 540 2496 19.
556 2455 713 2487 Amet-um
728 2463 812 2487 exta.
825 2455 912 2496 Quae
923 2454 1114 2500 pinguibus

436 2507 520 2538 sarta
541 2507 635 2548 ficis,
656 2516 754 2540 erant
775 2508 941 2540 Romanis
968 2508 1003 2540 in
1024 2505 1111 2539 deli-

436 2559 516 2600 ciis;
539 2568 576 2592 nt
597 2568 632 2593 et
647 2562 756 2605 jecur.
781 2560 928 2601 Ovidio,
948 2561 1037 2593 Fast.
1067 2561 1083 2592 I
1104 2572 1112 2593 ;

439 2629 451 2639 «
461 2613 533 2645 Nec
549 2612 688 2646 defensa
699 2615 820 2658 juvant
832 2614 1016 2659 Capitolia,
1028 2625 1113 2657 quo-

437 2665 548 2699 minus
571 2679 672 2700 anser
696 2667 762 2698 Det
790 2667 884 2710 jecur
917 2667 952 2699 in
979 2667 1113 2701 lances.

1178 1081 1308 1114 Inache
1327 1081 1440 1120 laute,
1460 1088 1547 1113 tuas,
1566 1097 1578 1109 n
1604 1077 1696 1112 Vide
1712 1090 1852 1124 quoque

1176 1134 1403 1174 Iuvenalem,
1416 1142 1478 1166 sat.
1497 1135 1524 1166 V
1545 1148 1553 1172 ;
1569 1132 1755 1166 Horatium
1768 1157 1776 1172 ,
1791 1132 1851 1163 lib.

1179 1187 1236 1226 ΙΙ,
1265 1196 1326 1220 sat.
1352 1187 1497 1226 ultima3
1521 1194 1555 1219 et
1576 1186 1742 1218 Nostrum
1759 1210 1766 1222 ,
1793 1185 1851 1216 lib.

1179 1240 1294 1280 XIII,
1314 1239 1423 1285 epigr.
1445 1251 1549 1272 Lvnl.
1567 1238 1635 1271 Sed
1649 1238 1765 1271 Zoilus
1780 1237 1855 1270 hoec

1179 1293 1318 1334 catulis,
1332 1293 1427 1325 velut
1450 1292 1486 1324 in
1511 1300 1750 1337 contemptum
1769 1303 1854 1323 con-

1180 1347 1340 1378 vivarum
1353 1371 1362 1386 ‚
1380 1344 1496 1378 dabat.

1233 1411 1289 1431 20.
1311 1398 1450 1444 Lipsius
1465 1397 1547 1443 legit
1565 1398 1780 1436 Paloestrieae,
1798 1396 1854 1428 vel

1176 1451 1280 1484 etiam
1298 1452 1491 1484 Paloeseritis
1512 1450 1654 1495 genitiV.
1668 1457 1706 1482 ut
1729 1450 1854 1482 Orestae

1175 1512 1209 1536 et
1233 1504 1354 1537 Orestis
1367 1530 1375 1544 ‚
1396 1512 1429 1537 et
1444 1504 1550 1536 refert
1563 1502 1606 1535 ad
1622 1505 1693 1546 apri
1707 1514 1752 1534 ex
1762 1502 1853 1534 Var-

1175 1557 1272 1590 ronis
1286 1557 1346 1590 lib.
1366 1558 1527 1601 lII,cap.
1547 1555 1610 1596 13,
1629 1555 1854 1599 ubipalaestm

1175 1609 1375 1642 ostenditur
1403 1622 1473 1642 esse
1510 1616 1646 1653 septum
1679 1608 1715 1640 in
1750 1608 1854 1647 villa,

1175 1663 1235 1695 ubi
1267 1663 1340 1708 apri
1371 1670 1469 1695 erant
1501 1662 1635 1694 inclusi.
1660 1659 1752 1693 Vide
1781 1672 1852 1692 var.

1175 1724 1247 1748 not.
1280 1737 1332 1742 —
1365 1717 1449 1760 Apri
1477 1714 1659 1758 glandulas.
1692 1714 1775 1746 Pars
1803 1722 1855 1745 est

1176 1769 1249 1813 apri
1269 1770 1361 1812 juxta
1372 1769 1541 1801 cervicem
1561 1766 1725 1804 delicata,
1744 1774 1776 1799 et
1789 1766 1855 1799 cal-

1177 1822 1255 1854 losae
1274 1821 1435 1854 materiae.
1452 1842 1504 1846 —-
1522 1820 1726 1852 palaestritis.
1746 1819 1853 1851 Palae-

1176 1874 1274 1907 strita
1301 1887 1420 1907 servus
1450 1882 1522 1906 erat
1547 1873 1606 1918 qui
1632 1873 1668 1905 in
1697 1873 1855 1917 palaestra

1176 1928 1292 1960 oleum
1305 1953 1313 1967 ‚
1337 1928 1517 1972 pulverem
1536 1933 1569 1958 et
1588 1937 1725 1958 ceroma
1743 1925 1853 1957 lucta-

1176 1980 1266 2012 turis
1287 1978 1543 2025 suppeditabat.
1569 1977 1649 2012 Vid.
1667 1990 1765 2022 supr.
1783 1977 1854 2021 epi-

1175 2046 1319 2078 gramm.
1350 2044 1460 2070 min,
1492 2044 1525 2063 v.
1563 2033 1620 2064 25.
1653 2051 1703 2058 —-
1733 2031 1854 2071 Quum

1175 2098 1258 2118 vero
1280 2085 1402 2118 molles
1416 2085 1474 2117 hic
1488 2092 1672 2116 enumeret
1686 2083 1773 2116 Zoili
1791 2083 1854 2115 mi-

1177 2139 1304 2172 nistros
1316 2164 1325 2178 ‚
1344 2150 1473 2183 pueros
1493 2137 1664 2176 exoletos,
1683 2136 1854 2169 concubi-

1176 2204 1256 2232 nas,
1280 2192 1455 2223 moriones
1471 2215 1480 2229 ,
1508 2198 1574 2223 etc.
1598 2188 1683 2234 quid
1703 2189 1731 2221 si
1756 2189 1855 2221 intel·

1176 2245 1320 2289 ligamus
1343 2244 1562 2288 depilatores?
1590 2242 1645 2275 Sic
1670 2241 1764 2274 enim
1795 2253 1854 2274 eos

1177 2298 1315 2331 Persius
1347 2296 1497 2342 appellat
1523 2304 1583 2328 sat.
1614 2296 1680 2336 IV,
1703 2307 1751 2327 vs.
1782 2293 1851 2338 39:

1178 2368 1191 2379 «
1223 2350 1390 2395 Quinque
1430 2348 1629 2382 Palaestritae
1662 2348 1743 2381 licet
1779 2346 1852 2379 haec

1172 2403 1341 2449 plantaria
1362 2403 1502 2435 vellant.
1521 2419 1533 2431 »

1230 2456 1288 2489 23.
1305 2456 1499 2488 lh'assilianis
1521 2455 1554 2487 in
1572 2452 1653 2486 edd.
1666 2460 1747 2485 vett.
1765 2450 1848 2484 Vid.

1175 2509 1313 2542 Vitruv.
1340 2510 1396 2549 X,
1422 2520 1496 2552 cap.
1525 2507 1637 2539 ultim.
1666 2504 1767 2537 Adde
1787 2504 1852 2543 IV,

1177 2561 1222 2594 36
1240 2575 1248 2602 ;
1268 2562 1355 2594 XIII
1371 2588 1379 2603 ‚
1403 2573 1488 2602 1203
1508 2569 1543 2592 et
1560 2559 1692 2599 XIV,1
1707 2560 1763 2590 16.
1783 2557 1850 2589 Ca-

1174 2615 1313 2659 gnerius
1332 2612 1519 2659 legendum
1536 2609 1721 2645 contendit
1738 2610 1853 2642 Massi-

1175 2668 1296 2700 lwanis.
1331 2689 1382 2693 -—-
1416 2667 1478 2698 l'el
1507 2673 1593 2697 cocta
1619 2664 1718 2706 fiunis*
1752 2670 1851 2695 musm
