2061 3288
452 197 1035 239 EPIGRAMMATUM
1076 198 1197 239 LIB.
1240 199 1321 240 IV.

257 282 472 327 Sollicitus
485 319 495 337 ‚
519 283 653 326 donas
680 301 687 325 ;

188 483 222 508 et
240 482 279 508 ut
296 473 458 519 indignos
474 474 534 519 qui
556 482 802 515 nascerentur,
826 482 859 506 et

188 527 377 561 vivant.—
389 526 457 559 Alii
476 539 483 559 :
503 540 558 559 nec
572 529 732 572 quisquam
751 529 856 567 visus,

189 593 242 613 nec
261 580 318 613 tibi
336 589 427 612 notus
443 580 532 613 homo
547 588 603 612 est.
621 578 662 612 Id
679 588 750 620 est,
763 592 859 613 arro-

187 641 307 678 ganter
336 633 427 666 viam
461 633 574 678 pergis
589 658 599 673 ‚
628 633 725 678 quasi
752 633 862 666 nemi-

188 698 266 719 nem
299 684 434 719 videres
454 711 463 726 ,
509 694 567 718 aut
603 698 732 719 nosses.
767 685 838 718 Alii
853 698 860 719 :

189 752 243 771 nec
268 741 428 786 quisquam
457 739 535 771 liber
547 767 555 779 ,
587 752 641 771 nec
669 739 724 771 tibi
752 747 864 783 gratus

189 793 279 825 homo
303 800 360 826 est.
389 791 527 825 Scilicet
551 804 654 824 nemo
678 804 744 825 nec
772 793 866 837 inge-

188 857 300 886 nuus,
317 856 381 878 nec
399 856 516 878 servus
538 844 602 878 tibi
617 845 740 890 placet.
759 845 862 878 Enim

188 910 270 931 vero
297 910 369 931 vox
394 898 482 930 homo
501 897 675 943 significat
694 911 832 931 servum
854 911 861 932 :

188 951 268 997 Leg.
283 952 331 992 ΙΙ,
349 950 386 984 sf.
401 949 446 983 de
459 951 534 984 Usu
545 976 554 991 ‚
568 951 781 993 Usufructu‚
796 960 861 985 etc.

241 1004 272 1038 5.
296 1005 463 1037 Dominum
477 1017 647 1050 regemque.
665 1006 717 1038 De
729 1004 794 1038 hac
810 1018 862 1038 sa-

187 1057 358 1091 lutatione
370 1055 450 1090 vide
463 1082 472 1098 ‚
492 1057 554 1090 lih.
575 1058 592 1089 Ι
605 1084 613 1097 ,
632 1058 741 1103 epigr.
759 1070 860 1091 ex111.

189 1110 240 1143 De
260 1110 403 1144 nomine
424 1113 506 1155 regis
521 1138 528 1150 ‚
553 1122 622 1156 quo
643 1112 791 1144 Romani
810 1124 862 1144 sa-

188 1163 347 1198 lutabant
366 1171 552 1208 patronos,
575 1172 609 1196 et
633 1164 727 1198 viros
745 1163 788 1197 ad
808 1163 862 1196 di-

1494 202 1583 255 481

719 283 942 327 (lominum
974 300 1204 344 regemque
1231 285 1411 339 salutas;

326 355 489 397 Invitas
514 371 520 395 ;
549 363 664 407 esto,
688 354 865 397 Naevole
880 390 890 408 ,

917 353 1136 398 sollicitus.

917 474 1064 519 gnitates
1078 482 1232 514 evectos,
1249 488 1267 507 a
1281 476 1409 520 quibus
1425 477 1593 513 beneficia

919 527 1103 572 sperabant
1115 551 1125 567 ‚
1138 526 1216 560 vide
1231 540 1307 572 quae
1324 527 1414 562 dicta
1432 541 1510 564 suut
1530 533 1590 565 lib.

921 581 956 612 ΙΙ
968 605 977 620 ,
993 580 1100 625 epigr.
1119 593 1211 613 xvu1
1222 606 1231 622 ‚
1242 593 1292 614 vs.
1307 581 1423 614 ultim.
1442 584 1522 617 Vox
1536 598 1595 619 au-

922 641 991 666 tem
1007 633 1149 666 dominus
1163 661 1171 674 ‚
1199 645 1277 667 raro
1302 635 1446 680 privatis
1466 637 1595 683 imper-

923 686 1094 727 tiebatur,
1122 695 1156 720 et
1180 699 1243 732 per
1274 700 1444 722 summam
1473 690 1594 725 adula-

925 739 1028 772 tionis
1044 739 1280 773 humilitatem
1299 753 1307 774 :
1326 740 1511 776 videbatur
1530 757 1595 778 usu

924 792 1057 825 nomini
1098 793 1325 839 Imperatoris
1372 798 1560 841 conjuncta
1585 811 1594 839 ;

924 846 970 878 ita
989 854 1028 878 ut
1046 846 1269 880 Domitianus
1289 849 1507 894 praecepisset
1527 851 1593 884 hoc

924 899 1066 932 nomine
1083 912 1118 932 se
1138 898 1322 945 designari.
1341 901 1405 934 ΕΙ).

978 954 1011 985 6.
1034 952 1164 986 Invitas.
1186 952 1241 985 Ad
1259 965 1401 987 coenam.
1423 978 1472 982 —
1495 958 1595 997 Esto,

923 1005 1072 1045 Noevole,
1086 1014 1150 1039 ete.
1167 1006 1289 1040 Faxint
1300 1006 1442 1053 Superi,
1459 1019 1496 1043 ut
1510 1021 1599 1043 seui-

923 1070 986 1102 per
1009 1071 1225 1093 aerumnosus
1253 1060 1297 1093 sis
1317 1069 1350 1093 et
1370 1063 1570 1107 negotiosus
1591 1077 1597 1096 :

923 1111 949 1143 si
972 1110 1113 1156 quidem
1134 1121 1217 1145 tunc
1247 1121 1380 1146 tantum
1402 1116 1542 1149 futurus
1566 1129 1600 1148 οὲ

923 1163 1101 1198 modestus
1119 1174 1151 1198 et
1167 1166 1353 1199 humanus.

740 1299 1064 1355 LXXXV.

691 1457 746 1484 IN
793 1440 1105 1487 THMDEM*

406 1558 514 1601 NON
541 1567 606 1601 est.
625 1558 667 1600 in
690 1557 877 1618 populu,
900 1575 978 1602 nee
1001 1559 1108 1602 urbe
1130 1569 1244 1608 tota,

404 1631 441 1671 A
467 1643 511 1671 se
530 1628 696 1671 Thaida
717 1630 790 1688 qui
811 1629 968 1689 probet
989 1629 1175 1673 fututam
1193 1666 1203 1682 ,

403 1699 552 1755 Quum
582 1698 706 1742 multi
735 1700 934 1759 cupiantq
966 1711 1204 1760 rogentque
1234 1701 1370 1746 multi.

404 1770 512 1811 Tam
543 1779 658 1812 casta
689 1779 773 1821 est,
804 1786 932 1830 rogo,
955 1769 1272 1815 TlmisHunno
1301 1772 1428 1816 fellat.

247 1883 261 1897 '¹
273 1887 491 1921 Fellatricem
498 1887 634 1921 Thaida
644 1888 723 1920 satis
737 1889 869 1920 urbane

195 1941 323 1986 carpit,
340 1940 439 1986 quod
452 1953 555 1973 nemo
568 1942 611 1973 sit
628 1941 663 1973 in
678 1941 765 1973 urbe
782 1949 869 1981 tota,

195 1994 255 2039 qui
293 1995 443 2039 probare
471 1994 580 2038 possit
607 2006 624 2026 a
652 2005 686 2026 se
707 1993 869 2026 foedatam

196 2059 267 2080 esse
279 2073 288 2087 ,
301 2047 367 2080 nisi
386 2045 523 2080 foediori
547 2045 699 2080 deditam
717 2045 868 2080 libidini.

249 2121 301 2126 —-
321 2101 361 2132 In
394 2100 461 2132 hoc
495 2100 743 2144 epigrammate
771 2100 868 2132 nulla

196 2151 353 2186 lectionis
386 2153 533 2185 varietas
569 2151 846 2197 deprehenditur
860 2180 868 2194 ‚

197 2206 268 2238 sive
293 2205 330 2238 in
349 2204 564 2238 editionibus
585 2206 691 2250 praelo
713 2207 844 2238 excusis
861 2233 868 2246 ‚

196 2258 266 2290 sive
282 2258 318 2291 in
340 2256 525 2291 codicibus
544 2259 800 2303 manuscriptis.

253 2323 284 2342 2.
306 2311 433 2343 Probet.
464 2310 539 2343 Hoc
568 2320 638 2350 est,
663 2311 870 2350 demonstret;

197 2364 296 2409 quasi
310 2376 436 2408 nempe
445 2362 603 2396 dicerent
612 2363 754 2408 quidem
769 2365 871 2396 multi

197 2428 231 2449 se
250 2416 381 2460 potitos
394 2415 547 2455 Thaide,
561 2424 595 2449 at
614 2429 655 2449 ex
671 2417 734 2450 hac
757 2417 870 2449 multi—

197 2467 319 2502 tudine
351 2469 470 2502 uullus
494 2470 670 2514 probaret.
697 2471 870 2503 Caeterum

197 2523 312 2556 minus
333 2523 497 2555 usitatum
520 2522 586 2555 hoc
607 2536 706 2555 sensu
730 2524 764 2556 *rb
787 2535 870 2567 pro-

197 2575 291 2609 bare.

253 2629 285 2662 3.
304 2628 408 2672 Quum
434 2628 523 2660 multi
543 2630 670 2672 cupiant
687 2637 866 2675 rogentque.

278 2703 312 2742 l.

930 1889 972 1920 In
1011 1889 1080 1921 hoc
1126 1901 1224 1922 versu
1261 1900 1311 1923 est
1349 1892 1603 1936 epigrammatis

927 1943 1026 1986 Jocus
1043 1954 1051 1974 :
1070 1954 1150 1975 nam
1169 1941 1260 1975 illud
1279 1947 1406 1988 capiant
1419 1956 1598 1993 rogentque,

930 2003 994 2027 etc.
1016 1994 1127 2027 videri
1140 2004 1277 2040 poterat
1296 1996 1338 2030 ad
1355 2000 1535 2043 superiora
1551 2014 1602 2033 re-

929 2048 1032 2088 ferri,
1065 2047 1160 2093 quod
1194 2050 1295 2082 multi
1326 2061 1495 2096 cuperent
1526 2067 1599 2087 eam

928 2101 1067 2133 futuere
1082 2113 1089 2133 :
1109 2100 1170 2134 sed
1186 2114 1308 2147 reapse
1326 2104 1479 2138 refertur
1494 2105 1537 2138 ad
1552 2120 1601 2140 se-

929 2155 1090 2198 quentia,
1110 2154 1205 2199 quod
1236 2157 1379 2201 cupiant
1399 2170 1472 2190 eam
1509 2160 1598 2193 irru-

929 2218 1034 2239 mare.
1052 2207 1142 2240 Huic
1156 2217 1271 2241 autem
1287 2209 1498 2255 turpitudini
1516 2225 1604 2256 prae-

930 2260 1041 2292 stabat
1054 2261 1257 2304 obsequium
1272 2288 1280 2302 ‚
1292 2263 1364 2295 sive
1381 2263 1497 2308 aliquo
1514 2266 1598 2298 vitio

930 2312 1025 2356 turpi
1050 2321 1163 2357 partes
1190 2315 1358 2348 obscoenae
1378 2316 1600 2360 laborarent,

931 2365 1023 2405 sive,
1043 2364 1137 2410 quod
1157 2366 1273 2400 innuit
1293 2368 1462 2403 Martialis
1475 2397 1483 2411 ‚
1504 2371 1598 2404 fella-

930 2417 1023 2450 tione
1038 2431 1109 2463 prae
1126 2420 1288 2453 omnihus
1305 2419 1547 2457 delectaretur.

984 2475 1016 2510 4.
1038 2471 1154 2504 ΙΓείΙαΐ.
1174 2472 1276 2518 Supr.
1292 2474 1399 2519 epigr.
1418 2487 1469 2508 x11
1482 2502 1490 2516 ‚
1504 2486 1537 2510 et
1562 2491 1596 2514 1..

931 2536 977 2556 vs.
998 2524 1121 2556 ultimo
1140 2536 1147 2557 ε
1174 2543 1186 2554 ιι
1208 2537 1311 2559 nemo
1332 2540 1436 2561 senex
1453 2528 1496 2562 ad
1512 2530 1602 2563 irru-

930 2576 1108 2609 mandum.
1127 2595 1138 2605 n
1167 2577 1258 2611 Vide
1280 2580 1383 2614 etiam
1398 2608 1406 2622 ‚
1434 2582 1461 2615 si
1486 2583 1581 2615 lubet
1598 2608 1606 2623 ‚

931 2630 990 2662 lib.
1015 2630 1067 2662 XI
1081 2656 1090 2672 ‚
1109 2631 1218 2676 epigr.
1243 2646 1273 2665 1„

1298 2704 1321 2747 '3
1339 2721 1349 2747 1
