2061 3288
461 239 558 298 294

828 237 889 279 M.
926 237 1067 279 VAL.
1108 235 1498 279 MARTIALIS

525 326 708 368 Possum
733 324 959 368 Hecubam
974 359 985 378 ‚
1009 341 1186 385 possum
1209 323 1381 368 Nioben
1397 358 1407 378 ‚
1434 323 1642 367 Matrinia
1667 340 1676 365 1
1704 322 1779 367 sed
1804 325 1837 367 si

595 394 805 439 Nondum
831 395 913 439 erit
935 394 1005 438 illa
1033 396 1172 450 canis,
1199 394 1393 438 nondum
1422 395 1502 438 erit
1527 391 1597 436 illa
1624 391 1743 454 lapis.

451 549 543 581 posse
571 535 721 568 vetulam.
750 534 862 567 Multa
890 534 983 567 enim
1012 534 1135 568 retice-

456 589 540 622 bant
564 589 600 621 in
630 588 732 621 rebus
765 587 1012 633 turpioribus;
1041 587 1135 620 unde

460 659 473 671 «ι
492 642 625 676 Caetera
648 641 726 686 quis
748 640 886 674 nescit?
909 657 922 670 n
943 649 976 673 et
996 641 1132 674 similia.

457 694 513 728 Sic
534 695 675 727 Plautus
695 706 703 726 :
730 711 742 723 a
760 707 835 739 quae
855 706 937 727 cum
961 693 1042 726 viris
1065 694 1134 727 suis

455 746 649 793 praedicunt
673 760 736 780 nos
759 748 880 780 solere.
902 764 915 776 n
935 748 979 779 Et
993 749 1130 780 συνεῖναι

457 800 588 834 Graecis
605 812 614 841 3
643 817 656 829 «
672 812 743 833 esse
763 813 843 833 cum
862 801 1008 833 muliere
1027 817 1040 829 r·
1064 800 1130 833 La-

455 853 559 893 tinis;
582 866 777 885 consuescere
803 853 906 887 etiam
930 854 1133 899 frequenter

455 915 660 951 usurpatum
677 915 715 939 ut
728 909 884 940 κςινωνεῖν
902 905 1132 940 Graece.Vide

456 959 548 993 iufra
561 960 668 1004 epigr.
688 972 787 993 Lxxv.

510 1012 543 1045 3.
561 1013 723 1046 Hecubam
740 1040 749 1054 ,
766 1026 890 1058 possum
910 1013 1045 1046 Nioben.
1064 1013 1135 1045 Tot

455 1065 609 1098 filiorum
629 1075 756 1099 matres
781 1078 918 1099 necesse
947 1073 996 1099 est
1021 1073 1135 1098 veter-

453 1119 557 1152 rimas
574 1131 658 1152 esse.
683 1120 836 1152 Rumires.
852 1140 905 1145 —-
920 1118 985 1152 Sed
998 1122 1025 1152 si
1044 1119 1135 1152 Non-

456 1171 528 1204 dum
549 1174 608 1204 eric
624 1199 632 1212 ‚
662 1181 728 1206 etc.
751 1172 937 1206 Notissima
958 1171 1074 1205 fabula
1096 1184 1136 1205 ex

1195 535 1338 567 Metam.
1356 533 1462 567 Ovid.
1482 533 1526 566 de
1543 533 1676 575 Niobe,
1691 533 1812 567 occisis
1829 533 1870 566 fi-

1194 587 1307 620 liabus
1317 612 1325 628 ‚
1338 587 1372 619 in
1384 600 1503 620 saxum
1512 595 1661 628 mutata;
1673 586 1717 619 de
1728 586 1871 619 Hecuba

1194 648 1310 673 autem
1341 640 1377 672 in
1411 652 1531 673 canem
1562 652 1729 673 conversa
1762 651 1871 684 quum

1194 693 1474 739 Polymnestori,
1506 693 1663 725 Thraciae
1691 693 1791 738 regi,
1825 692 1870 724 ob

1194 747 1349 779 occisum
1378 745 1595 792 Polydorum
1621 746 1733 778 filium
1752 745 1872 778 oculos

1191 792 1355 840 eruisset,
1377 807 1411 832 et
1437 812 1455 833 a
1477 799 1672 832 Thracibus
1695 797 1872 844 lapidibus

1192 853 1432 898 impeteretur.

1246 911 1280 947 4.
1300 905 1449 939 Nondum
1467 907 1527 938 erit
1539 905 1595 937 illa
1607 905 1700 949 lapis.
1717 903 1780 936 His
1797 915 1872 936 ver-

1194 959 1248 992 bis
1272 959 1445 1005 significat
1466 971 1502 992 se
1522 970 1622 1003 posse
1645 955 1792 1002 quidem
1813 968 1872 989 ve-

1195 1013 1282 1045 tulas
1305 1040 1313 1053 ,
1352 1011 1414 1045 sed
1455 1012 1484 1045 si
1521 1010 1681 1044 nondum
1720 1010 1872 1043 formam

1194 1066 1385 1098 mulierum
1412 1065 1519 1098 nimia
1547 1071 1727 1097 senectute
1748 1074 1872 1095 exsue-

1196 1119 1285 1158 rint,
1311 1117 1406 1164 quod
1435 1126 1472 1151 tu
1495 1117 1629 1159 fecisti,
1647 1115 1741 1149 canis
1758 1117 1829 1160 jam
1840 1123 1874 1147 et

1199 1184 1317 1205 saxum
1331 1196 1341 1212 ,
1362 1172 1467 1205 altera
1483 1171 1598 1205 Niobe
1614 1178 1647 1204 et
1662 1169 1816 1202 Hecuba.

1008 1306 1335 1362 XXXIII..

761 1464 1000 1500 QUALEM
1046 1461 1310 1493 PUELLAM
1357 1442 1572 1490 VELIT.⁴1

530 1591 789 1632 INGENUAM
821 1587 935 1630 malo
961 1606 969 1630 ;

998 1587 1073 1631 sed
1103 1590 1138 1631 si
1168 1598 1314 1631 tamen
1343 1586 1413 1630 illa
1438 1596 1638 1646 negetur,

602 1658 821 1701 Libertina
850 1658 958 1701 mihi
987 1659 1184 1718 proxima
1214 1658 1406 1702 conditio
1435 1667 1527 1701 est:

536 1732 743 1773 Extremo
770 1739 832 1773 est
864 1728 1020 1772 aneilla
1050 1727 1176 1784 loco;
1205 1728 1280 1772 sed
1310 1729 1455 1772 vincet
1483 1738 1739 1787 utramque,

598 1801 641 1843 Si
670 1799 779 1843 faeie
809 1799 933 1843 nobis
962 1799 1055 1843 liaec
1085 1800 1166 1843 erit
1192 1799 1391 1860 ingenua.

517 1940 655 1985 *Hujus
675 1939 932 1984 epigrammatis
945 1939 1048 1976 lectio
1068 1951 1139 1971 non

463 1994 590 2035 variat,
608 1993 642 2025 in
653 1993 752 2025 libris
768 1992 904 2037 scriptis
920 2000 977 2024 ant
993 1992 1138 2025 excusis.

522 2058 552 2079 1.
576 2046 759 2089 Ingenuam.
783 2045 933 2090 Ingenui
953 2044 1137 2085 (licuntur,

465 2099 525 2144 qni
540 2099 655 2132 statim
674 2107 710 2131 ut
722 2098 887 2131 natisunt
904 2098 1025 2139 ,liberi
1038 2105 1136 2131 sunt:

463 2151 616 2185 libertini
631 2164 714 2185 vero
731 2151 791 2197 qui
807 2164 847 2184 ex
862 2153 954 2196 justa
973 2151 1138 2184 servitute

464 2204 667 2237 manumissi
693 2213 786 2238 sunt.
811 2204 1053 2243 Justinianus‚
1079 2205 1137 2236 In-

465 2258 575 2291 stitut.
591 2258 652 2291 lib.
670 2258 686 2290 I
699 2283 707 2298 ,
728 2257 780 2291 tit.
801 2261 820 2298 4
839 2266 873 2291 et
895 2258 927 2291 5.

521 2311 553 2344 3.
574 2310 640 2344 Sed
656 2313 770 2344 vincet.
795 2311 928 2344 Ancilla
950 2311 1065 2344 vincet
1086 2311 1137 2343 in-

1198 1950 1347 1983 genuam
1366 1947 1399 1970 et
1420 1937 1619 1970 libertinam
1635 1962 1644 1977 ‚
1668 1936 1695 1969 si
1723 1938 1871 1968 formosa

1199 1991 1324 2032 fuerit3
1344 2000 1445 2035 atque
1461 1991 1505 2023 ita
1523 1990 1628 2022 solius
1645 1989 1763 2021 formae
1775 2015 1784 2029 ‚
1801 2001 1870 2021 non

1198 2043 1411 2077 conditionis
1435 2043 1606 2076 rationem
1628 2043 1732 2075 habet
1753 2042 1870 2074 Poeta.

1199 2096 1306 2129 Ludit
1324 2096 1359 2129 in
1378 2096 1549 2129 vocabulo
1566 2097 1701 2139 ingenua
1720 2095 1846 2127 Noster
1861 2106 1871 2135 ;

1197 2148 1494 2194 quemadmodum
1517 2149 1577 2194 qui
1596 2149 1686 2181 liber
1703 2147 1815 2181 statim
1833 2155 1872 2179 ut

1197 2212 1298 2236 natus
1312 2210 1361 2236 est
1376 2201 1695 2246 ‚dicitu1·1'nget1uus‚
1709 2201 1756 2234 sic
1769 2198 1870 2246 quid-

1197 2255 1283 2302 quid
1298 2258 1432 2289 bonum
1451 2263 1500 2289 est
1518 2255 1626 2288 latine
1641 2253 1770 2288 dicitur
1783 2255 1869 2298 inge·

1198 2323 1301 2343 nuum.
1324 2310 1388 2342 El).
