2061 3288
259 273 460 308 LXXXIII.

259 326 460 361 LXXXIV.

278 379 460 413 LXXXV.

259 432 461 466 LXXXVI.

242 485 462 520 LXXXVII.

222 538 463 573 LXXXVIII.

261 592 462 625 LXXXIX.

387 644 462 677 XC.

367 697 462 731 XCI.

347 750 463 784 XCII.

330 803 463 836 XCIII.

332 856 464 889 XCIV.

350 909 464 943 XCV.

334 962 464 996 XCVI.

315 1015 466 1048 XCVII.

298 1068 465 1101 XCVIII.

336 1121 467 1155 XCIX.

777 184 1069 228 TABULA.
1539 180 1593 228 51
1610 199 1634 244 7

486 272 528 305 In
552 271 724 305 coclitem
748 291 1420 301 ..........................
1455 269 1534 314 pag.
1568 268 1642 302 350

488 325 530 357 In
552 324 802 369 Tongilionem
821 345 1527 354 ...........................
1568 321 1587 354 3
1596 323 1614 356 5
1625 335 1638 356 1

487 376 542 411 Ad
560 378 725 410 Maritum
746 397 1526 408 ..............................
1565 373 1585 407 3
1593 375 1611 409 5
1622 388 1635 409 1

487 430 541 464 Ad
561 439 688 465 castam
713 438 906 465 matronam
931 450 1527 460 .......................
1565 427 1636 462 352

488 485 530 517 In
554 484 727 518 Chionen]
768 503 1525 514 .............................
1565 481 1583 514 3
1593 481 1611 515 5
1621 495 1637 514 2

487 538 528 570 111
550 537 673 570 fratres
699 536 872 570 fellatores
883 557 1105 567 .........
1123 559 1130 564 .
1149 557 1529 566 ...............
1568 535 1641 568 353

488 589 543 623 Ad
563 590 736 623 Phoebum
746 609 1527 620 ..............................
1565 588 1584 620 3
1594 587 1611 621 5
1620 586 1639 619 3

488 645 540 676 De
561 643 660 677 Galla
675 662 1531 673 .................................
1567 640 1639 674 353

488 697 540 729 De
561 696 696 730 Misitio
707 722 717 738 ‚
739 704 774 729 et
797 695 933 729 Achilla
957 715 1527 726 ......................
1567 693 1641 733 354

489 748 546 782 Ad
567 749 708 783 Gallum
719 769 1527 780 ...............................
1567 747 1586 781 3
1595 746 1612 781 5
1621 746 1639 780 5

489 805 530 836 In
557 802 786 836 Vetustillam
797 821 1528 833 ............................
1566 800 1641 834 356

490 857 532 889 In
550 856 682 888 Rufum
694 875 1530 886 ................................
1569 853 1587 886 3
1597 853 1642 897 59

489 911 533 942 In
555 909 738 942 Naevolum
748 929 1530 940 ..............................
1569 906 1588 939 3
1597 907 1614 940 5
1623 919 1643 950 9

490 963 532 995 In
556 961 753 1007 Gargilium
776 982 1530 993 .............................
1570 959 1640 993 361

492 1014 547 1048 Ad
566 1016 702 1048 Rufum
725 1035 1532 1046 ...............................
1571 1013 1590 1046 3
1599 1015 1618 1046 6
1627 1025 1643 1045 2

491 1069 533 1101 In
554 1068 730 1102 Sabellum
752 1088 1533 1099 ..............................
1573 1065 1644 1098 362

491 1119 545 1154 Ad
566 1120 755 1155 cerdonem
774 1141 1532 1152 .............................
1571 1119 1589 1152 3
1597 1122 1617 1152 6
1625 1119 1644 1153 3

493 1173 549 1207 Ad
569 1175 702 1208 Rufum
723 1196 1531 1205 ...............................
1572 1173 1644 1212 364

256 1382 305 1414 Μ.
327 1381 440 1415 VAL.
471 1381 799 1415 MARTIALIS
825 1382 1314 1416 EPIGRAMMATUM
1343 1381 1518 1414 LIBER
1548 1381 1622 1413 IV.

439 1495 470 1526 I.

425 1547 468 1580 ΙΙ.

404 1599 469 1631 III.

408 1652 472 1687 IV.

427 1705 471 1740 V.

407 1759 470 1793 VI.

390 1812 471 1845 VII.

374 1866 471 1899 VIII.

410 1919 471 1952 IX.

428 1972 471 2005 X.

408 2025 472 2057 XI.

395 2078 473 2111 XII.

375 2131 474 2163 XIII.

376 2185 475 2217 XIV.

393 2237 473 2269 XV.

377 2291 474 2323 XVI.

358 2343 422 2375 XV
429 2344 475 2376 II.

340 2396 475 2429 XVIII.

378 2449 477 2482 XIX.

396 2502 475 2535 XX.

380 2555 478 2588 XXI.

362 2607 477 2640 XXII.

342 2660 476 2693 XXIII.

496 1494 548 1525 De
566 1494 670 1526 natali
691 1493 882 1526 Domitiani
916 1515 1429 1525 ....................
1463 1493 1543 1538 Pag.
1577 1491 1649 1526 365

496 1547 549 1579 De
567 1545 715 1579 Horatio
726 1568 1161 1577 .................
1181 1573 1187 1576 .
1207 1568 1538 1577 .............
1575 1545 1647 1590 369

497 1600 550 1632 De
568 1599 708 1633 nivibus
727 1621 1536 1630 ...............................
1576 1599 1649 1644 370

497 1653 539 1685 In
558 1653 695 1686 Bassam
726 1675 734 1682 .
758 1674 1536 1684 ..............................
1577 1653 1648 1697 372

499 1704 552 1737 Ad
575 1706 765 1738 Fabianum
810 1727 1538 1737 ............................
1578 1704 1649 1749 375

497 1760 538 1790 In
555 1759 778 1792 Malisianum
812 1781 1536 1790 ............................
1576 1758 1648 1803 377

498 1811 554 1844 Ad
575 1812 719 1857 Hyllum
731 1834 923 1843 ........
924 1854 927 1857 .
943 1833 1536 1843 .......................
1577 1812 1649 1855 378

497 1863 552 1897 Ad
572 1865 798 1911 Euphemum
809 1887 1537 1896 ............................
1577 1865 1650 1909 379

498 1919 539 1950 In
562 1918 743 1951 Fabullam
755 1939 1535 1950 ..............................
1574 1917 1645 1951 381

498 1971 553 2005 Ad
570 1972 775 2005 Faustinum
808 1994 1027 2002 .........
1049 1999 1052 2002 ,
1074 1993 1536 2003 ..................
1575 1969 1646 2004 382

499 2026 540 2057 In
562 2026 644 2058 Ant.
664 2024 891 2058 Saturninum
915 2045 1538 2056 ........................
1577 2023 1647 2058 383

499 2079 541 2111 In
563 2077 734 2111 Thaidem
757 2099 1538 2109 ..............................
1577 2076 1649 2110 385

500 2130 553 2164 Ad
567 2132 712 2173 Rufum,
729 2131 772 2165 de
785 2132 918 2177 nuptiis
936 2131 1105 2166 Pudentis
1122 2141 1156 2165 et
1169 2130 1327 2166 Claudiae
1342 2131 1544 2176 Peregrinae
1575 2130 1648 2164 385

501 2183 555 2217 Ad
576 2185 701 2217 Silium]
728 2206 1537 2216 ...............................
1578 2184 1650 2228 387

499 2237 555 2270 Ad
575 2238 800 2271 Caecilianum
811 2259 1540 2269 ...........................
1579 2235 1653 2279 390

500 2291 541 2322 In
561 2291 701 2323 Gallum
712 2311 1409 2322 ...........................
1427 2313 1436 2321 .,
1454 2313 1461 2319 .
1480 2313 1488 2319 .
1506 2312 1514 2320 .
1533 2313 1541 2320 .
1580 2289 1652 2333 390

502 2342 557 2376 Α(]
577 2344 723 2376 paulun]
759 2366 767 2373 .
787 2366 794 2372 .
812 2365 1536 2375 ............................
1575 2343 1645 2387 391

502 2397 554 2429 De
573 2409 683 2441 puero
710 2409 773 2442 per
800 2397 933 2430 stiriam
955 2396 1137 2431 cadentem
1162 2397 1320 2443 jugulato
1343 2419 1538 2427 ........
1579 2395 1649 2439 392

501 2450 552 2482 De
571 2448 779 2483 endromide
814 2471 1540 2481 ............................
1580 2449 1650 2491 393

503 2503 554 2535 De
573 2503 730 2536 Caerellia
749 2511 782 2536 et
798 2503 909 2537 Gellia
920 2524 1538 2534 ........................
1577 2502 1650 2545 396

503 2556 554 2588 De
574 2556 667 2589 Selio
678 2578 1535 2588 .................................
1578 2554 1648 2599 397

503 2609 554 2641 De
573 2608 758 2655 Cleopatra
775 2623 882 2643 uxore
916 2630 1535 2640 ........................
1577 2608 1648 2651 '398

504 2660 556 2694 Ad
576 2662 756 2704 Thaliam,
772 2662 815 2696 de
839 2663 1006 2697 Brutiano
1024 2686 1031 2693 .
1051 2688 1056 2693 .
1078 2686 1084 2692 .
1104 2686 1110 2693 .
1132 2689 1136 2692 .
1157 2684 1539 2693 ..............
1582 2660 1651 2703 ’399
