2061 3288
693 219 1063 264 PRAEFATIO.
1560 232 1586 256 v

170 344 285 383 rwn,
316 326 537 382 inaudita,
569 327 720 386 ingens
749 325 1019 379 dominati03
1049 339 1133 384 qua
1161 333 1363 367 manente
1390 339 1584 368 necessa-

174 412 285 454 rium
311 419 426 465 erat,
452 418 502 452 ut
525 408 678 453 urbem
705 410 748 452 in
773 424 903 452 unam
928 417 993 451 tot
1018 406 1290 451 confluerent
1317 406 1466 466 populi
1487 441 1497 460 ,
1525 416 1590 449 tot

172 492 476 553 magistratus,
497 500 563 535 tot
587 491 698 535 ritus
714 500 758 535 et
788 506 951 545 mores,
971 499 1037 534 tot
1067 488 1319 550 religiones,
1350 498 1416 532 tot
1444 488 1585 549 philo-

173 574 450 635 sophantium
485 583 611 619 sectae
632 607 644 628 ,
676 583 720 618 et
749 583 838 617 tam
862 572 971 616 mira
997 571 1291 616 effloresceret
1321 580 1585 615 staturarum

172 665 216 700 et
239 672 476 717 corporum
490 690 502 710 ,
530 656 804 717 ingeniorum
819 691 830 709 ,
861 655 1048 698 vestium
1064 689 1076 711 ,
1098 653 1255 698 aedium
1269 689 1280 710 ‚
1307 653 1506 697 laborum
1529 653 1590 696 di-

171 736 387 782 versitas?
411 737 561 794 Quum
590 753 641 780 ex
670 737 718 780 iis
752 734 859 780 nihil
883 735 973 795 jam
1001 752 1079 780 nos
1114 734 1360 788 videamus,
1387 735 1484 795 quis
1511 735 1588 777 mi-

173 824 354 881 rabitur,
373 824 490 868 haud
509 824 634 868 facile
649 841 699 868 ea
721 822 920 884 intelligi,
943 839 1037 883 quae
1063 822 1303 866 istiusmodi
1328 838 1395 866 res
1420 838 1591 882 semper

173 916 372 964 narrant,
395 923 567 968 semper
597 905 818 950 innuunt?

245 990 302 1033 At
322 988 427 1032 nihil
454 989 578 1033 nobis
598 1006 651 1033 ex
670 989 719 1033 iis
739 989 908 1044 deerat,
934 1005 1028 1049 quae
1048 987 1268 1032 laboribus
1294 988 1452 1032 nostris
1475 987 1591 1030 auxi—

175 1069 279 1114 lium
307 1070 420 1114 ferre
439 1081 627 1132 possent.
656 1072 770 1115 Nam
798 1070 922 1115 multi
952 1080 1051 1114 ante
1078 1087 1178 1126 nos,
1214 1079 1254 1114 et
1282 1071 1311 1112 ii
1339 1069 1590 1114 celebratis-

175 1153 270 1196 simi
293 1153 400 1207 viri,
418 1153 484 1196 his
508 1153 893 1214 epigrammatibus
919 1152 987 1196 vel
1013 1152 1270 1213 quibusdam
1300 1151 1367 1195 vel
1390 1151 1592 1195 omnibus

174 1244 393 1278 navarunt
423 1236 594 1295 egregie
623 1251 827 1296 operam;
860 1251 968 1295 quos
999 1236 1110 1278 inter
1142 1235 1418 1278 nominemus
1443 1232 1591 1276 Rade-

174 1332 270 1359 rum
288 1352 299 1372 ,
327 1317 616 1361 Ramiresiuin
633 1352 644 1371 ,
676 1317 959 1371 Farnabium,
989 1318 1252 1370 Gruterum,
1281 1317 1558 1359 Gronovium
1578 1351 1588 1369 ,

175 1397 455 1443 Calderinum
471 1433 483 1455 ᾗ
507 1399 855 1443 Musambertum
874 1433 885 1453 ,
914 1397 1212 1442 Schrevelium
1230 1434 1241 1453 ‚
1273 1396 1589 1441 Beverlandum

175 1490 219 1524 et
234 1482 391 1524 Anton.
412 1480 468 1525 de
480 1483 611 1540 Rooy
628 1498 640 1523 .-
663 1491 706 1523 et
724 1490 930 1541 praeterea
943 1515 954 1535 ,
974 1479 1091 1540 quod
1115 1480 1260 1524 utilius
1281 1479 1461 1523 forsitan
1481 1495 1593 1539 saepe

176 1561 282 1617 fuit,
311 1562 434 1606 multi
460 1563 513 1606 de
545 1563 755 1606 Romanis
785 1562 1112 1621 antiquitatibus
1144 1562 1440 1621 copiosissime
1471 1570 1513 1604 et
1539 1577 1591 1603 ex

176 1644 373 1706 professo
405 1646 683 1705 scripserunt.
720 1646 824 1689 Haec
860 1661 993 1705 quum
1023 1644 1324 1695 abundarent,
1351 1642 1455 1686 nihil
1480 1644 1593 1703 jam,

178 1737 226 1771 ut
243 1727 361 1771 haud
374 1727 609 1771 absurdum
625 1744 734 1788 opus
755 1725 1067 1779 absolveretur,
1088 1742 1261 1770 necesse
1284 1736 1395 1782 erat,
1417 1726 1497 1769 nisi
1521 1727 1593 1768 im-

177 1810 341 1870 probus
370 1809 493 1854 labor
518 1820 560 1854 et
583 1811 820 1871 pertinacia
851 1825 1017 1854 summa
1049 1811 1092 1852 in
1124 1808 1330 1870 eligendis
1358 1818 1402 1852 et
1427 1824 1589 1852 exscri-

176 1891 328 1935 bendis
357 1894 494 1947 notis,
522 1893 637 1953 quod
669 1909 747 1936 nos
771 1893 824 1935 ad
852 1893 943 1936 haec
974 1909 1053 1953 pro
1080 1890 1189 1934 virili
1213 1900 1336 1952 parte
1358 1889 1590 1935 contulisse

177 1972 441 2016 arbitramur
478 1983 520 2017 et
545 1973 793 2034 gloriamur.
815 1973 1068 2017 proferatur
1099 1989 1202 2033 ergo
1230 1972 1404 2016 demum
1434 1971 1535 2031 quid
1568 1987 1591 2013 a

178 2053 302 2098 nobis
324 2056 367 2097 in
392 2070 505 2098 nova
531 2055 612 2098 hac
642 2055 828 2098 editione
859 2055 1098 2115 praestitum
1123 2054 1199 2097 sit:

258 2137 307 2178 1⁰
334 2137 480 2180 Vitam
504 2137 737 2193 Martialis,
763 2137 971 2195 judicium
999 2147 1041 2180 et
1064 2137 1311 2181 testimonia
1336 2137 1389 2179 de
1412 2146 1589 2180 auctore

180 2228 223 2263 et
247 2218 485 2263 editionum
506 2221 704 2264 notitiam
725 2219 981 2276 literariam,
1005 2230 1053 2263 ut
1084 2236 1177 2264 mos
1208 2229 1357 2263 noster
1385 2229 1466 2276 est,
1486 2236 1587 2280 prae-

180 2301 399 2356 misimus,
430 2318 529 2345 cum
560 2302 859 2346 dissertatione
887 2303 939 2346 de
967 2304 1113 2346 metris
1143 2301 1354 2345 Martialis
1376 2310 1419 2346 et
1449 2302 1590 2345 indice

180 2383 454 2444 alphabetico
495 2386 857 2445 epigrammatum
890 2384 1105 2429 indicante
1143 2394 1217 2427 aut
1249 2385 1409 2445 primas
1438 2401 1588 2439 voces,

182 2476 257 2510 aut
276 2465 502 2522 lemmata3
528 2476 620 2510 turn
643 2468 791 2510 tertius
814 2466 1030 2521 declarat,
1052 2483 1180 2527 quem
1208 2483 1438 2511 numerum
1464 2469 1507 2510 in
1532 2468 1588 2511 di-

185 2549 315 2592 vorsis
350 2548 609 2593 editionibus
643 2565 690 2592 ea
717 2549 971 2609 praeferant3
1003 2559 1182 2609 quartus
1211 2566 1313 2593 vero
1347 2551 1492 2594 omnia
1519 2549 1586 2593 illa

184 2630 224 2672 in
253 2629 370 2673 locos
401 2647 652 2674 communes
680 2630 912 2674 distribuit.

1327 2728 1349 2754 a
1371 2714 1375 2722 ,
