2061 3288
451 227 1029 273 EPIGRAMMATUM
1069 227 1191 269 LIB.
1232 227 1265 268 Ι.

289 319 427 360 Tutus
451 327 494 361 et
524 317 688 378 ingenti
715 315 823 360 ludit
853 316 896 358 in
922 331 996 359 ore
1022 313 1158 375 lepus.

223 389 334 445 Quae
360 388 524 448 majora
548 398 675 449 putas
701 384 933 430 miracula?
958 401 1152 429 summus
1179 383 1373 444 utrisque

293 459 459 502 Auctor
482 458 602 502 adest
628 476 636 501 ε
662 459 755 502 haec
783 467 883 501 sunt
914 456 1094 501 Caesaris
1109 491 1120 512 ‚
1144 453 1214 498 illa
1238 454 1369 498 Jovis.

153 606 289 631 rentem
323 597 528 643 excipientis
561 606 595 631 et
623 596 831 631 dimittentis

154 650 299 684 illaesum
313 653 422 695 majus
434 659 484 684 est
495 651 716 692 miraculum,
727 662 831 696 quam

155 704 277 749 aquilae
308 715 460 749 puerum
494 704 668 749 portantis
696 703 830 737 incolu-

155 769 260 790 mem.
272 757 398 791 En.—
409 755 622 790 Caesa1·eos.A
631 757 765 791 Caesare
774 769 832 791 ex-

155 810 490 843 hibitus—Exorat.
503 811 660 843 Exorare
671 819 720 843 est
731 822 832 842 oran·

156 861 202 895 do
236 862 367 908 aliquid
398 863 594 908 impetrare.
624 880 636 892 κ
662 863 831 896 Lanificas

155 916 245 949 nulli
277 924 345 949 tres
375 928 518 949 exorare
546 916 680 961 puellas
708 916 831 950 Conti-

156 968 216 1013 git.
241 986 253 998 n
280 969 357 1001 Lib.
388 973 429 1009 4,
452 969 561 1014 epigr.
586 981 658 1003 mv.

946 597 979 630 5.
1010 595 1164 629 Summus.
1195 594 1353 639 Uterque
1379 591 1466 626 deus
1492 600 1543 626 est
1560 617 1571 634 ‚

891 661 971 682 nam
985 648 1206 682 Domitianus
1225 646 1312 680 deus
1323 645 1492 692 appellari
1507 658 1570 678 vo-

891 702 977 743 luit,
999 703 1100 746 cujus
1125 703 1221 746 jussu
1247 708 1388 746 captum
1414 699 1572 744 leporem

892 754 1091 789 dimittebat
1107 755 1161 788 leo
1177 779 1187 796 ,
1208 753 1298 787 sicut
1319 754 1408 786 Jove
1425 752 1572 797 jubente

891 816 924 841 et
944 806 1188 855 Ganymedem
1215 806 1333 852 rapuit
1359 805 1573 839 incolumem

893 862 1018 907 aquila.
1030 859 1125 894 Vide
1142 860 1233 894 infra
1246 860 1357 905 epigr.
1374 871 1418 892 xv
1433 884 1442 900 ‚
1456 870 1547 892 xx111
1561 883 1572 900 ‚

890 927 969 955 xrv,
982 926 1068 948 va1
1081 941 1089 953 ‚
1110 926 1192 947 xmx
1203 939 1212 954 ,
1228 925 1281 946 LII
1294 940 1303 954 ,
1322 924 1380 946 Lxl
1392 937 1401 953 ,
1420 925 1462 946 cv
1472 937 1482 954 ‚
1496 923 1573 957 quae

891 975 971 1000 suut
992 966 1149 1013 ejusdem
1168 966 1379 1011 argumenti.

777 1101 956 1156 VIII.

312 1263 381 1291 AD
419 1262 714 1302 MAXIMUM,
753 1263 818 1290 DE
857 1262 1119 1291 COLUMBA
1158 1239 1414 1290 81*ELLAE.*

368 1386 555 1429 STELLAE
579 1383 782 1428 delicium
809 1385 892 1428 mei
917 1383 1145 1440 columba⁷

371 1458 549 1499 Verona
580 1455 680 1499 licet
711 1455 914 1500 audiente
942 1455 1112 1511 dicam,

371 1527 514 1582 Vicit,
545 1527 760 1579 Maxime,
787 1543 1005 1588 passerem
1029 1524 1202 1570 Catulli.

370 1598 512 1641 Tanto
535 1596 666 1641 Stella
690 1614 813 1642 meus
838 1607 916 1641 tuo
944 1596 1142 1651 Catullo,

373 1668 552 1724 Quanto
582 1684 755 1728 passere
782 1669 922 1729 major
948 1678 1013 1713 est
1035 1666 1251 1712 columba.

213 1802 229 1816 ''
247 1807 289 1839 In
318 1806 385 1839 hoc
416 1807 661 1852 epigrammate
695 1807 746 1839 nil
779 1819 836 1840 va-

162 1859 255 1892 riant
277 1858 382 1893 codd.
406 1868 465 1892 aut
484 1859 566 1892 libri
588 1859 757 1905 impressi.

220 1925 252 1946 1.
273 1913 382 1946 Stellae
403 1913 556 1945 columba.
577 1934 628 1938 —-
647 1913 838 1946 Laruntius

164 1965 269 1998 Stella
292 1991 301 2007 ‚
342 1973 444 2010 poeta
472 1966 660 1999 Patavinus
700 1966 837 2011 Papinii

163 2017 264 2051 Statii
277 2019 489 2051 carminibus
502 2019 614 2051 clarus
627 2044 636 2059 ‚
657 2027 690 2052 et
710 2018 753 2051 de
769 2032 838 2064 quo

164 2071 314 2116 plurima
344 2071 436 2117 apud
460 2072 657 2105 Martialem
684 2073 815 2105 mentio
831 2098 839 2113 ,

165 2124 362 2157 columbam
381 2124 500 2157 amicae
525 2137 594 2158 suae
615 2124 776 2167 deflevit,
797 2125 839 2158 ad

165 2176 394 2210 imitationem
424 2178 568 2222 passeris
599 2179 737 2211 Catulli.
770 2180 838 2212 Co-

164 2230 283 2262 lumba
302 2243 369 2275 pro
398 2242 502 2274 opere
529 2229 573 2263 de
600 2231 761 2264 columba
780 2244 839 2264 su-

165 2283 274 2316 mitur
291 2308 300 2323 ,
328 2295 428 2316 causa
450 2295 576 2327 nempe
604 2297 669 2329 pro
698 2284 837 2318 effectu.

167 2335 251 2368 vid.
280 2336 341 2368 lib.
370 2336 439 2376 VI,
466 2336 576 2381 epigr.
607 2349 665 2369 xm
684 2362 693 2377 ,
718 2346 750 2370 et
777 2338 838 2370 lib.

167 2389 260 2431 VH,
276 2388 386 2434 epigr.
407 2400 479 2421 XIv.

223 2454 254 2474 2.
277 2442 412 2474 ltu-ona.
442 2442 555 2475 Patria
584 2442 735 2482 Catulli,
762 2444 843 2476 urbs

897 1807 1006 1840 Italiae
1028 1814 1109 1839 nota
1123 1831 1132 1847 ,
1154 1804 1198 1838 ad
1221 1804 1373 1839 fluvium
1394 1804 1554 1837 Athesim
1572 1830 1581 1845 ‚

898 1872 916 1892 a
935 1859 1044 1893 Gallis
1061 1859 1144 1892 olim
1162 1858 1305 1892 condita
1318 1884 1326 1900 ,
1348 1865 1382 1891 et
1402 1859 1444 1890 ab
1463 1871 1582 1891 eorum

899 1911 990 1946 (luce
1022 1913 1162 1945 Brenno
1190 1910 1283 1944 dicta
1315 1912 1470 1956 primum
1495 1911 1579 1943 Bre-

900 1978 1004 1998 nona.
1028 1965 1157 1998 Justin.
1180 1965 1241 1997 lib.
1266 1977 1321 1997 20.

955 2024 988 2059 4.
1007 2018 1097 2051 Meus
1115 2026 1180 2050 tuo.
1201 2017 1371 2050 Martialis
1388 2016 1579 2050 admirator

900 2080 933 2104 et
955 2072 1084 2104 amicus
1102 2071 1217 2104 Stellae
1231 2083 1239 2103 :
1254 2070 1429 2103 Maximus
1442 2094 1451 2110 ‚
1470 2069 1579 2102 admi-

899 2133 994 2158 rator
1017 2133 1050 2157 et
1070 2125 1159 2157 forte
1181 2123 1335 2156 concivis
1359 2123 1578 2156 Catulli.En.

956 2178 987 2211 5.
1002 2178 1132 2221 Quanto
1141 2190 1277 2221 passere.
1289 2198 1340 2202 ——
1354 2176 1577 2210 Confirman-

899 2230 1031 2263 dumne
1050 2230 1173 2271 fuerit,
1195 2242 1237 2262 an
1259 2228 1490 2274 rejiciendum
1509 2229 1578 2262 hoc

900 2284 1068 2317 Martialis
1104 2282 1280 2327 judicium
1324 2281 1497 2315 invidiosa
1536 2282 1572 2314 in

901 2336 1009 2369 dubio
1024 2337 1167 2381 reliquit
1184 2344 1337 2368 vetustas
1348 2361 1356 2375 ‚
1371 2348 1448 2380 quae
1463 2335 1579 2368 Stellae

903 2390 1056 2423 carmina
1065 2388 1581 2430 delevit,ueccu1uCatullicar-

904 2443 1059 2476 minibus
1076 2441 1311 2488 comparanda
1328 2442 1479 2487 reliquit.
1491 2442 1558 2474 En.
