<?xml version="1.0" encoding="UTF-8"?>
<!DOCTYPE html PUBLIC "-//W3C//DTD XHTML 1.0 Transitional//EN"
    "http://www.w3.org/TR/xhtml1/DTD/xhtml1-transitional.dtd">
<html xmlns="http://www.w3.org/1999/xhtml" xml:lang="en" lang="en">
 <head>
  <title>
</title>
<meta http-equiv="Content-Type" content="text/html;charset=utf-8" />
  <meta name='ocr-system' content='tesseract 3.04.00' />
  <meta name='ocr-capabilities' content='ocr_page ocr_carea ocr_par ocr_line ocrx_word'/>
</head>
<body>
  <div class='ocr_page' id='page_1' title='image "./epigrammata01martuoft_0163.png"; bbox 0 0 2061 3288; ppageno 0'>
   <div class='ocr_carea' id='block_1_1' title="bbox 280 228 1470 309">
    <p class='ocr_par' dir='ltr' id='par_1_1' title="bbox 280 228 1470 309">
     <span class='ocr_line' id='line_1_1' title="bbox 280 228 1470 309; baseline 0.002 -2"><span class='ocrx_word' id='word_1_1' title='bbox 280 231 397 307; x_wconf 88' lang='lat' dir='ltr'>M.</span> <span class='ocrx_word' id='word_1_2' title='bbox 445 228 704 307; x_wconf 81' lang='lat' dir='ltr'><strong>VAL.</strong></span> <span class='ocrx_word' id='word_1_3' title='bbox 768 230 1470 309; x_wconf 83' lang='lat' dir='ltr'>MARTIALIS</span> 
     </span>
    </p>
   </div>
   <div class='ocr_carea' id='block_1_2' title="bbox 836 422 926 464">
    <p class='ocr_par' dir='ltr' id='par_1_2' title="bbox 836 422 926 464">
     <span class='ocr_line' id='line_1_2' title="bbox 836 422 926 464; baseline -0.011 0"><span class='ocrx_word' id='word_1_4' title='bbox 836 422 926 464; x_wconf 82' lang='lat' dir='ltr'>DE</span> 
     </span>
    </p>
   </div>
   <div class='ocr_carea' id='block_1_3' title="bbox 171 570 1590 688">
    <p class='ocr_par' dir='ltr' id='par_1_3' title="bbox 171 570 1590 688">
     <span class='ocr_line' id='line_1_3' title="bbox 171 570 1590 688; baseline 0.003 -4"><span class='ocrx_word' id='word_1_5' title='bbox 171 570 1590 688; x_wconf 77' lang='lat' dir='ltr'>SPECTACULIS</span> 
     </span>
    </p>
   </div>
   <div class='ocr_carea' id='block_1_4' title="bbox 616 798 1155 869">
    <p class='ocr_par' dir='ltr' id='par_1_4' title="bbox 616 798 1155 869">
     <span class='ocr_line' id='line_1_4' title="bbox 616 798 1155 869; baseline 0.004 -2"><span class='ocrx_word' id='word_1_6' title='bbox 616 798 1155 869; x_wconf 58' lang='lat' dir='ltr'>LIBELLUSf</span> 
     </span>
    </p>
   </div>
   <div class='ocr_carea' id='block_1_5' title="bbox 578 971 841 989">
    <p class='ocr_par' dir='ltr' id='par_1_5' title="bbox 578 971 841 989">
     <span class='ocr_line' id='line_1_5' title="bbox 578 971 841 989; baseline 0 2299"><span class='ocrx_word' id='word_1_7' title='bbox 578 971 841 989; x_wconf 95' lang='lat' dir='ltr'> </span> 
     </span>
    </p>
   </div>
   <div class='ocr_carea' id='block_1_6' title="bbox 847 968 966 990">
    <p class='ocr_par' dir='ltr' id='par_1_6' title="bbox 847 968 966 990">
     <span class='ocr_line' id='line_1_6' title="bbox 847 968 966 990; baseline 0 -17"><span class='ocrx_word' id='word_1_8' title='bbox 847 968 966 990; x_wconf 45' lang='lat'>999-</span> 
     </span>
    </p>
   </div>
   <div class='ocr_carea' id='block_1_7' title="bbox 852 1077 893 1131">
    <p class='ocr_par' dir='ltr' id='par_1_7' title="bbox 852 1077 893 1131">
     <span class='ocr_line' id='line_1_7' title="bbox 852 1077 893 1131; baseline 0.024 -1"><span class='ocrx_word' id='word_1_9' title='bbox 852 1077 893 1131; x_wconf 89' lang='lat' dir='ltr'>I.</span> 
     </span>
    </p>
   </div>
   <div class='ocr_carea' id='block_1_8' title="bbox 921 972 1215 989">
    <p class='ocr_par' dir='ltr' id='par_1_8' title="bbox 921 972 1215 989">
     <span class='ocr_line' id='line_1_8' title="bbox 921 972 1215 989; baseline 0 2299"><span class='ocrx_word' id='word_1_10' title='bbox 921 972 1215 989; x_wconf 95' lang='lat' dir='ltr'> </span> 
     </span>
    </p>
   </div>
   <div class='ocr_carea' id='block_1_9' title="bbox 445 1221 1323 1253">
    <p class='ocr_par' dir='ltr' id='par_1_9' title="bbox 445 1221 1323 1253">
     <span class='ocr_line' id='line_1_9' title="bbox 445 1221 1323 1253; baseline 0.005 -4"><span class='ocrx_word' id='word_1_11' title='bbox 445 1223 500 1250; x_wconf 82' lang='grc' dir='ltr'>ΙΝ</span> <span class='ocrx_word' id='word_1_12' title='bbox 542 1221 1036 1251; x_wconf 75' lang='lat' dir='ltr'>AMPHITHEATRUM</span> <span class='ocrx_word' id='word_1_13' title='bbox 1075 1223 1323 1253; x_wconf 80' lang='lat' dir='ltr'><strong>CAESARIS.</strong></span> 
     </span>
    </p>
   </div>
   <div class='ocr_carea' id='block_1_10' title="bbox 176 1321 1599 1569">
    <p class='ocr_par' dir='ltr' id='par_1_10' title="bbox 176 1321 1599 1569">
     <span class='ocr_line' id='line_1_10' title="bbox 176 1321 1598 1375; baseline 0.006 -16"><span class='ocrx_word' id='word_1_14' title='bbox 176 1326 247 1359; x_wconf 82' lang='lat' dir='ltr'>Per</span> <span class='ocrx_word' id='word_1_15' title='bbox 267 1322 530 1359; x_wconf 77' lang='lat' dir='ltr'>inductionem</span> <span class='ocrx_word' id='word_1_16' title='bbox 551 1321 768 1358; x_wconf 81' lang='lat' dir='ltr'>collativam</span> <span class='ocrx_word' id='word_1_17' title='bbox 789 1321 1129 1372; x_wconf 75' lang='lat' dir='ltr'>Amphitheatrum</span> <span class='ocrx_word' id='word_1_18' title='bbox 1149 1337 1170 1360; x_wconf 84' lang='lat' dir='ltr'>a</span> <span class='ocrx_word' id='word_1_19' title='bbox 1184 1326 1421 1375; x_wconf 82' lang='lat' dir='ltr'>Vespasiano</span> <span class='ocrx_word' id='word_1_20' title='bbox 1446 1338 1598 1367; x_wconf 77' lang='lat' dir='ltr'>exstru-</span> 
     </span>
     <span class='ocr_line' id='line_1_11' title="bbox 229 1384 1598 1442; baseline 0.004 -19"><span class='ocrx_word' id='word_1_21' title='bbox 229 1395 332 1423; x_wconf 86' lang='lat' dir='ltr'>ctum</span> <span class='ocrx_word' id='word_1_22' title='bbox 350 1386 524 1436; x_wconf 80' lang='lat' dir='ltr'>(Sueten.</span> <span class='ocrx_word' id='word_1_23' title='bbox 538 1389 651 1435; x_wconf 84' lang='lat' dir='ltr'>Vesp.</span> <span class='ocrx_word' id='word_1_24' title='bbox 673 1384 712 1435; x_wconf 85' lang='lat'>9)</span> <span class='ocrx_word' id='word_1_25' title='bbox 725 1414 734 1427; x_wconf 84' lang='lat'>‚</span> <span class='ocrx_word' id='word_1_26' title='bbox 753 1393 790 1421; x_wconf 87' lang='lat' dir='ltr'>et</span> <span class='ocrx_word' id='word_1_27' title='bbox 811 1398 831 1422; x_wconf 90' lang='lat' dir='ltr'>a</span> <span class='ocrx_word' id='word_1_28' title='bbox 850 1385 938 1421; x_wconf 84' lang='lat' dir='ltr'>Tito</span> <span class='ocrx_word' id='word_1_29' title='bbox 956 1385 1176 1423; x_wconf 85' lang='lat' dir='ltr'>dedicatum</span> <span class='ocrx_word' id='word_1_30' title='bbox 1196 1388 1374 1438; x_wconf 78' lang='lat' dir='ltr'>(Sueton.</span> <span class='ocrx_word' id='word_1_31' title='bbox 1393 1391 1466 1431; x_wconf 80' lang='lat' dir='ltr'>Tit.</span> <span class='ocrx_word' id='word_1_32' title='bbox 1485 1393 1541 1442; x_wconf 81' lang='lat'>7),</span> <span class='ocrx_word' id='word_1_33' title='bbox 1560 1395 1598 1431; x_wconf 89' lang='lat' dir='ltr'>in</span> 
     </span>
     <span class='ocr_line' id='line_1_12' title="bbox 228 1449 1599 1502; baseline 0.006 -15"><span class='ocrx_word' id='word_1_34' title='bbox 228 1465 306 1501; x_wconf 87' lang='lat' dir='ltr'>quo</span> <span class='ocrx_word' id='word_1_35' title='bbox 328 1451 547 1502; x_wconf 83' lang='lat' dir='ltr'>spectacula</span> <span class='ocrx_word' id='word_1_36' title='bbox 565 1450 764 1500; x_wconf 81' lang='lat' dir='ltr'>magnifica</span> <span class='ocrx_word' id='word_1_37' title='bbox 783 1449 934 1487; x_wconf 84' lang='lat' dir='ltr'>assidue</span> <span class='ocrx_word' id='word_1_38' title='bbox 960 1459 998 1487; x_wconf 87' lang='lat' dir='ltr'>et</span> <span class='ocrx_word' id='word_1_39' title='bbox 1017 1461 1244 1501; x_wconf 86' lang='lat' dir='ltr'>sumptuosa</span> <span class='ocrx_word' id='word_1_40' title='bbox 1266 1455 1386 1492; x_wconf 84' lang='lat' dir='ltr'>edidit</span> <span class='ocrx_word' id='word_1_41' title='bbox 1408 1458 1599 1495; x_wconf 83' lang='lat' dir='ltr'>Domitia—</span> 
     </span>
     <span class='ocr_line' id='line_1_13' title="bbox 228 1514 1483 1569; baseline 0.005 -15"><span class='ocrx_word' id='word_1_42' title='bbox 228 1531 299 1554; x_wconf 85' lang='lat' dir='ltr'>nus</span> <span class='ocrx_word' id='word_1_43' title='bbox 320 1517 500 1569; x_wconf 85' lang='lat' dir='ltr'>(Sueton.</span> <span class='ocrx_word' id='word_1_44' title='bbox 517 1520 631 1554; x_wconf 92' lang='lat' dir='ltr'>Dom.</span> <span class='ocrx_word' id='word_1_45' title='bbox 653 1514 718 1567; x_wconf 75' lang='lat'>4),</span> <span class='ocrx_word' id='word_1_46' title='bbox 739 1516 867 1553; x_wconf 88' lang='lat' dir='ltr'>multis</span> <span class='ocrx_word' id='word_1_47' title='bbox 887 1517 1043 1566; x_wconf 79' lang='lat' dir='ltr'>praefert</span> <span class='ocrx_word' id='word_1_48' title='bbox 1060 1517 1164 1555; x_wconf 87' lang='lat' dir='ltr'>orbis</span> <span class='ocrx_word' id='word_1_49' title='bbox 1183 1519 1385 1558; x_wconf 78' lang='lat' dir='ltr'>miraculis.</span> <span class='ocrx_word' id='word_1_50' title='bbox 1410 1525 1483 1560; x_wconf 81' lang='lat' dir='ltr'>En.</span> 
     </span>
    </p>
   </div>
   <div class='ocr_carea' id='block_1_11' title="bbox 250 1631 1497 1726">
    <p class='ocr_par' dir='ltr' id='par_1_11' title="bbox 250 1631 1497 1726">
     <span class='ocr_line' id='line_1_14' title="bbox 250 1631 1497 1726; baseline 0.003 -19"><span class='ocrx_word' id='word_1_51' title='bbox 250 1631 536 1707; x_wconf 73' lang='lat' dir='ltr'><strong>BARBARA</strong></span> <span class='ocrx_word' id='word_1_52' title='bbox 562 1659 844 1721; x_wconf 74' lang='lat' dir='ltr'>Pyramidum</span> <span class='ocrx_word' id='word_1_53' title='bbox 870 1659 992 1705; x_wconf 79' lang='lat' dir='ltr'>sileat</span> <span class='ocrx_word' id='word_1_54' title='bbox 1017 1661 1228 1706; x_wconf 76' lang='lat' dir='ltr'>miracula</span> <span class='ocrx_word' id='word_1_55' title='bbox 1253 1665 1497 1726; x_wconf 79' lang='lat' dir='ltr'>Memphis:</span> 
     </span>
    </p>
   </div>
   <div class='ocr_carea' id='block_1_12' title="bbox 247 1783 1399 1854">
    <p class='ocr_par' dir='ltr' id='par_1_12' title="bbox 247 1783 1399 1854">
     <span class='ocr_line' id='line_1_15' title="bbox 296 1783 972 1803; baseline -0.007 -1"><span class='ocrx_word' id='word_1_56' title='bbox 296 1790 307 1802; x_wconf 72' lang='lat' dir='ltr'><em>s</em></span> <span class='ocrx_word' id='word_1_57' title='bbox 613 1783 652 1802; x_wconf 64' lang='lat' dir='ltr'>fx</span> <span class='ocrx_word' id='word_1_58' title='bbox 766 1787 775 1798; x_wconf 69' lang='lat' dir='ltr'>x</span> <span class='ocrx_word' id='word_1_59' title='bbox 840 1787 848 1798; x_wconf 59' lang='lat' dir='ltr'>x</span> <span class='ocrx_word' id='word_1_60' title='bbox 960 1790 972 1803; x_wconf 69' lang='lat' dir='ltr'><strong><em>s</em></strong></span> 
     </span>
     <span class='ocr_line' id='line_1_16' title="bbox 247 1786 1399 1854; baseline 0.004 -23"><span class='ocrx_word' id='word_1_61' title='bbox 247 1786 439 1850; x_wconf 59' lang='grc' dir='ltr'>Βαρέαρα</span> <span class='ocrx_word' id='word_1_62' title='bbox 459 1791 706 1849; x_wconf 81' lang='grc' dir='ltr'>Πυραμιὸων</span> <span class='ocrx_word' id='word_1_63' title='bbox 732 1806 786 1831; x_wconf 78' lang='grc' dir='ltr'>τα</span> <span class='ocrx_word' id='word_1_64' title='bbox 809 1806 880 1844; x_wconf 77' lang='grc' dir='ltr'>σα,</span> <span class='ocrx_word' id='word_1_65' title='bbox 905 1790 1069 1849; x_wconf 68' lang='grc' dir='ltr'>Μεμφι,</span> <span class='ocrx_word' id='word_1_66' title='bbox 1097 1789 1281 1851; x_wconf 67' lang='grc' dir='ltr'>θετῖματα</span> <span class='ocrx_word' id='word_1_67' title='bbox 1305 1793 1399 1854; x_wconf 78' lang='grc' dir='ltr'>σίγα</span> 
     </span>
    </p>
   </div>
   <div class='ocr_carea' id='block_1_13' title="bbox 176 1917 858 2711">
    <p class='ocr_par' dir='ltr' id='par_1_13' title="bbox 176 1917 858 2711">
     <span class='ocr_line' id='line_1_17' title="bbox 230 1917 852 1966; baseline -0.005 -10"><span class='ocrx_word' id='word_1_68' title='bbox 230 1917 247 1931; x_wconf 80' lang='lat'><strong>*</strong></span> <span class='ocrx_word' id='word_1_69' title='bbox 268 1922 375 1956; x_wconf 85' lang='lat' dir='ltr'>Hunc</span> <span class='ocrx_word' id='word_1_70' title='bbox 405 1921 600 1962; x_wconf 80' lang='lat' dir='ltr'>Libellum,</span> <span class='ocrx_word' id='word_1_71' title='bbox 630 1920 709 1966; x_wconf 84' lang='lat' dir='ltr'>quia</span> <span class='ocrx_word' id='word_1_72' title='bbox 741 1920 777 1953; x_wconf 90' lang='lat' dir='ltr'>in</span> <span class='ocrx_word' id='word_1_73' title='bbox 809 1933 852 1953; x_wconf 87' lang='lat' dir='ltr'>eo</span> 
     </span>
     <span class='ocr_line' id='line_1_18' title="bbox 177 1974 856 2022; baseline -0.006 -13"><span class='ocrx_word' id='word_1_74' title='bbox 177 1975 336 2022; x_wconf 82' lang='lat' dir='ltr'>quaedam</span> <span class='ocrx_word' id='word_1_75' title='bbox 348 1975 519 2009; x_wconf 82' lang='lat' dir='ltr'>Martialis</span> <span class='ocrx_word' id='word_1_76' title='bbox 532 1974 681 2020; x_wconf 59' lang='lat' dir='ltr'>tempori</span> <span class='ocrx_word' id='word_1_77' title='bbox 693 1986 763 2006; x_wconf 85' lang='lat' dir='ltr'>non</span> <span class='ocrx_word' id='word_1_78' title='bbox 774 1986 856 2006; x_wconf 89' lang='lat' dir='ltr'>con-</span> 
     </span>
     <span class='ocr_line' id='line_1_19' title="bbox 178 2027 854 2073; baseline -0.004 -11"><span class='ocrx_word' id='word_1_79' title='bbox 178 2030 325 2062; x_wconf 84' lang='lat' dir='ltr'>veniunt</span> <span class='ocrx_word' id='word_1_80' title='bbox 343 2056 352 2071; x_wconf 90' lang='lat'>,</span> <span class='ocrx_word' id='word_1_81' title='bbox 380 2029 490 2062; x_wconf 87' lang='lat' dir='ltr'>multa</span> <span class='ocrx_word' id='word_1_82' title='bbox 525 2028 706 2073; x_wconf 86' lang='lat' dir='ltr'>ingenium</span> <span class='ocrx_word' id='word_1_83' title='bbox 742 2027 854 2060; x_wconf 87' lang='lat' dir='ltr'>nostri</span> 
     </span>
     <span class='ocr_line' id='line_1_20' title="bbox 180 2082 853 2127; baseline -0.004 -12"><span class='ocrx_word' id='word_1_84' title='bbox 180 2083 295 2115; x_wconf 80' lang='lat' dir='ltr'>Poetae</span> <span class='ocrx_word' id='word_1_85' title='bbox 320 2095 446 2127; x_wconf 88' lang='lat' dir='ltr'>parum</span> <span class='ocrx_word' id='word_1_86' title='bbox 477 2082 641 2127; x_wconf 84' lang='lat' dir='ltr'>sapiunt,</span> <span class='ocrx_word' id='word_1_87' title='bbox 670 2093 712 2113; x_wconf 80' lang='lat' dir='ltr'>ex</span> <span class='ocrx_word' id='word_1_88' title='bbox 736 2089 853 2113; x_wconf 81' lang='lat' dir='ltr'>mente</span> 
     </span>
     <span class='ocr_line' id='line_1_21' title="bbox 181 2134 847 2180; baseline -0.003 -12"><span class='ocrx_word' id='word_1_89' title='bbox 181 2136 350 2168; x_wconf 87' lang='lat' dir='ltr'><strong>DD.VV.</strong></span> <span class='ocrx_word' id='word_1_90' title='bbox 373 2135 453 2168; x_wconf 82' lang='lat' dir='ltr'>Jani</span> <span class='ocrx_word' id='word_1_91' title='bbox 474 2134 650 2180; x_wconf 80' lang='lat' dir='ltr'>Rutgersii</span> <span class='ocrx_word' id='word_1_92' title='bbox 673 2147 745 2167; x_wconf 84' lang='lat' dir='ltr'>var.</span> <span class='ocrx_word' id='word_1_93' title='bbox 763 2134 847 2166; x_wconf 87' lang='lat' dir='ltr'>leet.</span> 
     </span>
     <span class='ocr_line' id='line_1_22' title="bbox 179 2186 854 2233; baseline -0.003 -12"><span class='ocrx_word' id='word_1_94' title='bbox 179 2188 241 2222; x_wconf 90' lang='lat' dir='ltr'>lib.</span> <span class='ocrx_word' id='word_1_95' title='bbox 262 2189 307 2229; x_wconf 84' lang='lat' dir='ltr'>V,</span> <span class='ocrx_word' id='word_1_96' title='bbox 327 2200 402 2233; x_wconf 75' lang='lat' dir='ltr'>cap.</span> <span class='ocrx_word' id='word_1_97' title='bbox 428 2188 492 2228; x_wconf 78' lang='lat'>15,</span> <span class='ocrx_word' id='word_1_98' title='bbox 521 2196 554 2220; x_wconf 85' lang='lat' dir='ltr'>et</span> <span class='ocrx_word' id='word_1_99' title='bbox 576 2187 670 2220; x_wconf 73' lang='lat' dir='ltr'>Petri</span> <span class='ocrx_word' id='word_1_100' title='bbox 691 2186 854 2220; x_wconf 77' lang='lat' dir='ltr'>Scriverii</span> 
     </span>
     <span class='ocr_line' id='line_1_23' title="bbox 181 2240 853 2279; baseline -0.003 -5"><span class='ocrx_word' id='word_1_101' title='bbox 181 2243 216 2274; x_wconf 87' lang='lat' dir='ltr'>in</span> <span class='ocrx_word' id='word_1_102' title='bbox 243 2240 616 2273; x_wconf 79' lang='lat' dir='ltr'>Animadversionibus</span> <span class='ocrx_word' id='word_1_103' title='bbox 640 2240 726 2279; x_wconf 77' lang='lat' dir='ltr'>suis,</span> <span class='ocrx_word' id='word_1_104' title='bbox 759 2241 853 2272; x_wconf 82' lang='lat' dir='ltr'>Mar-</span> 
     </span>
     <span class='ocr_line' id='line_1_24' title="bbox 181 2292 855 2338; baseline -0.003 -11"><span class='ocrx_word' id='word_1_105' title='bbox 181 2295 253 2327; x_wconf 86' lang='lat' dir='ltr'>tiali</span> <span class='ocrx_word' id='word_1_106' title='bbox 268 2293 588 2338; x_wconf 81' lang='lat' dir='ltr'>abdicatum,atqne</span> <span class='ocrx_word' id='word_1_107' title='bbox 602 2292 645 2326; x_wconf 90' lang='lat' dir='ltr'>ad</span> <span class='ocrx_word' id='word_1_108' title='bbox 659 2293 788 2327; x_wconf 84' lang='lat' dir='ltr'>calcem</span> <span class='ocrx_word' id='word_1_109' title='bbox 803 2305 855 2325; x_wconf 88' lang='lat' dir='ltr'>re-</span> 
     </span>
     <span class='ocr_line' id='line_1_25' title="bbox 176 2345 854 2393; baseline -0.004 -12"><span class='ocrx_word' id='word_1_110' title='bbox 176 2347 371 2393; x_wconf 84' lang='lat' dir='ltr'>jiciendum</span> <span class='ocrx_word' id='word_1_111' title='bbox 396 2347 530 2380; x_wconf 69' lang='lat' dir='ltr'>curavit</span> <span class='ocrx_word' id='word_1_112' title='bbox 559 2346 750 2379; x_wconf 81' lang='lat' dir='ltr'>Faruabius</span> <span class='ocrx_word' id='word_1_113' title='bbox 770 2359 778 2379; x_wconf 92' lang='lat'>:</span> <span class='ocrx_word' id='word_1_114' title='bbox 799 2345 854 2378; x_wconf 88' lang='lat' dir='ltr'>id-</span> 
     </span>
     <span class='ocr_line' id='line_1_26' title="bbox 180 2399 855 2446; baseline -0.004 -12"><span class='ocrx_word' id='word_1_115' title='bbox 180 2413 249 2446; x_wconf 86' lang='lat' dir='ltr'>que</span> <span class='ocrx_word' id='word_1_116' title='bbox 258 2413 329 2434; x_wconf 86' lang='lat' dir='ltr'>non</span> <span class='ocrx_word' id='word_1_117' title='bbox 344 2400 418 2433; x_wconf 81' lang='lat' dir='ltr'>sine</span> <span class='ocrx_word' id='word_1_118' title='bbox 431 2400 590 2444; x_wconf 74' lang='lat' dir='ltr'>exemplo</span> <span class='ocrx_word' id='word_1_119' title='bbox 605 2408 637 2432; x_wconf 82' lang='lat' dir='ltr'>et</span> <span class='ocrx_word' id='word_1_120' title='bbox 649 2399 855 2432; x_wconf 76' lang='lat' dir='ltr'>auctoritate</span> 
     </span>
     <span class='ocr_line' id='line_1_27' title="bbox 181 2452 853 2499; baseline -0.004 -13"><span class='ocrx_word' id='word_1_121' title='bbox 181 2453 311 2487; x_wconf 84' lang='lat' dir='ltr'>codicis</span> <span class='ocrx_word' id='word_1_122' title='bbox 324 2453 389 2486; x_wconf 85' lang='lat' dir='ltr'>Ms.</span> <span class='ocrx_word' id='word_1_123' title='bbox 410 2453 471 2499; x_wconf 82' lang='lat' dir='ltr'>qui</span> <span class='ocrx_word' id='word_1_124' title='bbox 489 2453 638 2486; x_wconf 88' lang='lat' dir='ltr'>habetur</span> <span class='ocrx_word' id='word_1_125' title='bbox 654 2452 800 2484; x_wconf 75' lang='lat' dir='ltr'>Oxoniae</span> <span class='ocrx_word' id='word_1_126' title='bbox 816 2452 853 2483; x_wconf 89' lang='lat' dir='ltr'>in</span> 
     </span>
     <span class='ocr_line' id='line_1_28' title="bbox 181 2504 854 2540; baseline -0.003 0"><span class='ocrx_word' id='word_1_127' title='bbox 181 2507 405 2540; x_wconf 84' lang='lat' dir='ltr'>celeberrima</span> <span class='ocrx_word' id='word_1_128' title='bbox 422 2506 634 2539; x_wconf 79' lang='lat' dir='ltr'>bibliotheca</span> <span class='ocrx_word' id='word_1_129' title='bbox 652 2504 854 2538; x_wconf 85' lang='lat' dir='ltr'>Bodleiana.</span> 
     </span>
     <span class='ocr_line' id='line_1_29' title="bbox 182 2559 854 2603; baseline -0.004 -10"><span class='ocrx_word' id='word_1_130' title='bbox 182 2560 254 2593; x_wconf 89' lang='lat' dir='ltr'>Ubi</span> <span class='ocrx_word' id='word_1_131' title='bbox 269 2560 374 2593; x_wconf 85' lang='lat' dir='ltr'>etiam</span> <span class='ocrx_word' id='word_1_132' title='bbox 394 2568 551 2593; x_wconf 80' lang='lat' dir='ltr'>extremo</span> <span class='ocrx_word' id='word_1_133' title='bbox 567 2559 644 2592; x_wconf 79' lang='lat' dir='ltr'>loco</span> <span class='ocrx_word' id='word_1_134' title='bbox 664 2567 741 2603; x_wconf 86' lang='lat' dir='ltr'>post</span> <span class='ocrx_word' id='word_1_135' title='bbox 761 2559 854 2603; x_wconf 85' lang='lat' dir='ltr'>Apo-</span> 
     </span>
     <span class='ocr_line' id='line_1_30' title="bbox 182 2612 856 2658; baseline -0.004 -13"><span class='ocrx_word' id='word_1_136' title='bbox 182 2612 329 2658; x_wconf 83' lang='lat' dir='ltr'>phoreta</span> <span class='ocrx_word' id='word_1_137' title='bbox 362 2612 565 2646; x_wconf 86' lang='lat' dir='ltr'>inscribitur</span> <span class='ocrx_word' id='word_1_138' title='bbox 594 2625 601 2645; x_wconf 89' lang='lat'>:</span> <span class='ocrx_word' id='word_1_139' title='bbox 627 2612 686 2644; x_wconf 74' lang='lat' dir='ltr'>Ad</span> <span class='ocrx_word' id='word_1_140' title='bbox 715 2612 789 2645; x_wconf 76' lang='lat' dir='ltr'>Cos.</span> <span class='ocrx_word' id='word_1_141' title='bbox 819 2612 856 2642; x_wconf 67' lang='lat' dir='ltr'>tle</span> 
     </span>
     <span class='ocr_line' id='line_1_31' title="bbox 183 2665 858 2711; baseline -0.007 -13"><span class='ocrx_word' id='word_1_142' title='bbox 183 2666 444 2711; x_wconf 71' lang='lat' dir='ltr'>Amphitheatro,</span> <span class='ocrx_word' id='word_1_143' title='bbox 473 2666 575 2698; x_wconf 65' lang='lat' dir='ltr'>,Marci</span> <span class='ocrx_word' id='word_1_144' title='bbox 598 2666 672 2697; x_wconf 56' lang='lat' dir='ltr'>sal.</span> <span class='ocrx_word' id='word_1_145' title='bbox 696 2665 858 2698; x_wconf 54' lang='lat' dir='ltr'>,llartialix</span> 
     </span>
    </p>
   </div>
   <div class='ocr_carea' id='block_1_14' title="bbox 257 2742 292 2781">
    <p class='ocr_par' dir='ltr' id='par_1_14' title="bbox 257 2742 292 2781">
     <span class='ocr_line' id='line_1_32' title="bbox 257 2742 292 2781; baseline -0.029 0"><span class='ocrx_word' id='word_1_146' title='bbox 257 2742 292 2781; x_wconf 88' lang='lat' dir='ltr'>l.</span> 
     </span>
    </p>
   </div>
   <div class='ocr_carea' id='block_1_15' title="bbox 909 1921 1593 2714">
    <p class='ocr_par' dir='ltr' id='par_1_15' title="bbox 909 1921 1593 2380">
     <span class='ocr_line' id='line_1_33' title="bbox 914 1921 1593 1969; baseline 0.019 -17"><span class='ocrx_word' id='word_1_147' title='bbox 914 1921 1030 1965; x_wconf 69' lang='lat' dir='ltr'>Epigr,</span> <span class='ocrx_word' id='word_1_148' title='bbox 1053 1922 1106 1955; x_wconf 85' lang='lat' dir='ltr'>lib.</span> <span class='ocrx_word' id='word_1_149' title='bbox 1130 1922 1265 1956; x_wconf 72' lang='lat' dir='ltr'>decimus</span> <span class='ocrx_word' id='word_1_150' title='bbox 1286 1927 1421 1969; x_wconf 76' lang='lat' dir='ltr'>quintus.</span> <span class='ocrx_word' id='word_1_151' title='bbox 1447 1929 1530 1964; x_wconf 84' lang='lat' dir='ltr'>Ant.</span> <span class='ocrx_word' id='word_1_152' title='bbox 1549 1931 1593 1965; x_wconf 88' lang='lat' dir='ltr'>de</span> 
     </span>
     <span class='ocr_line' id='line_1_34' title="bbox 912 1974 1591 2025; baseline 0.016 -19"><span class='ocrx_word' id='word_1_153' title='bbox 912 1975 1024 2021; x_wconf 73' lang='lat' dir='ltr'>Rooy.</span> <span class='ocrx_word' id='word_1_154' title='bbox 1044 1974 1187 2009; x_wconf 80' lang='lat' dir='ltr'>inscril).</span> <span class='ocrx_word' id='word_1_155' title='bbox 1208 1977 1410 2011; x_wconf 65' lang='lat' dir='ltr'>Dz‘versoram</span> <span class='ocrx_word' id='word_1_156' title='bbox 1427 1991 1591 2025; x_wconf 75' lang='lat' dir='ltr'>poetarum</span> 
     </span>
     <span class='ocr_line' id='line_1_35' title="bbox 912 2027 1588 2079; baseline 0.018 -21"><span class='ocrx_word' id='word_1_157' title='bbox 912 2027 1100 2072; x_wconf 72' lang='lat' dir='ltr'>Spectacula</span> <span class='ocrx_word' id='word_1_158' title='bbox 1114 2042 1127 2068; x_wconf 88' lang='grc'>,·</span> <span class='ocrx_word' id='word_1_159' title='bbox 1150 2030 1258 2063; x_wconf 87' lang='lat' dir='ltr'>unius</span> <span class='ocrx_word' id='word_1_160' title='bbox 1280 2031 1373 2064; x_wconf 85' lang='lat' dir='ltr'>enim</span> <span class='ocrx_word' id='word_1_161' title='bbox 1392 2033 1562 2070; x_wconf 82' lang='lat' dir='ltr'>Martialis</span> <span class='ocrx_word' id='word_1_162' title='bbox 1579 2065 1588 2079; x_wconf 94' lang='lat'>,</span> 
     </span>
     <span class='ocr_line' id='line_1_36' title="bbox 911 2081 1591 2127; baseline 0.016 -15"><span class='ocrx_word' id='word_1_163' title='bbox 911 2081 1046 2126; x_wconf 88' lang='lat' dir='ltr'>inquit,</span> <span class='ocrx_word' id='word_1_164' title='bbox 1068 2082 1162 2116; x_wconf 90' lang='lat' dir='ltr'>hunc</span> <span class='ocrx_word' id='word_1_165' title='bbox 1183 2083 1303 2116; x_wconf 82' lang='lat' dir='ltr'>foetum</span> <span class='ocrx_word' id='word_1_166' title='bbox 1321 2097 1393 2118; x_wconf 87' lang='lat' dir='ltr'>esse</span> <span class='ocrx_word' id='word_1_167' title='bbox 1405 2112 1414 2127; x_wconf 96' lang='lat'>,</span> <span class='ocrx_word' id='word_1_168' title='bbox 1431 2087 1526 2122; x_wconf 86' lang='lat' dir='ltr'>haud</span> <span class='ocrx_word' id='word_1_169' title='bbox 1543 2090 1591 2124; x_wconf 86' lang='lat' dir='ltr'>fa-</span> 
     </span>
     <span class='ocr_line' id='line_1_37' title="bbox 912 2133 1588 2179; baseline 0.016 -13"><span class='ocrx_word' id='word_1_170' title='bbox 912 2134 977 2166; x_wconf 81' lang='lat' dir='ltr'>cile</span> <span class='ocrx_word' id='word_1_171' title='bbox 993 2133 1147 2168; x_wconf 85' lang='lat' dir='ltr'>adducar</span> <span class='ocrx_word' id='word_1_172' title='bbox 1163 2145 1201 2169; x_wconf 89' lang='lat' dir='ltr'>ut</span> <span class='ocrx_word' id='word_1_173' title='bbox 1220 2136 1358 2170; x_wconf 83' lang='lat' dir='ltr'>credam</span> <span class='ocrx_word' id='word_1_174' title='bbox 1372 2165 1380 2179; x_wconf 90' lang='lat'>,</span> <span class='ocrx_word' id='word_1_175' title='bbox 1400 2148 1435 2172; x_wconf 87' lang='lat' dir='ltr'>et</span> <span class='ocrx_word' id='word_1_176' title='bbox 1451 2154 1588 2177; x_wconf 88' lang='lat' dir='ltr'>summo</span> 
     </span>
     <span class='ocr_line' id='line_1_38' title="bbox 909 2187 1588 2232; baseline 0.018 -14"><span class='ocrx_word' id='word_1_177' title='bbox 909 2189 992 2232; x_wconf 81' lang='lat' dir='ltr'>jure</span> <span class='ocrx_word' id='word_1_178' title='bbox 1031 2187 1167 2221; x_wconf 86' lang='lat' dir='ltr'>dudum</span> <span class='ocrx_word' id='word_1_179' title='bbox 1201 2188 1411 2224; x_wconf 84' lang='lat' dir='ltr'>dubitarunt</span> <span class='ocrx_word' id='word_1_180' title='bbox 1446 2195 1588 2231; x_wconf 83' lang='lat' dir='ltr'>eruditi.</span> 
     </span>
     <span class='ocr_line' id='line_1_39' title="bbox 911 2240 1590 2294; baseline 0.015 -22"><span class='ocrx_word' id='word_1_181' title='bbox 911 2240 1120 2275; x_wconf 86' lang='lat' dir='ltr'>Theodorus</span> <span class='ocrx_word' id='word_1_182' title='bbox 1149 2243 1329 2277; x_wconf 83' lang='lat' dir='ltr'>Marcilius</span> <span class='ocrx_word' id='word_1_183' title='bbox 1351 2256 1360 2278; x_wconf 88' lang='lat'>:</span> <span class='ocrx_word' id='word_1_184' title='bbox 1385 2247 1423 2278; x_wconf 76' lang='lat' dir='ltr'>ln</span> <span class='ocrx_word' id='word_1_185' title='bbox 1453 2248 1590 2294; x_wconf 64' lang='lat' dir='ltr'>Ampht-</span> 
     </span>
     <span class='ocr_line' id='line_1_40' title="bbox 913 2294 1589 2336; baseline 0.016 -11"><span class='ocrx_word' id='word_1_186' title='bbox 913 2294 1067 2327; x_wconf 77' lang='lat' dir='ltr'>theatrum</span> <span class='ocrx_word' id='word_1_187' title='bbox 1087 2303 1118 2327; x_wconf 81' lang='lat' dir='ltr'>et</span> <span class='ocrx_word' id='word_1_188' title='bbox 1142 2296 1333 2330; x_wconf 67' lang='lat' dir='ltr'>I&#39;enationes</span> <span class='ocrx_word' id='word_1_189' title='bbox 1353 2297 1492 2333; x_wconf 70' lang='lat' dir='ltr'>CoesarI&#39;s</span> <span class='ocrx_word' id='word_1_190' title='bbox 1518 2303 1589 2336; x_wconf 87' lang='lat' dir='ltr'>Do-</span> 
     </span>
     <span class='ocr_line' id='line_1_41' title="bbox 911 2349 1045 2380; baseline 0.015 -2"><span class='ocrx_word' id='word_1_191' title='bbox 911 2349 1045 2380; x_wconf 79' lang='lat' dir='ltr'>mitiani.</span> 
     </span>
    </p>

    <p class='ocr_par' dir='ltr' id='par_1_16' title="bbox 914 2400 1589 2714">
     <span class='ocr_line' id='line_1_42' title="bbox 971 2400 1588 2454; baseline 0.019 -23"><span class='ocrx_word' id='word_1_192' title='bbox 971 2412 1001 2432; x_wconf 92' lang='lat'>1.</span> <span class='ocrx_word' id='word_1_193' title='bbox 1036 2400 1195 2433; x_wconf 77' lang='lat' dir='ltr'>Barbara.</span> <span class='ocrx_word' id='word_1_194' title='bbox 1227 2403 1377 2437; x_wconf 80' lang='lat' dir='ltr'>Barbara</span> <span class='ocrx_word' id='word_1_195' title='bbox 1410 2405 1588 2454; x_wconf 89' lang='lat' dir='ltr'>Memphis</span> 
     </span>
     <span class='ocr_line' id='line_1_43' title="bbox 914 2452 1589 2498; baseline 0.018 -14"><span class='ocrx_word' id='word_1_196' title='bbox 914 2453 1109 2498; x_wconf 77' lang='lat' dir='ltr'>appellatur</span> <span class='ocrx_word' id='word_1_197' title='bbox 1122 2452 1165 2486; x_wconf 83' lang='lat' dir='ltr'>ad</span> <span class='ocrx_word' id='word_1_198' title='bbox 1179 2454 1382 2489; x_wconf 82' lang='lat' dir='ltr'>Graecorum</span> <span class='ocrx_word' id='word_1_199' title='bbox 1394 2457 1589 2495; x_wconf 62' lang='lat' dir='ltr'>distinctio-</span> 
     </span>
     <span class='ocr_line' id='line_1_44' title="bbox 916 2506 1587 2551; baseline 0.019 -15"><span class='ocrx_word' id='word_1_200' title='bbox 916 2518 1021 2546; x_wconf 85' lang='lat' dir='ltr'>nem,</span> <span class='ocrx_word' id='word_1_201' title='bbox 1052 2506 1180 2551; x_wconf 86' lang='lat' dir='ltr'>quibus</span> <span class='ocrx_word' id='word_1_202' title='bbox 1209 2508 1267 2541; x_wconf 83' lang='lat' dir='ltr'>alii</span> <span class='ocrx_word' id='word_1_203' title='bbox 1296 2522 1417 2545; x_wconf 85' lang='lat' dir='ltr'>omnes</span> <span class='ocrx_word' id='word_1_204' title='bbox 1442 2514 1587 2549; x_wconf 82' lang='lat' dir='ltr'>Barbari</span> 
     </span>
     <span class='ocr_line' id='line_1_45' title="bbox 916 2557 1588 2608; baseline 0.018 -18"><span class='ocrx_word' id='word_1_205' title='bbox 916 2557 1001 2591; x_wconf 79' lang='lat' dir='ltr'>dicti</span> <span class='ocrx_word' id='word_1_206' title='bbox 1012 2572 1021 2599; x_wconf 87' lang='lat'>;</span> <span class='ocrx_word' id='word_1_207' title='bbox 1032 2559 1140 2593; x_wconf 86' lang='lat' dir='ltr'>immo</span> <span class='ocrx_word' id='word_1_208' title='bbox 1157 2573 1198 2593; x_wconf 83' lang='lat' dir='ltr'>ex</span> <span class='ocrx_word' id='word_1_209' title='bbox 1210 2562 1278 2595; x_wconf 87' lang='lat' dir='ltr'>suis</span> <span class='ocrx_word' id='word_1_210' title='bbox 1289 2564 1348 2608; x_wconf 88' lang='lat' dir='ltr'>qui</span> <span class='ocrx_word' id='word_1_211' title='bbox 1359 2577 1430 2598; x_wconf 88' lang='lat' dir='ltr'>non</span> <span class='ocrx_word' id='word_1_212' title='bbox 1443 2566 1588 2601; x_wconf 76' lang='lat' dir='ltr'>Hellada</span> 
     </span>
     <span class='ocr_line' id='line_1_46' title="bbox 916 2612 1588 2659; baseline 0.018 -16"><span class='ocrx_word' id='word_1_213' title='bbox 916 2612 1131 2655; x_wconf 79' lang='lat' dir='ltr'>incolebant,</span> <span class='ocrx_word' id='word_1_214' title='bbox 1150 2614 1255 2659; x_wconf 80' lang='lat' dir='ltr'>quive</span> <span class='ocrx_word' id='word_1_215' title='bbox 1269 2628 1341 2649; x_wconf 86' lang='lat' dir='ltr'>non</span> <span class='ocrx_word' id='word_1_216' title='bbox 1355 2630 1415 2650; x_wconf 84' lang='lat' dir='ltr'>ore</span> <span class='ocrx_word' id='word_1_217' title='bbox 1431 2621 1588 2654; x_wconf 86' lang='lat' dir='ltr'>rotundo</span> 
     </span>
     <span class='ocr_line' id='line_1_47' title="bbox 920 2665 1589 2714; baseline 0.016 -18"><span class='ocrx_word' id='word_1_218' title='bbox 920 2665 1070 2698; x_wconf 79' lang='lat' dir='ltr'>molliter</span> <span class='ocrx_word' id='word_1_219' title='bbox 1094 2675 1127 2700; x_wconf 88' lang='lat' dir='ltr'>et</span> <span class='ocrx_word' id='word_1_220' title='bbox 1149 2668 1250 2700; x_wconf 68' lang='lat' dir='ltr'>attice</span> <span class='ocrx_word' id='word_1_221' title='bbox 1272 2669 1515 2714; x_wconf 78' lang='lat' dir='ltr'>loquebantur.</span> <span class='ocrx_word' id='word_1_222' title='bbox 1540 2696 1589 2700; x_wconf 96' lang='lat'>—</span> 
     </span>
    </p>
   </div>
  </div>
 </body>
</html>
