2061 3288
464 213 1052 257 EPIGRAMMATUM
1090 213 1215 256 LIB.
1257 215 1290 255 I.

1522 213 1547 259 5
1556 214 1582 258 3

310 303 544 362 Festosque
574 299 715 356 lusus,
746 310 789 344 et
818 299 1033 345 licentiam
1062 300 1205 361 vulgi,

310 372 403 415 Cur
430 372 474 414 in
503 371 722 415 theatrum
742 405 752 425 ,
781 374 891 416 Cato
920 387 1095 427 severe,
1121 370 1306 415 venisti?

308 442 377 485 An
403 442 499 486 ideo
525 451 693 485 tantum
721 459 929 497 veneras,
956 451 1003 485 ut
1030 440 1200 486 exires?

170 580 187 600 a
205 568 449 602 meretricibus
467 577 562 602 veste
582 568 710 610 exutis,
726 569 761 602 in
780 569 844 601 ho-

168 633 289 654 norem
327 622 425 655 Accae
460 621 650 663 Tarratiae‚
680 622 765 655 olim
794 622 844 655 fa-

168 686 273 707 mosae
297 674 511 715 meretricis,
533 687 611 720 quae
641 683 759 721 postea
779 675 843 709 sub

169 726 242 760 deae
272 727 384 761 Florae
414 728 556 761 nomine
591 728 657 762 fuit
688 729 779 762 culta
811 736 845 761 et

168 788 378 814 consecrata.
406 780 488 815 Haec
516 782 690 827 populum
716 783 843 816 Roma-

904 581 988 602 num
1011 568 1162 601 moriens
1185 567 1359 601 haeredem
1385 567 1520 602 dixerat
1544 582 1583 603 ea

903 622 999 666 lege,
1018 630 1057 655 ut
1075 620 1177 655 editis
1197 620 1289 655 ludis
1310 634 1410 655 suum
1431 623 1582 656 natalem

905 674 996 708 diem
1008 674 1194 720 quotannis
1211 675 1414 709 celebraret.
1426 674 1582 709 Vidend.

906 728 1016 774 epigr.
1037 740 1142 761 xxxw
1163 728 1265 762 infra.

962 794 994 815 α.
1012 781 1168 827 Fessaque
1183 781 1268 814 lusus
1280 782 1380 815 Junt.
1397 794 1451 815 an.
1473 793 1485 814 1
1496 780 1514 814 5
1526 793 1538 813 1
1549 794 1565 814 α
1575 808 1582 814 .

829 912 912 966 ΙΙ.

660 1062 724 1090 An
764 1061 1064 1090 LECTOREM,
1080 1040 1098 1056 ⁴

378 1175 466 1217 ch
495 1183 560 1217 est
583 1190 711 1235 quem
745 1174 874 1236 legis,
901 1173 971 1217 ille
1001 1190 1127 1234 quem
1160 1175 1362 1234 requiris,

375 1245 487 1287 Toto
513 1254 644 1288 notus
670 1245 712 1288 in
740 1246 846 1289 orbe
871 1243 1085 1288 Martialis

375 1314 554 1375 Argutis
579 1316 939 1376 Epigrammaton
965 1313 1117 1358 libellis
1139 1332 1147 1357 :

379 1386 489 1438 Cui,
515 1385 652 1430 lector
682 1385 895 1439 studiose,
924 1385 1041 1446 quod
1068 1385 1220 1428 dedisti

380 1456 556 1499 Viventi
587 1456 743 1512 decus,
770 1466 898 1517 atque
926 1457 1153 1511 sentienti,

377 1526 482 1570 Rari
508 1536 608 1587 post
632 1528 797 1571 eineres
824 1527 986 1571 habent
1011 1529 1166 1571 Poetae.

221 1635 235 1650 ¹
253 1639 351 1674 Hanc
370 1641 469 1686 quasi
483 1641 722 1686 praefationem
738 1642 844 1675 fuisse

169 1693 296 1726 horum
304 1693 475 1726 librorum
489 1694 844 1736 collectioniaffixam,

169 1757 241 1778 non
269 1755 382 1779 autem
410 1747 500 1780 inter
528 1747 641 1792 prima
672 1748 843 1793 epigram-

170 1807 260 1832 mata
276 1811 294 1831 a
314 1799 474 1832 Martiale
492 1801 720 1845 compositam
732 1826 741 1842 ‚
761 1800 844 1833 inde

169 1860 284 1897 patet,
302 1851 395 1897 quod
413 1865 446 1885 se
460 1854 531 1897 jam
547 1860 620 1886 toto
639 1854 724 1886 orbe
742 1853 844 1886 inno·

170 1905 273 1938 tuisse
283 1903 378 1938 dicat
393 1905 682 1951 Epigrammaton
696 1907 819 1939 libellis
836 1918 844 1939 :

171 1956 270 2003 quod
300 1958 390 1991 infra
422 1959 540 1992 multis
571 1971 712 2004 quoque
741 1961 846 2005 jactat

170 2010 266 2043 locis.
279 2010 363 2044 Vid.
378 2011 439 2045 lib.
453 2012 496 2051 V,
514 2012 625 2058 epigr.
639 2024 720 2053 11111,
736 2022 769 2046 et
785 2013 843 2046 lib.

171 2064 224 2096 XI
238 2089 246 2103 ,
266 2064 374 2108 epigr.
395 2076 452 2098 111.
476 2064 577 2097 Adde
598 2066 701 2098 etiam
723 2065 820 2111 quod
835 2091 844 2107 ,

171 2124 210 2148 ut
226 2125 369 2161 apparet
384 2116 564 2151 evidenter
580 2130 620 2151 ex
635 2118 761 2152 ultimo
776 2119 846 2164 epi—

172 2177 362 2214 grammate
374 2169 455 2202 libri
467 2172 519 2212 II,
531 2179 564 2203 et
579 2183 619 2204 ex
630 2171 746 2216 primo
762 2172 844 2205 libri

171 2222 226 2254 III
240 2249 249 2263 ‚
270 2222 328 2255 hic
345 2223 434 2255 liber
461 2223 594 2269 primus
617 2237 689 2257 non
710 2225 845 2270 primus

172 2274 240 2308 fuit
258 2275 293 2307 in
305 2276 416 2308 lucem
434 2288 452 2307 a
463 2277 623 2309 Martiale
638 2276 751 2310 editus
763 2304 772 2319 ,
785 2277 845 2311 sed

173 2328 297 2361 fratres
312 2341 390 2361 suos
402 2354 410 2368 ,
429 2338 506 2374 post
525 2342 559 2362 se
579 2339 680 2363 natos
692 2356 700 2371 ‚
716 2339 752 2363 et
768 2339 846 2364 ante

175 2393 209 2414 se
228 2380 360 2422 editos,
381 2391 516 2415 secutus
538 2390 599 2415 est.
619 2384 688 2415 En.

231 2446 262 2467 Ι.
286 2435 384 2477 Quem
412 2437 554 2480 requiris.
583 2435 695 2476 Quem
710 2461 719 2476 ,
743 2437 847 2468 semel

174 2486 303 2520 lectum
315 2513 324 2528 ,
343 2487 472 2521 iterum
498 2488 623 2533 quaeris
641 2487 847 2533 legendum3

176 2539 246 2580 vel,
265 2553 367 2586 quem
388 2542 502 2586 legere
522 2554 656 2574 summe
673 2541 782 2586 cupis.

961 1656 993 1676 2.
1020 1642 1101 1674 Tota
1122 1648 1213 1674 notus
1229 1644 1261 1673 ιἰι
1276 1640 1351 1673 urbe
1369 1640 1477 1675 codex
1496 1642 1583 1675 Vos·

903 1695 1030 1728 sianus.

960 1748 992 1781 5.
1030 1748 1167 1780 Viventi.
1206 1745 1307 1780 Idem
1338 1747 1386 1780 ait
1422 1747 1481 1780 lib.
1508 1748 1582 1789 III,

904 1802 1013 1846 epigr.
1036 1813 1121 1841 xcv,
1142 1813 1174 1834 v.
1195 1801 1227 1833 8.

959 1856 991 1887 6.
1023 1855 1103 1886 Post
1130 1855 1257 1885 cineres.
1286 1853 1523 1900 BIetonymia,
1546 1853 1583 1886 id

905 1915 956 1940 est
971 1915 1051 1952 post
1073 1907 1210 1939 obitum
1227 1918 1234 1938 :
1255 1919 1334 1939 raro
1358 1908 1451 1939 enim
1471 1907 1583 1939 excel-

904 1960 1013 1993 lentes
1026 1960 1092 1992 viri
1108 1958 1312 1997 laudantur,
1333 1958 1418 1992 dum
1432 1959 1578 1993 vivunt:

904 2013 1074 2046 rationem
1090 2011 1206 2046 reddit
1219 2012 1342 2045 Horat.
1362 2020 1374 2032 ⁶¹
1395 2013 1475 2045 Urit
1487 2012 1582 2046 enim

905 2066 1040 2111 fulgore
1072 2078 1153 2100 suo,
1180 2066 1240 2110 qui
1269 2073 1461 2110 praegravat
1493 2073 1582 2098 artes

905 2120 1001 2152 Infra
1017 2131 1051 2151 se
1068 2118 1195 2164 positas
1213 2130 1221 2151 :
1241 2118 1428 2152 exstinctus
1452 2118 1581 2151 amabi-

905 2180 961 2205 tur
989 2171 1094 2205 idem.
1119 2190 1132 2201 n
1161 2170 1249 2205 Vide
1266 2172 1325 2204 lib.
1351 2172 1397 2212 V,
1415 2172 1526 2216 epigr.
1547 2184 1578 2203 x.

905 2246 958 2252 —
981 2225 1036 2258 Sic
1068 2237 1211 2270 quoque
1242 2224 1346 2257 Ovid.
1381 2223 1424 2257 de
1450 2225 1582 2264 Pont03

907 2293 919 2305 α
946 2278 1104 2311 Pascitur
1125 2278 1160 2310 in
1181 2278 1269 2310 vivis
1286 2278 1394 2316 livor,
1419 2285 1496 2322 post
1513 2277 1581 2310 fata

906 2331 1051 2375 quiescit
1064 2343 1072 2371 ;
1084 2332 1175 2363 Tum
1185 2344 1265 2363 suus
1278 2343 1315 2362 ex
1329 2331 1453 2363 merito
1465 2343 1584 2375 quem-

906 2396 972 2429 que
987 2392 1105 2416 tuetur
1122 2383 1245 2416 honor.
1262 2400 1274 2412 »
1291 2382 1464 2416 Videatur
1480 2383 1581 2415 etiam

909 2436 1036 2469 Seneca
1061 2435 1104 2468 de
1126 2436 1245 2469 Benef.
1268 2436 1326 2469 lib.
1345 2437 1416 2474 VI,
1438 2449 1511 2482 cap.
1537 2438 1556 2470 8
1574 2461 1581 2475 ‚

910 2497 944 2521 et
960 2489 1095 2522 Plinius
1111 2490 1184 2534 jun.
1208 2488 1251 2521 de
1273 2489 1440 2534 operibus
1462 2489 1583 2535 Popeii

913 2541 1076 2575 Satin-nii.
