2061 3288
475 220 570 273 140

845 222 907 265 M.
933 222 1073 265 VAL.
1113 224 1507 267 MARTIALIS

609 306 694 351 Sed
721 306 882 352 fodiam
908 309 1066 370 digito,
1089 311 1162 371 qui
1183 321 1400 372 superest,
1427 309 1617 356 oculum.

534 378 628 423 Nec
653 395 723 423 me.
747 378 1020 441 zelotypum⁷
1042 398 1122 425 nec
1145 381 1302 425 dixeris
1325 398 1417 426 esse
1437 381 1689 442 malignum.

606 450 806 511 Denique
831 450 1017 511 paedica,
1038 453 1335 509 Mamuriune,
1360 462 1490 496 satur.

465 589 572 623 Scriv.
584 597 649 622 etc.
659 611 709 616 —
718 589 784 624 Sed
793 617 802 630 ,
816 598 882 624 etc.
897 590 1070 624 Consueta
1083 603 1138 624 res

465 642 548 675 olim
557 668 566 683 ‚
581 642 618 674 in
635 642 704 683 ira,
716 643 753 676 in
765 643 843 677 rixa
853 668 863 684 ‚
875 643 984 689 digito
995 644 1140 677 oculum

464 707 597 728 eruere.
605 716 658 721 —-
667 696 732 740 Qui
740 705 878 741 superest
885 724 894 737 ‚
910 705 977 730 etc.
987 697 1140 730 Luscum

463 748 580 781 innuit
615 748 876 783 Mamurianum
898 763 907 791 ;
943 749 1035 784 ludit
1077 763 1139 796 per

463 801 744 846 paronomasiam
772 802 809 835 in
835 803 950 836 verbis
975 804 1076 835 culum
1104 811 1139 837 et

461 855 596 888 oculum.
617 853 710 888 Vide
736 855 799 889 lib.
817 856 888 897 III,
910 855 1020 902 epigr.
1042 867 1135 890 xc11:

1198 591 1258 624 illa
1291 590 1448 624 minandi
1486 591 1635 624 formula
1654 616 1663 631 ,
1699 606 1713 620 ι
1743 589 1873 623 Oculos

1198 644 1263 678 tibi
1285 643 1470 686 effodiam,
1492 662 1506 674 »
1529 644 1651 677 Plauto
1672 643 1848 677 solemnis.

1257 701 1315 738 14.
1335 697 1497 742 Denique,
1518 706 1585 730 etc.
1602 697 1682 730 Non
1701 708 1789 741 aegre
1805 696 1875 728 fer-

1197 762 1286 784 rem.
1317 767 1331 780 u
1350 750 1458 795 Atqui
1488 750 1516 783 si
1550 749 1588 783 id
1619 750 1747 783 faceres
1782 757 1875 782 satur

1197 810 1351 844 tantum,
1370 820 1384 832 »
1403 803 1644 836 Catull.carm.
1659 803 1762 843 XXI,
1779 800 1874 834 unde

1198 855 1424 901 desumptum
1431 855 1569 890 videtur
1576 856 1643 889 hoc
1652 856 1872 901 epigramma.

1056 990 1286 1048 XCIV.

789 1131 858 1165 DE
896 1136 1106 1174 AQUINo
1145 1137 1206 1165 ET
1244 1115 1540 1166 FABRICIO.'‘

530 1262 753 1305 FABRICIO
775 1260 952 1321 junctus
978 1259 1067 1304 fido
1096 1260 1329 1320 requiescit
1349 1260 1569 1320 Aquinus,

601 1332 691 1388 Qui
717 1332 838 1392 prior
858 1330 1025 1391 Elysias
1049 1330 1210 1391 gaudet
1233 1330 1371 1375 adisse
1393 1326 1558 1374 domos.

529 1404 617 1446 Ara
643 1401 803 1463 duplex
824 1403 953 1463 primi
977 1411 1160 1445 testatur
1183 1417 1365 1445 munera
1388 1399 1461 1461 pili
1484 1417 1493 1442 ε

512 1538 526 1551 ¹
553 1542 733 1588 Aquinum
761 1551 796 1575 et
824 1541 1046 1583 Fabricium,
1070 1553 1134 1574 no-

460 1594 529 1628 bile
542 1607 605 1640 par
617 1595 809 1628 amicorum
819 1621 828 1637 ,
840 1594 884 1628 de
899 1594 1027 1640 quibus
1042 1593 1135 1639 apud

460 1648 651 1693 Polybium
682 1656 732 1681 est
763 1648 896 1681 mentio
916 1673 925 1689 ‚
958 1647 1136 1692 dignitatis

459 1713 524 1746 per
544 1700 674 1742 vitam,
692 1701 868 1747 sepulchri
885 1709 966 1745 post
988 1709 1136 1733 mortem

459 1755 638 1787 communi
655 1754 831 1788 consortio
846 1752 1034 1799 gaudentes
1044 1779 1052 1795 ‚
1066 1753 1137 1786 lau-

459 1806 518 1840 ‹lat
534 1807 715 1841 Martialis.
735 1809 802 1841 ΕΒ.

511 1860 628 1893 -Sic
642 1860 769 1893 lemma
790 1858 1033 1906 reponendum
1053 1871 1135 1893 cen-

458 1921 509 1946 set
529 1914 763 1955 Ramiresius;
795 1913 832 1946 in
855 1913 1032 1959 plerisque
1060 1921 1134 1946 tan-

459 1974 533 1998 tum
551 1975 601 2000 est
613 1968 665 1999 De
677 1968 819 2013 Aquino.

514 2031 543 2053 1.
566 2020 712 2054 szctus.
733 2020 776 2052 In
798 2019 916 2053 vicino
934 2019 989 2052 vel
1012 2017 1136 2052 eodem

458 2073 595 2106 tumulo
613 2072 785 2106 conditus.
941 2115 947 2119 ·

514 2139 547 2159 2.
569 2126 635 2170 Qui
645 2129 737 2171 prior
749 2126 882 2168 Elysias
900 2125 1021 2169 gaudet
1036 2125 1136 2157 abisse

458 2176 539 2211 edd.
565 2179 747 2224 antiquiss.
776 2191 857 2212 cum
879 2176 957 2211 Ald.
980 2179 1081 2211 Junt.
1103 2186 1136 2211 et

459 2231 574 2264 Colin.
589 2244 692 2277 quam
708 2232 896 2265 lectionem
914 2239 1027 2264 servat
1043 2231 1136 2264 Scri-

456 2284 585 2317 verius.
611 2307 663 2311 —
694 2285 832 2319 Gaudet.
864 2283 988 2317 Amico
1016 2296 1136 2328 super-

457 2337 534 2370 stite
549 2338 667 2378 laetus3
685 2338 732 2372 sic
748 2351 852 2383 supra
863 2364 872 2380 ‚
887 2337 976 2382 epig.
992 2349 1114 2370 xxxvu
1127 2363 1136 2377 ‚

458 2401 490 2421 v.
509 2394 529 2429 4
546 2402 554 2422 :
576 2408 589 2420 «
609 2390 714 2432 Quod
732 2404 797 2436 pro
811 2392 918 2424 fratre
930 2390 1021 2423 mori
1034 2390 1136 2424 vellet

459 2450 606 2488 uterque
627 2444 738 2489 prior.
761 2462 773 2474 »ι
795 2445 863 2477 En.

513 2495 546 2528 3.
569 2496 642 2528 Ara
669 2497 795 2542 duplex.
820 2496 994 2541 Primipili
1020 2505 1135 2529 custo-

458 2546 518 2579 des
549 2557 646 2582 crant
679 2550 839 2583 militaris
869 2550 1009 2590 vexilli;
1037 2549 1136 2594 quod

457 2599 546 2632 nihil
575 2601 669 2635 aliud
692 2611 764 2636 erat
785 2616 889 2648 quam
917 2603 1012 2636 arula
1035 2603 1134 2635 inau-

457 2661 529 2685 rata
544 2654 706 2699 imposita
718 2668 860 2689 summae
871 2656 1030 2701 perticae,
1046 2655 1134 2689 infra

1195 1553 1299 1586 quam
1312 1553 1405 1574 aram
1424 1541 1537 1585 imago
1554 1541 1779 1586 Imperatoris
1792 1553 1875 1585 pen-

1195 1593 1324 1628 debat:
1343 1607 1448 1640 supra
1471 1603 1582 1627 autem
1604 1593 1727 1639 aquilae
1744 1593 1874 1638 effigies

1195 1647 1371 1680 visebatur
1384 1660 1449 1680 arae
1461 1647 1663 1688 imminens;
1682 1659 1763 1691 ergo
1776 1646 1875 1678 arula

1195 1699 1346 1745 duplex,
1365 1701 1421 1733 vel
1446 1700 1593 1733 excitata
1619 1712 1728 1745 prope
1754 1707 1872 1732 tumu-

1196 1753 1271 1785 lum
1284 1778 1293 1793 ,
1310 1754 1362 1787 vel
1381 1753 1554 1798 insculpta
1566 1753 1688 1799 cippo,
1703 1752 1873 1784 emblema

1196 1814 1270 1839 erat
1288 1819 1411 1839 eorum
1430 1805 1751 1851 diguitatis.-——Alii
1770 1804 1873 1837 intel-

1194 1859 1305 1904 ligunt
1327 1872 1400 1892 aras
1414 1884 1423 1900 ‚
1443 1869 1482 1893 ut
1500 1872 1576 1892 mos
1597 1867 1669 1891 erat
1688 1858 1872 1897 Romanis,

1195 1913 1357 1945 excitatas
1392 1913 1495 1945 fuisse
1527 1923 1638 1957 prope
1671 1910 1871 1949 tumulum,

1195 1966 1323 2010 quibus
1352 1974 1424 1998 erat
1452 1965 1660 2010 inscriptum
1686 1976 1743 1996 eos
1768 1963 1873 1996 fuisse

1194 2018 1405 2063 primipiIOS.
1435 2038 1488 2044 ——
1516 2018 1617 2050 Primi
1650 2029 1777 2049 munera
1799 2016 1871 2060 pili.

1194 2071 1311 2103 Pilum
1345 2079 1418 2104 erat
1447 2071 1543 2104 hasta
1572 2070 1736 2110 brevior,
1764 2069 1874 2102 telum

1195 2124 1362 2156 Romanis
1391 2123 1570 2157 usitatum.
1592 2144 1644 2149 —
1671 2124 1776 2155 Primi
1799 2122 1870 2166 pili.

1194 2177 1398 2221 Priinipilus
1435 2185 1508 2210 erat
1547 2176 1706 2209 centurio
1739 2175 1874 2220 primus

1194 2230 1286 2263 inter
1294 2229 1415 2263 decem
1427 2230 1649 2262 centuriones
1659 2228 1872 2261 triariorum.

1197 2281 1420 2316 Obediebant
1433 2283 1484 2315 illi
1495 2282 1670 2327 sexaginta
1687 2280 1851 2314 centuriae
1863 2305 1873 2321 ‚

1195 2334 1231 2368 id
1244 2344 1304 2374 est,
1319 2336 1488 2380 totalegio
1499 2347 1506 2368 :
1519 2336 1664 2379 Dionys.
1674 2335 1740 2374 IX;
1752 2333 1874 2378 aquilae

1195 2397 1353 2434 praeerat.
1377 2389 1488 2434 Hujus
1516 2388 1697 2433 potestatis
1721 2399 1758 2418 ea
1783 2386 1873 2418 ratio

1195 2442 1262 2475 fuit
1280 2468 1288 2483 ,
1315 2441 1395 2487 quia
1418 2454 1527 2487 quum
1545 2448 1658 2473 essent
1683 2440 1717 2471 in
1736 2438 1873 2483 legione

1196 2495 1261 2528 tria
1280 2495 1433 2527 militum
1455 2506 1596 2539 genera,
1621 2492 1719 2525 (lenis
1736 2492 1871 2536 singula

1195 2548 1462 2581 centurionibus
1492 2547 1668 2585 instituta,
1702 2545 1834 2576 Ilm-tati
1860 2571 1868 2583 ,

1195 2602 1357 2646 Principes
1373 2628 1382 2641 ‚
1418 2601 1558 2639 Triarii,
1582 2607 1617 2631 et
1641 2597 1772 2631 caeteris
1794 2609 1871 2629 om-

1195 2654 1298 2687 nibus
1314 2653 1462 2693 Triarii,
1484 2659 1580 2685 aetate
1596 2678 1604 2691 ‚
1620 2664 1684 2685 usu
1699 2677 1705 2689 ‚
1731 2650 1869 2684 lortitu-
