2061 3288
446 210 545 257 266

816 214 878 256 M.
900 215 1048 257 VAL.
1090 214 1488 258 MARTIALIS

512 300 581 356 Si,
602 300 761 361 quibus
790 301 834 344 in
861 303 1013 357 terris,
1037 317 1122 362 qua
1148 302 1282 346 simus
1304 303 1348 345 in
1374 302 1505 356 urbe,
1531 301 1728 362 rogabit,

584 370 761 414 Corneli
787 371 949 416 referas
973 389 1044 416 me
1073 371 1174 416 licet
1200 389 1292 417 esse
1322 372 1430 417 foro.

513 442 606 486 Cur
630 442 790 497 absim,
809 452 975 503 quaeret
998 459 1006 485 :
1039 443 1230 487 breviter
1256 453 1326 498 tn,
1350 443 1510 500 multa,
1538 443 1698 499 fatere,
1847 462 1860 486 5

582 512 685 557 Non
714 522 888 574 poterat
911 529 1035 558 vanae
1061 514 1189 558 taedia
1214 514 1328 558 ferre
1354 523 1478 576 togae.

514 583 582 640 Si,
603 583 778 644 quando
804 583 979 628 veniet?
1001 584 1117 628 dicet
1138 602 1146 628 ε
1172 584 1411 645 responde,
1433 587 1568 628 Poeta

582 655 778 709 Exierat3
804 656 973 710 veniet,
997 672 1131 716 quum
1159 655 1425 700 citharoedus
1453 656 1548 699 erit.

440 794 562 828 venire
585 794 628 828 ab
654 806 695 828 eo
718 802 831 828 tractu
850 795 960 829 Italiae
984 795 1046 841 qui
1072 803 1122 828 est

438 847 533 880 circa
552 847 644 880 viam
667 847 855 881 AEmiliam.
881 848 930 882 Ea
962 856 1012 882 est
1039 860 1121 893 pars

441 913 566 946 magna
598 900 855 946 Longobardiae
884 901 931 935 cis
962 899 1097 934 Padum
1113 927 1122 941 ‚

440 961 477 987 et
501 954 713 987 Itomandiola
748 967 844 988 nunc
878 953 1029 995 dicitur;
1058 967 1123 987 no·-

441 1019 522 1040 men
549 1007 601 1040 illi
631 1008 675 1041 ab
708 1008 853 1041 AEmilio
883 1008 1027 1041 consule
1063 1007 1123 1053 qui

443 1073 519 1093 eam
535 1072 629 1093 vlam
649 1068 828 1094 straverat.

498 1114 530 1148 3.
561 1114 771 1148 Beverlandi
805 1113 880 1147 MS.
911 1121 946 1147 et
975 1114 1124 1148 Juntina

442 1175 561 1200 nostra
580 1166 616 1200 in
635 1179 743 1213 marg.
765 1170 899 1213 rogarit.
917 1189 970 1194 —
996 1168 1125 1202 Corneli

434 1221 526 1263 foro.
545 1220 607 1253 Est
631 1221 715 1254 urbs
734 1234 753 1255 a
769 1221 864 1267 Sylla
885 1220 980 1254 dicta
997 1247 1007 1263 ‚
1026 1233 1123 1255 nunc

444 1274 574 1313 Imola;
599 1272 682 1307 vide
707 1287 802 1320 supr.
823 1273 935 1320 epigr.
962 1287 992 1308 11
1006 1300 1014 1316 ‚
1029 1287 1061 1308 v.
1089 1288 1121 1307 2.

441 1325 498 1360 Ad
515 1327 607 1360 hanc
628 1327 685 1360 via
703 1326 853 1361 ducebat
870 1327 1023 1361 AEmilia.

499 1379 532 1413 5.
562 1380 629 1414 Cur
655 1380 776 1421 absim,
803 1390 940 1427 qureret,
965 1381 1123 1413 breuiter:

442 1441 498 1473 tu,
521 1441 585 1467 etc.
609 1433 687 1467 Ald.
715 1435 816 1468 Junt.
844 1434 960 1468 Colin.
983 1434 1122 1479 Gryph.

443 1486 530 1520 aliae.
555 1486 622 1519 Cur·
640 1487 738 1520 absim
757 1496 876 1533 quaeret
888 1501 899 1520 .·
920 1488 1052 1520 breviter
1069 1495 1119 1520 tu.

441 1547 508 1573 etc.
529 1539 673 1573 Modius
693 1549 728 1573 et
748 1540 914 1573 Ramires.
941 1540 1008 1574 Cur
1026 1541 1122 1572 absim

442 1602 579 1640 quaeret,
599 1593 731 1627 breviter
744 1601 777 1626 tu
789 1620 798 1633 ‚
815 1601 880 1627 etc.
892 1593 1122 1627 Musambert.

442 1647 526 1680 Ant.
541 1646 580 1679 de
596 1647 689 1692 Rooy
703 1659 769 1693 pro
785 1654 819 1680 tu
835 1645 1026 1692 legendum
1042 1658 1123 1679 cen·

443 1707 497 1732 set
513 1708 575 1732 tam
593 1713 605 1739 ‚·
622 1708 686 1732 tam
702 1700 801 1732 multa
816 1712 883 1746 pro
903 1708 949 1732 tot
960 1726 968 1741 ‚
988 1708 1028 1733 ut
1041 1699 1122 1732 infr.

443 1752 504 1786 lib.
520 1753 609 1795 VII,
623 1753 734 1798 epigr.
751 1765 833 1787 xmx
851 1765 859 1787 :
885 1771 899 1783 α
917 1753 1004 1786 Tam
1023 1752 1124 1786 multi

441 1806 591 1851 pariter,
606 1814 672 1841 etc.
691 1823 703 1836 n
728 1806 833 1840 Forte
851 1806 935 1839 olim
950 1806 1125 1852 scriptum

442 1859 510 1893 fuit
541 1859 576 1891 ῑῖι
597 1860 706 1893 multa.
737 1860 835 1894 Hanc
861 1868 977 1893 autem
1005 1859 1124 1904 virgu-

443 1912 512 1945 lam
527 1938 536 1954 ‚
554 1913 633 1946 loco
654 1913 763 1946 literae
784 1927 811 1945 m
827 1913 956 1959 pictam
969 1939 978 1954 ,
996 1925 1124 1958 prope-

443 1966 674 2012 rantibusque
690 1966 815 2000 scribis
831 1967 1024 2012 neglectam
1039 1992 1048 2007 ,
1070 1966 1125 1998 in-

444 2019 567 2053 finitos
603 2029 787 2053 auctorum
820 2020 916 2053 locos
952 2031 1124 2064 conspur-

444 2085 555 2115 casse,
579 2081 706 2106 notum
734 2081 798 2107 est.
830 2072 925 2105 Vide
946 2075 1123 2119 ’Arntzen.

445 2125 596 2171 Specim.
611 2126 712 2159 Obss.
728 2138 802 2172 cap.
823 2137 836 2158 1
847 2130 863 2159 3
878 2151 886 2164 ,
907 2125 969 2158 ubi
988 2125 1125 2171 egregie

443 2180 627 2225 complura
650 2180 821 2212 Veterum
852 2179 928 2212 loca
958 2178 1123 2212 restituit.

443 2231 511 2265 Adi
527 2242 560 2265 et
577 2230 732 2278 ejusdem
752 2232 919 2265 Patruum
936 2231 979 2265 ad
996 2232 1122 2265 Caton.

444 2286 564 2319 Dist.1
580 2311 588 2326 ,
618 2298 675 2319 12.
699 2286 744 2319 Et
773 2285 832 2319 hie
859 2293 956 2318 tanto
987 2285 1124 2317 facilior

444 2338 509 2371 fuit
526 2339 664 2385 lapsus,
687 2339 768 2384 quia
789 2352 856 2372 vox
879 2350 1024 2384 sequens
1046 2350 1061 2370 a
1082 2337 1123 2369 li-

445 2400 517 2424 tera
529 2405 557 2424 m
571 2392 734 2438 incipiat3
753 2406 771 2424 a
787 2401 903 2425 autem
917 2400 949 2424 et
967 2405 985 2424 ιι
999 2390 1124 2436 saepius

444 2444 550 2478 fuisse
561 2453 755 2490 permutata
764 2471 772 2485 ‚
785 2444 919 2478 dudum
928 2458 983 2477 vv.
995 2442 1054 2477 dd.
1065 2444 1125 2477 ob-

446 2506 633 2531 servatum.
645 2519 696 2524 —
710 2499 856 2531 Breviter
868 2506 901 2531 tu
914 2526 922 2539 ,
943 2498 1126 2541 multa‚sa-

448 2559 519 2584 tere.
541 2550 576 2583 Si
593 2550 687 2584 hunc
703 2552 821 2585 locum
839 2551 888 2585 sic
910 2550 1126 2597 interpungi·

447 2616 523 2637 mus
533 2629 542 2645 ,
559 2603 648 2637 ordo
662 2613 727 2637 cst:
741 2604 894 2638 breviter
907 2604 1032 2637 fatere:
1050 2616 1122 2637 non

449 2666 583 2704 poterat
595 2658 683 2691 ferre
695 2658 792 2691 multa
806 2657 904 2692 taedia
915 2670 1012 2691 vanae
1026 2666 1123 2702 togae.

1184 794 1246 828 Sin
1272 803 1388 828 autem
1409 794 1495 828 duas
1517 794 1668 840 virgulas
1687 794 1863 837 tollimus,

1182 848 1415 894 intelligemus
1435 860 1443 881 :
1461 848 1627 881 brevibus
1647 848 1762 881 verbis
1784 848 1864 880 mul-

1185 910 1232 933 tas
1250 901 1482 947 complectere
1500 913 1616 934 causas
1632 913 1716 935 meae
1738 902 1861 934 ahsen-

1185 954 1263 995 tiae3
1291 955 1422 988 scilicet
1450 954 1551 988 taedia
1583 954 1697 987 omnis
1729 954 1864 1000 generis

1183 1020 1261 1054 quae
1284 1008 1371 1041 mihi
1394 1008 1429 1040 in
1450 1008 1548 1041 Urbe
1570 1015 1651 1041 sunt
1671 1005 1863 1040 toleranda.

1240 1063 1273 1094 6.
1304 1061 1409 1094 Vanoe
1435 1061 1531 1093 taedia
1550 1061 1639 1103 ferre
1671 1069 1766 1106 togae.
1797 1060 1865 1094 Hic

1183 1114 1340 1160 intellige
1353 1115 1473 1148 omnia
1492 1113 1594 1147 taedia
1607 1126 1684 1160 quae
1698 1126 1739 1147 ex
1755 1113 1864 1146 clien-

1185 1168 1351 1202 telaribus
1359 1167 1496 1208 officiis,
1504 1166 1598 1200 unde
1611 1167 1742 1200 multus
1753 1166 1864 1208 labor,

1184 1233 1249 1254 nec
1262 1220 1455 1267 quidquam
1476 1219 1724 1261 emolumenti,
1743 1231 1865 1265 super·

1184 1275 1334 1308 veniunt
1361 1274 1533 1315 Martiali3
1556 1274 1612 1307 vel
1644 1273 1740 1306 taedia
1767 1285 1866 1306 sume

1184 1339 1250 1373 pro
1274 1328 1413 1370 fastidia
1428 1341 1441 1368 ;
1469 1335 1503 1360 et
1528 1326 1683 1371 intellige
1707 1334 1864 1360 contem-

1183 1389 1284 1426 ptum
1306 1381 1525 1414 literatorum
1550 1388 1585 1413 et
1612 1378 1836 1412 eruditorum
1854 1403 1863 1420 ‚

1184 1446 1271 1479 quos
1290 1433 1473 1467 fastidiunt
1488 1432 1637 1466 Romani
1653 1431 1772 1477 togati.
1794 1432 1862 1464 En.

1239 1499 1273 1530 7.
1288 1487 1426 1531 Quando
1438 1489 1527 1519 *venit
1540 1513 1549 1526 ,
1569 1486 1653 1518 dicet
1664 1512 1672 1526 ‚
1691 1493 1724 1517 ττι
1737 1497 1865 1530 respon-

1184 1539 1256 1572 deto
1285 1540 1321 1572 in
1349 1539 1430 1573 Ald.
1459 1540 1559 1573 Junt.
1583 1539 1701 1573 Colin.
1730 1546 1765 1571 et
1789 1537 1865 1570 aliis

1183 1600 1268 1626 vett.
1283 1600 1318 1626 et
1331 1593 1380 1626 sic
1395 1591 1499 1627 codd.
1511 1591 1674 1633 Gruteri,
1689 1591 1865 1636 probante

1185 1645 1380 1679 Grouovio.
1404 1647 1453 1679 Et
1473 1645 1599 1692 quando
1612 1646 1720 1677 veniet
1732 1670 1742 1685 ,
1760 1644 1864 1676 dicens

1185 1699 1335 1744 responde
1375 1699 1578 1732 membrana
1619 1699 1733 1743 Bong.
1771 1695 1865 1730 Vide

1184 1764 1256 1785 var.
1277 1761 1351 1786 not.
1374 1773 1428 1779 —-
1444 1751 1620 1797 Responde.
1641 1751 1775 1784 Ultima
1794 1749 1864 1796 syl-

1183 1804 1261 1838 laba
1279 1805 1480 1852 imperativi
1497 1803 1595 1838 modi
1618 1802 1779 1837 secundae
1802 1802 1865 1836 de-

1184 1859 1383 1892 clinationis
1407 1866 1501 1893 amat
1517 1856 1697 1892 interdum
1713 1855 1865 1901 corripi,

1186 1920 1226 1944 ut
1255 1913 1353 1953 doce,
1376 1912 1470 1952 vide,
1492 1919 1556 1945 etc.
1575 1911 1656 1956 quia
1683 1909 1865 1943 dicebatur

1186 1965 1270 1998 olim
1299 1965 1471 2010 rea-pondo,
1504 1963 1664 2009 respondis
1678 1989 1686 2003 ,
1718 1971 1757 1995 ut
1770 1963 1864 2004 fervo

1178 2019 1292 2061 fiet-vis,
1305 2016 1458 2051 etc.Vid.
1471 2017 1594 2062 Scalig.
1607 2015 1648 2049 ad
1657 2015 1780 2049 Manil.
1790 2015 1863 2055 LV,

1185 2080 1306 2105 contra
1322 2083 1426 2116 quem
1444 2078 1560 2103 tamen
1581 2077 1698 2103 censet
1715 2068 1860 2102 Schrev.

1241 2126 1274 2157 8.
1306 2124 1411 2168 Quum
1423 2123 1626 2156 citharoedas.
1643 2123 1747 2156 Tunc
1770 2121 1864 2154 enim

1186 2177 1354 2222 temporis
1374 2178 1494 2209 Romae
1520 2176 1635 2221 pluris
1662 2175 1793 2208 fiebant
1814 2174 1863 2207 ci-

1183 2229 1354 2271 than-cedi,
1379 2241 1484 2274 quam
1506 2229 1622 2262 Poetae
1640 2240 1647 2261 ε
1670 2228 1718 2260 ita
1736 2229 1862 2260 Roma·

1184 2296 1313 2316 norum
1327 2295 1442 2316 mores
1455 2283 1567 2327 carpit
1579 2307 1588 2321 ,
1605 2281 1666 2314 lib.
1684 2281 1731 2321 V,
1750 2280 1860 2326 epigr.

1183 2349 1245 2371 LVI
1262 2351 1268 2369 z
1291 2355 1303 2367 ιι
1324 2338 1423 2369 Artes
1442 2334 1577 2369 discere
1600 2334 1676 2367 vult
1692 2333 1862 2379 pecunio-

1183 2389 1260 2424 sas?
1273 2390 1342 2423 Fac
1355 2388 1466 2422 discat
1479 2386 1695 2422 citharoedus
1705 2394 1765 2420 aut
1779 2386 1862 2419 cho-

1182 2444 1308 2477 raules.
1330 2459 1343 2472 »
1367 2442 1512 2476 Sueton.
1533 2441 1570 2474 in
1584 2442 1690 2485 Vesp.
1706 2451 1781 2483 cap.
1804 2450 1862 2482 19,

1183 2497 1360 2542 ingentem
1395 2493 1552 2541 pecuniae
1590 2493 1661 2526 vim
1697 2491 1862 2524 donatam

1184 2550 1328 2595 Terpno
1348 2547 1577 2592 Diodoroque
1598 2542 1797 2579 citharoedis
1819 2544 1863 2576 ab

1184 2601 1308 2636 eodem
1323 2601 1538 2648 Vespasiano
1553 2606 1712 2633 testatur.
1732 2597 1752 2630 J
1757 2609 1859 2631 uven.

1185 2664 1245 2689 sat.
1268 2656 1320 2688 HI
1337 2681 1346 2695 ‚
1364 2668 1394 2688 v.
1421 2668 1459 2687 21
1482 2661 1516 2686 et
1534 2653 1591 2692 64.
