2061 3288
422 234 517 280 362
802 237 866 279 M.
892 236 1032 281 VAL.
1072 239 1460 283 MARTIALIS

628 325 686 367 Et
710 326 848 384 garris
878 326 999 385 quasi
1025 327 1245 383 moechus,
1271 336 1314 370 et
1338 326 1517 370 fututor.

633 395 676 438 Si
699 403 741 438 te
765 395 1009 455 prendero,
1033 397 1221 459 Gargffi,
1246 397 1420 441 tacebis.

472 532 505 566 3.
534 532 570 566 Si
594 541 622 565 te
643 534 836 578 prehendero
858 561 865 575 ,
904 534 1037 580 Gar-gili
1059 535 1096 569 in
1157 558 1209 562 —
1223 536 1367 571 Tacebis.
1387 536 1586 570 Obturatur
1601 536 1699 569 enim
1718 549 1756 570 os
1771 540 1837 575 τοῖς

416 587 517 620 Junt.
538 598 630 619 anno
661 587 754 620 1512
771 610 781 627 ‚
808 597 842 621 et
865 588 982 622 Colin‚
1004 601 1096 622 anno
1155 593 1396 634 γλωσσοιοῦσιν.
1409 588 1507 622 Idem
1521 589 1676 623 minatur
1686 589 1836 634 Priapus

424 651 435 671 1
447 639 531 673 528.
555 639 704 686 Proprio
737 641 958 674 moechorum
984 643 1096 675 verbo
1156 643 1192 674 in
1206 642 1371 676 obscoeno
1391 643 1563 676 carmine:
1581 660 1594 672 u
1609 641 1838 676 Paedicaberis

418 692 549 731 utitur,
574 692 618 726 de
639 706 709 738 quo
729 707 832 739 supra
849 695 958 740 epigr.
974 696 1011 734 Ι,
1034 695 1094 728 35.
1158 695 1464 742 irrumaberisque.
1486 713 1499 725 u
1523 696 1675 730 Hamis-es.

989 828 1265 887 XCVII.

941 986 1013 1015 AD
1068 966 1315 1016 RUFUM.*

489 1112 526 1151 N
536 1127 556 1153 ιζ
586 1109 701 1170 legat
724 1111 843 1155 hunc
864 1111 1035 1156 Chione
1054 1148 1064 1168 ‚
1090 1112 1251 1156 mando
1275 1112 1378 1169 tibi,
1402 1112 1538 1168 Rufe,
1562 1110 1766 1155 libellum.

562 1182 767 1225 Carmine
792 1181 891 1226 laesa
919 1199 1018 1227 meo
1043 1193 1131 1240 cst3
1154 1182 1311 1228 laedere
1337 1192 1381 1227 et
1401 1182 1472 1227 illa
1493 1191 1652 1244 potest.

473 1317 486 1330 ³
510 1322 571 1355 Ad
598 1322 731 1366 Bassum
761 1323 943 1370 inscriptio
977 1332 1028 1358 est
1062 1324 1099 1357 in
1218 1323 1249 1358 1ss
1266 1325 1287 1358 J
1291 1333 1365 1358 unt.
1381 1324 1486 1358 habet
1501 1323 1612 1357 mendo
1633 1323 1711 1363 tiln',
1732 1323 1840 1365 Basse.

420 1374 500 1409 Ald.
518 1376 616 1409 Junt.
640 1385 674 1410 et
694 1376 808 1410 Colin.
1216 1390 1250 1411 2.
1271 1377 1352 1411 Ald.
1374 1378 1476 1411 Junt.
1502 1376 1619 1410 Coliu.
1643 1384 1677 1409 et
1701 1375 1840 1420 Gryph„

472 1450 524 1454 —
544 1429 667 1469 Quum
699 1430 735 1462 in
767 1430 836 1463 hoc
864 1430 956 1463 libro
977 1430 1099 1464 multis
1161 1430 1274 1463 laedere
1307 1439 1338 1463 et
1372 1433 1440 1475 ipsa
1466 1437 1581 1475 potest.
1604 1451 1656 1456 ——
1682 1428 1841 1462 Carmine.

420 1481 728 1526 epigrammatibus
739 1483 926 1516 insectatus
937 1492 987 1518 est
996 1483 1102 1516 Chio·
1160 1483 1263 1528 Supr,
1285 1496 1341 1528 ep.
1357 1495 1481 1524 xxxrv,
1498 1494 1638 1516 Lxxxlil
1652 1507 1660 1523 ‚
1681 1493 1842 1520 Lxxxvn,

420 1546 503 1566 nem
531 1535 759 1576 fellatricem‚
781 1535 925 1569 mandat
945 1537 1037 1569 Rufo
1056 1549 1101 1570 ne
1160 1537 1221 1569 ubi
1234 1537 1328 1570 illam
1345 1536 1532 1570 fellationis
1542 1536 1631 1569 vitio
1647 1541 1841 1568 notaverat.

421 1587 479 1619 illa
498 1587 592 1621 hunc
609 1588 740 1621 librum
758 1589 866 1634 legat,
886 1589 968 1635 quia
985 1598 1101 1635 potest
1160 1611 1211 1616 -—
1232 1590 1371 1622 Laedm.
1393 1588 1574 1622 Mordicus
1599 1588 1694 1621 onim
1722 1585 1843 1620 ulcisci

421 1640 494 1684 ipsa
513 1641 630 1674 ulcisci
653 1641 821 1676 denthus
836 1668 845 1684 ‚
868 1655 978 1688 quum
1004 1643 1099 1676 irru-
1160 1651 1287 1687 potest.
1301 1642 1384 1676 Vid.
1397 1643 1509 1688 epigr.
1526 1653 1631 1675 Lxxxx
1649 1654 1725 1687 sup.
1740 1652 1843 1674 versu

421 1702 545 1727 matur.
568 1695 724 1734 Ramirqts.
1162 1696 1299 1729 ultimo.

982 1829 1283 1887 XCVHL

906 1986 960 2013 JN
1007 1964 1359 2014 SABELLUM.*

634 2112 711 2154 Sn·
740 2109 862 2153 culus
893 2110 971 2153 tibi
1002 2126 1133 2171 quam
1164 2126 1331 2164 macer,
1360 2109 1570 2170 requiris?

634 2181 852 2225 Paedicare
880 2191 1025 2241 potes,
1051 2179 1243 2236 Sabelle,
1270 2179 1381 2224 culo.

477 2312 491 2328 *
511 2319 551 2351 [n
577 2318 646 2352 hoc
670 2319 920 2364 epigrammate
942 2331 1015 2352 non
1042 2331 1100 2352 va-
1219 2332 1250 2351 2.
1271 2318 1439 2351 Poedlcare
1454 2326 1554 2363 potes.
1579 2317 1654 2350 Prae
1675 2316 1783 2350 macie
1802 2317 1838 2350 in

423 2370 516 2404 riant
544 2372 779 2415 membranae,
811 2381 869 2408 aut
892 2373 974 2407 libri
1002 2381 1102 2418 typo·
1161 2380 1296 2405 tantum
1313 2371 1493 2417 prominet
1510 2369 1841 2416 orropygium.Mo-

425 2424 592 2470 graphici.
1162 2424 1208 2458 do
1228 2425 1337 2471 epigr.
1357 2437 1446 2460 xcux
1462 2450 1471 2467 ,
1488 2437 1536 2458 vs.
1567 2436 1580 2457 1
1594 2436 1627 2457 2.
