2061 3288
447 237 1029 283 EPIGRAMMATUM
1071 236 1201 279 LIB.
1243 235 1308 277 ll.

1492 232 1588 278 223

799 388 961 444 LIV.

720 546 773 574 IN
822 522 1046 574 [ΑΝΠΜῩι

386 673 514 729 QUID
541 671 594 715 ‹le
620 682 684 725 te,
707 673 838 726 Line,
866 671 1110 732 suspicetur
1135 686 1266 725 uxor,

385 745 442 787 Et
466 759 550 804 qua
577 753 701 804 parte
726 742 831 786 velit
855 742 1147 803 pudiciorem,

385 815 527 858 Certis
552 815 719 858 indiciis
746 814 849 858 satis
875 813 1101 874 probavit,

384 885 624 929 Custodem
652 885 731 929 tibi
756 901 852 946 quae
878 884 998 928 dedit
1023 884 1275 945 spadonem.

379 955 453 999 Nil
484 957 680 1000 nasutius
709 956 816 1012 hac,
839 954 1159 1017 maligniusque
1189 965 1265 999 est.

221 1090 234 1104 ³
250 1096 290 1127 In
304 1094 371 1127 hoc
385 1095 633 1141 epigrammate
649 1094 848 1128 exhibendo

167 1148 299 1181 nullam
334 1148 493 1181 lectionis
527 1149 729 1181 varietatem
765 1162 848 1194 pro-

169 1200 261 1234 dunt
289 1209 348 1234 aut
366 1202 446 1234 libri
466 1202 598 1235 calamo
625 1201 768 1248 scripti,
790 1210 849 1234 aut

168 1255 425 1299 typographici.

226 1319 257 1340 1.
280 1308 371 1351 Quid
383 1307 421 1339 de
441 1316 480 1341 te.
502 1307 636 1352 Lepide
656 1307 767 1353 carpit
786 1320 847 1353 pa-

168 1360 301 1393 thicum
314 1386 322 1401 ,
351 1361 408 1393 cui
439 1360 620 1394 custodem
654 1360 848 1406 spadonem

168 1412 267 1446 dedit
283 1426 392 1453 uxor,
413 1422 535 1447 nasuta
554 1423 588 1447 et
605 1415 755 1459 maligna
771 1427 849 1446 mu-

169 1465 247 1505 lier,
265 1479 310 1499 ne
329 1468 372 1500 ab
386 1479 428 1500 eo
446 1466 678 1512 paedicaretur
688 1467 846 1500 maritus.

909 1095 988 1127 Lib.
1018 1095 1069 1135 X,
1101 1094 1210 1140 epigr.
1241 1107 1323 1128 LXIX
1345 1108 1351 1127 ε
1382 1111 1395 1124 «
1417 1094 1593 1129 Custodes

908 1147 968 1181 das
980 1173 989 1189 ‚
1012 1148 1128 1190 Polla,
1144 1149 1221 1181 viro
1238 1173 1248 1187 ,
1268 1160 1333 1181 nec
1349 1148 1476 1193 accipis
1494 1148 1590 1193 ipsa;

908 1201 984 1234 Hoc
1001 1209 1052 1234 est
1070 1214 1217 1235 uxorem
1231 1200 1361 1235 ducere
1377 1228 1386 1243 ‚
1402 1202 1498 1234 Polla
1513 1228 1521 1242 ‚
1541 1202 1590 1235 vi-

908 1268 999 1288 rum.
1015 1272 1027 1284 »
1046 1255 1131 1288 Erat
1148 1255 1241 1287 enim
1257 1268 1375 1288 rarum
1388 1281 1396 1295 ‚
1410 1263 1443 1287 et
1464 1254 1592 1288 ridicu-

907 1308 979 1340 lum
1000 1307 1112 1341 videri
1130 1318 1266 1354 poterat
1286 1309 1363 1341 viro
1383 1307 1459 1341 dari
1478 1317 1590 1341 custo-

908 1360 988 1393 dem
1017 1362 1060 1394 ab
1082 1374 1213 1403 uxore,
1235 1375 1342 1407 quum
1370 1370 1495 1394 contra
1524 1375 1587 1394 usu

907 1415 1003 1447 venit
1015 1440 1024 1454 ‚
1046 1423 1085 1447 ut
1103 1415 1204 1448 uxori
1223 1428 1240 1448 a
1257 1416 1333 1448 viro
1354 1414 1509 1447 daretur.
1529 1415 1591 1447 lfa-

909 1470 1058 1500 miresius.

811 1604 941 1661 LV.

694 1761 762 1789 AD
801 1761 1026 1790 SEXTUM.
1042 1741 1059 1758 *

382 1887 466 1928 VIS
493 1895 558 1939 te,
587 1886 741 1940 Sexte,
772 1884 852 1928 coli
884 1903 891 1927 :

924 1884 1123 1928 volebam
1157 1901 1316 1929 amare.

381 1955 628 1999 Parendum
658 1966 722 2000 est
753 1956 852 2011 tihi3
878 1955 996 2016 quod
1021 1955 1171 2016 jubes,
1195 1955 1349 2000 coleris
1373 1975 1379 1999 :

381 2027 465 2070 Sed
497 2028 530 2071 si
561 2037 603 2071 te
629 2026 750 2079 colo,
772 2028 924 2083 Sexte,
948 2044 1037 2071 non
1068 2027 1236 2071 amabo.

229 2163 296 2198 'Iu
327 2166 430 2210 hujus
458 2166 562 2199 etiam
592 2166 851 2212 epigrammatis

171 2218 322 2252 lectione
344 2220 566 2253 consentiunt
587 2220 798 2254 membrana:
817 2228 852 2252 et

172 2271 253 2304 libri
270 2272 364 2317 typis
382 2273 551 2317 impressi.

232 2337 261 2358 1.
294 2326 353 2357 Vis
379 2326 450 2358 coli.
478 2326 743 2359 observantiam
760 2339 777 2358 a
796 2338 852 2358 me

173 2377 290 2422 exigis.
311 2399 363 2404 —-
386 2378 537 2410 lhleham
553 2392 668 2411 amare.
687 2379 738 2411 Te
756 2378 851 2411 fami—

172 2429 304 2464 liariter
325 2431 375 2464 uti
397 2431 592 2476 cupiebam.

228 2483 261 2516 3.
283 2485 358 2518 Non
378 2485 500 2517 amabo.
521 2486 629 2518 Amor
648 2485 740 2518 enim
760 2494 793 2518 et
814 2498 852 2519 ea

172 2548 276 2580 quam
297 2537 454 2582 exigebat
469 2538 594 2571 Sextus
611 2539 828 2572 observantia
842 2566 848 2576 ,

911 2179 982 2199 non
1003 2166 1244 2207 conveniunt3
1265 2166 1459 2212 aequalitem
1486 2177 1519 2201 et
1540 2171 1589 2203 fa-

910 2220 1147 2254 miliaritatem
1161 2220 1274 2253 inesse
1286 2219 1385 2254 decet
1395 2234 1497 2254 merae
1507 2224 1592 2256 ami-

911 2273 1012 2307 citiae.
1035 2273 1120 2306 Vid.
1148 2273 1267 2307 Senec.
1290 2272 1333 2307 de
1354 2275 1475 2308 Benef.
1491 2301 1500 2317 ‚
1525 2276 1586 2312 lib.

912 2327 982 2367 VI,
1000 2339 1076 2372 cap.
1100 2326 1144 2359 33
1169 2336 1203 2360 et
1223 2336 1379 2372 sequent.
1400 2336 1434 2360 et
1451 2328 1588 2374 epistol.

915 2384 975 2422 47.
994 2400 1047 2406 —-
1066 2380 1175 2413 Ailmt
1200 2380 1397 2425 Augustum
1424 2394 1528 2426 parca
1557 2391 1591 2416 et

912 2433 1010 2465 tenui
1026 2445 1122 2465 coena
1141 2442 1329 2479 exceptum
1344 2434 1529 2479 aliquando
1547 2437 1590 2468 ab

912 2486 1022 2519 amico
1040 2486 1167 2519 dixisse
1183 2499 1191 2519 z
1214 2504 1227 2516 α
1249 2487 1330 2520 Non
1350 2489 1517 2533 putabam
1536 2502 1591 2523 me

914 2539 976 2571 tibi
999 2548 1068 2573 tam
1086 2539 1291 2573 familiarem
1309 2553 1391 2574 esse.
1415 2560 1425 2569 u
