<?xml version="1.0" encoding="UTF-8"?>
<!DOCTYPE html PUBLIC "-//W3C//DTD XHTML 1.0 Transitional//EN"
    "http://www.w3.org/TR/xhtml1/DTD/xhtml1-transitional.dtd">
<html xmlns="http://www.w3.org/1999/xhtml" xml:lang="en" lang="en">
 <head>
  <title>
</title>
<meta http-equiv="Content-Type" content="text/html;charset=utf-8" />
  <meta name='ocr-system' content='tesseract 3.04.00' />
  <meta name='ocr-capabilities' content='ocr_page ocr_carea ocr_par ocr_line ocrx_word'/>
</head>
<body>
  <div class='ocr_page' id='page_1' title='image "./epigrammata01martuoft_0522.png"; bbox 0 0 2061 3288; ppageno 0'>
   <div class='ocr_carea' id='block_1_1' title="bbox 445 249 542 295">
    <p class='ocr_par' dir='ltr' id='par_1_1' title="bbox 445 249 542 295">
     <span class='ocr_line' id='line_1_1' title="bbox 445 249 542 295; baseline 0 -1"><span class='ocrx_word' id='word_1_1' title='bbox 445 249 542 295; x_wconf 83' lang='lat'>356</span> 
     </span>
    </p>
   </div>
   <div class='ocr_carea' id='block_1_2' title="bbox 822 252 1478 297">
    <p class='ocr_par' dir='ltr' id='par_1_2' title="bbox 822 252 1478 297">
     <span class='ocr_line' id='line_1_2' title="bbox 822 252 1478 297; baseline 0 -1"><span class='ocrx_word' id='word_1_2' title='bbox 822 253 883 295; x_wconf 89' lang='lat' dir='ltr'>M.</span> <span class='ocrx_word' id='word_1_3' title='bbox 905 253 1046 296; x_wconf 89' lang='lat' dir='ltr'><strong>VAL.</strong></span> <span class='ocrx_word' id='word_1_4' title='bbox 1087 252 1478 297; x_wconf 87' lang='lat' dir='ltr'>MARTIALIS</span> 
     </span>
    </p>
   </div>
   <div class='ocr_carea' id='block_1_3' title="bbox 1033 410 1271 469">
    <p class='ocr_par' dir='ltr' id='par_1_3' title="bbox 1033 410 1271 469">
     <span class='ocr_line' id='line_1_3' title="bbox 1033 410 1271 469; baseline 0 -3"><span class='ocrx_word' id='word_1_5' title='bbox 1033 410 1271 469; x_wconf 90' lang='lat' dir='ltr'>XCIII.</span> 
     </span>
    </p>
   </div>
   <div class='ocr_carea' id='block_1_4' title="bbox 883 547 1417 597">
    <p class='ocr_par' dir='ltr' id='par_1_4' title="bbox 883 547 1417 597">
     <span class='ocr_line' id='line_1_4' title="bbox 883 547 1417 597; baseline 0 -1"><span class='ocrx_word' id='word_1_6' title='bbox 883 568 939 597; x_wconf 87' lang='lat' dir='ltr'>IN</span> <span class='ocrx_word' id='word_1_7' title='bbox 983 547 1417 597; x_wconf 62' lang='lat' dir='ltr'><strong>VETUSTILLAM.*</strong></span> 
     </span>
    </p>
   </div>
   <div class='ocr_carea' id='block_1_5' title="bbox 577 691 1579 1177">
    <p class='ocr_par' dir='ltr' id='par_1_5' title="bbox 577 691 1579 1177">
     <span class='ocr_line' id='line_1_5' title="bbox 579 691 1579 751; baseline 0 -13"><span class='ocrx_word' id='word_1_8' title='bbox 579 694 732 751; x_wconf 83' lang='lat' dir='ltr'><strong>QUUM</strong></span> <span class='ocrx_word' id='word_1_9' title='bbox 759 691 838 736; x_wconf 85' lang='lat' dir='ltr'>tibi</span> <span class='ocrx_word' id='word_1_10' title='bbox 867 693 1049 737; x_wconf 79' lang='lat' dir='ltr'>trecenti</span> <span class='ocrx_word' id='word_1_11' title='bbox 1078 692 1277 737; x_wconf 84' lang='lat' dir='ltr'>consules</span> <span class='ocrx_word' id='word_1_12' title='bbox 1293 729 1304 749; x_wconf 86' lang='lat'>‚</span> <span class='ocrx_word' id='word_1_13' title='bbox 1326 693 1554 738; x_wconf 81' lang='lat' dir='ltr'>Vetustilla</span> <span class='ocrx_word' id='word_1_14' title='bbox 1569 731 1579 751; x_wconf 72' lang='lat'>⁷</span> 
     </span>
     <span class='ocr_line' id='line_1_6' title="bbox 582 762 1534 824; baseline 0.001 -17"><span class='ocrx_word' id='word_1_15' title='bbox 582 766 638 808; x_wconf 80' lang='lat' dir='ltr'>Et</span> <span class='ocrx_word' id='word_1_16' title='bbox 663 773 751 807; x_wconf 87' lang='lat' dir='ltr'>tres</span> <span class='ocrx_word' id='word_1_17' title='bbox 771 762 934 824; x_wconf 81' lang='lat' dir='ltr'>capilli,</span> <span class='ocrx_word' id='word_1_18' title='bbox 953 772 1228 824; x_wconf 83' lang='lat' dir='ltr'>quatuorque</span> <span class='ocrx_word' id='word_1_19' title='bbox 1251 764 1335 807; x_wconf 85' lang='lat' dir='ltr'>sint</span> <span class='ocrx_word' id='word_1_20' title='bbox 1357 763 1507 808; x_wconf 82' lang='lat' dir='ltr'>dentes</span> <span class='ocrx_word' id='word_1_21' title='bbox 1522 802 1534 817; x_wconf 69' lang='lat'>,</span> 
     </span>
     <span class='ocr_line' id='line_1_7' title="bbox 579 833 1548 894; baseline 0.001 -16"><span class='ocrx_word' id='word_1_22' title='bbox 579 836 735 878; x_wconf 80' lang='lat' dir='ltr'>Pectus</span> <span class='ocrx_word' id='word_1_23' title='bbox 766 833 948 889; x_wconf 84' lang='lat' dir='ltr'>eicadae,</span> <span class='ocrx_word' id='word_1_24' title='bbox 970 833 1307 894; x_wconf 88' lang='lat' dir='ltr'>erusculumque</span> <span class='ocrx_word' id='word_1_25' title='bbox 1333 834 1548 891; x_wconf 72' lang='lat' dir='ltr'>formicae3</span> 
     </span>
     <span class='ocr_line' id='line_1_8' title="bbox 579 904 1548 965; baseline 0.001 -17"><span class='ocrx_word' id='word_1_26' title='bbox 579 906 869 965; x_wconf 78' lang='lat' dir='ltr'>Rugosiorem</span> <span class='ocrx_word' id='word_1_27' title='bbox 895 920 1026 965; x_wconf 88' lang='lat' dir='ltr'>quum</span> <span class='ocrx_word' id='word_1_28' title='bbox 1053 920 1177 965; x_wconf 80' lang='lat' dir='ltr'>geras</span> <span class='ocrx_word' id='word_1_29' title='bbox 1203 904 1312 948; x_wconf 85' lang='lat' dir='ltr'>stola</span> <span class='ocrx_word' id='word_1_30' title='bbox 1337 905 1548 961; x_wconf 82' lang='lat' dir='ltr'>frontem,</span> 
     </span>
     <span class='ocr_line' id='line_1_9' title="bbox 577 975 1542 1037; baseline 0.001 -18"><span class='ocrx_word' id='word_1_31' title='bbox 577 976 635 1019; x_wconf 78' lang='lat' dir='ltr'>Et</span> <span class='ocrx_word' id='word_1_32' title='bbox 660 991 921 1019; x_wconf 85' lang='lat' dir='ltr'>aranearum</span> <span class='ocrx_word' id='word_1_33' title='bbox 942 975 1133 1020; x_wconf 85' lang='lat' dir='ltr'>cassibus</span> <span class='ocrx_word' id='word_1_34' title='bbox 1155 992 1282 1037; x_wconf 85' lang='lat' dir='ltr'>pares</span> <span class='ocrx_word' id='word_1_35' title='bbox 1305 992 1542 1031; x_wconf 75' lang='lat' dir='ltr'>mammas3</span> 
     </span>
     <span class='ocr_line' id='line_1_10' title="bbox 580 1046 1449 1107; baseline 0.001 -18"><span class='ocrx_word' id='word_1_36' title='bbox 580 1046 732 1102; x_wconf 86' lang='lat' dir='ltr'>Quum</span> <span class='ocrx_word' id='word_1_37' title='bbox 765 1055 1017 1107; x_wconf 82' lang='lat' dir='ltr'>comparata</span> <span class='ocrx_word' id='word_1_38' title='bbox 1047 1046 1228 1090; x_wconf 87' lang='lat' dir='ltr'>rictibus</span> <span class='ocrx_word' id='word_1_39' title='bbox 1259 1047 1342 1090; x_wconf 89' lang='lat' dir='ltr'>tuis</span> <span class='ocrx_word' id='word_1_40' title='bbox 1372 1063 1449 1091; x_wconf 85' lang='lat' dir='ltr'>ora</span> 
     </span>
     <span class='ocr_line' id='line_1_11' title="bbox 578 1115 1473 1177; baseline 0 -17"><span class='ocrx_word' id='word_1_41' title='bbox 578 1115 772 1161; x_wconf 79' lang='lat' dir='ltr'>Niliacus</span> <span class='ocrx_word' id='word_1_42' title='bbox 801 1117 961 1161; x_wconf 86' lang='lat' dir='ltr'>habeat</span> <span class='ocrx_word' id='word_1_43' title='bbox 991 1116 1234 1162; x_wconf 80' lang='lat' dir='ltr'>crocodilus</span> <span class='ocrx_word' id='word_1_44' title='bbox 1265 1127 1473 1177; x_wconf 76' lang='lat' dir='ltr'>angusta,</span> 
     </span>
    </p>
   </div>
   <div class='ocr_carea' id='block_1_6' title="bbox 437 1259 1120 2737">
    <p class='ocr_par' dir='ltr' id='par_1_6' title="bbox 437 1259 1118 1627">
     <span class='ocr_line' id='line_1_12' title="bbox 490 1259 1116 1305; baseline -0.002 -8"><span class='ocrx_word' id='word_1_45' title='bbox 490 1259 504 1274; x_wconf 60' lang='lat'>⁴</span> <span class='ocrx_word' id='word_1_46' title='bbox 525 1264 587 1297; x_wconf 87' lang='lat' dir='ltr'>Est</span> <span class='ocrx_word' id='word_1_47' title='bbox 613 1263 786 1297; x_wconf 74' lang='lat' dir='ltr'>invectiva</span> <span class='ocrx_word' id='word_1_48' title='bbox 810 1264 846 1296; x_wconf 88' lang='lat' dir='ltr'>in</span> <span class='ocrx_word' id='word_1_49' title='bbox 869 1263 1090 1297; x_wconf 79' lang='lat' dir='ltr'>Vetustillam</span> <span class='ocrx_word' id='word_1_50' title='bbox 1106 1290 1116 1305; x_wconf 89' lang='lat'><em>‚</em></span> 
     </span>
     <span class='ocr_line' id='line_1_13' title="bbox 439 1317 1118 1362; baseline -0.001 -12"><span class='ocrx_word' id='word_1_51' title='bbox 439 1329 500 1350; x_wconf 81' lang='lat' dir='ltr'>seu</span> <span class='ocrx_word' id='word_1_52' title='bbox 511 1325 550 1350; x_wconf 88' lang='lat' dir='ltr'>ut</span> <span class='ocrx_word' id='word_1_53' title='bbox 563 1317 621 1350; x_wconf 84' lang='lat' dir='ltr'>alii</span> <span class='ocrx_word' id='word_1_54' title='bbox 630 1317 750 1362; x_wconf 85' lang='lat' dir='ltr'>legunt</span> <span class='ocrx_word' id='word_1_55' title='bbox 763 1317 988 1350; x_wconf 87' lang='lat' dir='ltr'>Vetustinam</span> <span class='ocrx_word' id='word_1_56' title='bbox 1000 1329 1118 1362; x_wconf 88' lang='lat' dir='ltr'>quam-</span> 
     </span>
     <span class='ocr_line' id='line_1_14' title="bbox 439 1369 1117 1416; baseline -0.001 -13"><span class='ocrx_word' id='word_1_57' title='bbox 439 1370 518 1403; x_wconf 85' lang='lat' dir='ltr'>dam</span> <span class='ocrx_word' id='word_1_58' title='bbox 534 1395 544 1412; x_wconf 88' lang='lat'>,</span> <span class='ocrx_word' id='word_1_59' title='bbox 564 1371 661 1416; x_wconf 88' lang='lat' dir='ltr'>cujus</span> <span class='ocrx_word' id='word_1_60' title='bbox 680 1382 812 1403; x_wconf 86' lang='lat' dir='ltr'>nomen</span> <span class='ocrx_word' id='word_1_61' title='bbox 834 1382 851 1402; x_wconf 88' lang='lat' dir='ltr'>a</span> <span class='ocrx_word' id='word_1_62' title='bbox 866 1378 1036 1403; x_wconf 86' lang='lat' dir='ltr'>vetustate</span> <span class='ocrx_word' id='word_1_63' title='bbox 1056 1369 1117 1402; x_wconf 87' lang='lat' dir='ltr'>de-</span> 
     </span>
     <span class='ocr_line' id='line_1_15' title="bbox 438 1422 1117 1468; baseline 0 -13"><span class='ocrx_word' id='word_1_64' title='bbox 438 1423 557 1459; x_wconf 85' lang='lat' dir='ltr'>ducit,</span> <span class='ocrx_word' id='word_1_65' title='bbox 593 1435 671 1468; x_wconf 83' lang='lat' dir='ltr'>quae</span> <span class='ocrx_word' id='word_1_66' title='bbox 699 1422 734 1455; x_wconf 88' lang='lat' dir='ltr'>in</span> <span class='ocrx_word' id='word_1_67' title='bbox 763 1431 916 1456; x_wconf 84' lang='lat' dir='ltr'>extrema</span> <span class='ocrx_word' id='word_1_68' title='bbox 941 1430 1117 1456; x_wconf 83' lang='lat' dir='ltr'>senectute</span> 
     </span>
     <span class='ocr_line' id='line_1_16' title="bbox 437 1474 1117 1521; baseline -0.001 -13"><span class='ocrx_word' id='word_1_69' title='bbox 437 1476 552 1509; x_wconf 85' lang='lat' dir='ltr'>virum</span> <span class='ocrx_word' id='word_1_70' title='bbox 581 1477 775 1521; x_wconf 80' lang='lat' dir='ltr'>quaerebat3</span> <span class='ocrx_word' id='word_1_71' title='bbox 795 1484 915 1520; x_wconf 83' lang='lat' dir='ltr'>estque</span> <span class='ocrx_word' id='word_1_72' title='bbox 941 1484 1056 1509; x_wconf 87' lang='lat' dir='ltr'>totum</span> <span class='ocrx_word' id='word_1_73' title='bbox 1081 1474 1117 1508; x_wconf 89' lang='lat' dir='ltr'>id</span> 
     </span>
     <span class='ocr_line' id='line_1_17' title="bbox 437 1528 1116 1574; baseline -0.001 -12"><span class='ocrx_word' id='word_1_74' title='bbox 437 1529 651 1574; x_wconf 79' lang='lat' dir='ltr'>epigramma</span> <span class='ocrx_word' id='word_1_75' title='bbox 661 1529 927 1574; x_wconf 74' lang='lat' dir='ltr'>hyperbolicum</span> <span class='ocrx_word' id='word_1_76' title='bbox 937 1554 946 1569; x_wconf 89' lang='lat'>‚</span> <span class='ocrx_word' id='word_1_77' title='bbox 956 1537 996 1561; x_wconf 91' lang='lat' dir='ltr'>ut</span> <span class='ocrx_word' id='word_1_78' title='bbox 1009 1528 1116 1561; x_wconf 84' lang='lat' dir='ltr'>moris</span> 
     </span>
     <span class='ocr_line' id='line_1_18' title="bbox 438 1582 904 1627; baseline -0.002 -12"><span class='ocrx_word' id='word_1_79' title='bbox 438 1590 489 1615; x_wconf 84' lang='lat' dir='ltr'>est</span> <span class='ocrx_word' id='word_1_80' title='bbox 509 1582 593 1615; x_wconf 86' lang='lat' dir='ltr'>huic</span> <span class='ocrx_word' id='word_1_81' title='bbox 611 1589 732 1627; x_wconf 83' lang='lat' dir='ltr'>poetae.</span> <span class='ocrx_word' id='word_1_82' title='bbox 751 1582 904 1614; x_wconf 76' lang='lat' dir='ltr'>Ramires.</span> 
     </span>
    </p>

    <p class='ocr_par' dir='ltr' id='par_1_7' title="bbox 438 1634 1117 1774">
     <span class='ocr_line' id='line_1_19' title="bbox 490 1634 1117 1667; baseline -0.002 0"><span class='ocrx_word' id='word_1_83' title='bbox 490 1656 542 1662; x_wconf 89' lang='lat'>—-</span> <span class='ocrx_word' id='word_1_84' title='bbox 569 1635 609 1667; x_wconf 84' lang='lat' dir='ltr'>In</span> <span class='ocrx_word' id='word_1_85' title='bbox 633 1634 830 1667; x_wconf 71' lang='lat' dir='ltr'>Vetustinam</span> <span class='ocrx_word' id='word_1_86' title='bbox 859 1634 1060 1667; x_wconf 77' lang='lat' dir='ltr'>inscribitur</span> <span class='ocrx_word' id='word_1_87' title='bbox 1082 1635 1117 1667; x_wconf 83' lang='lat' dir='ltr'>in</span> 
     </span>
     <span class='ocr_line' id='line_1_20' title="bbox 439 1685 1116 1721; baseline 0 -2"><span class='ocrx_word' id='word_1_88' title='bbox 439 1685 520 1720; x_wconf 87' lang='lat' dir='ltr'>edd.</span> <span class='ocrx_word' id='word_1_89' title='bbox 551 1694 634 1721; x_wconf 77' lang='lat' dir='ltr'>vett.</span> <span class='ocrx_word' id='word_1_90' title='bbox 665 1688 718 1720; x_wconf 72' lang='lat' dir='ltr'>De</span> <span class='ocrx_word' id='word_1_91' title='bbox 743 1687 915 1720; x_wconf 70' lang='lat' dir='ltr'>Vetustillzt</span> <span class='ocrx_word' id='word_1_92' title='bbox 940 1688 975 1719; x_wconf 86' lang='lat' dir='ltr'>in</span> <span class='ocrx_word' id='word_1_93' title='bbox 998 1686 1116 1720; x_wconf 84' lang='lat' dir='ltr'>codice</span> 
     </span>
     <span class='ocr_line' id='line_1_21' title="bbox 438 1733 686 1774; baseline 0.004 -1"><span class='ocrx_word' id='word_1_94' title='bbox 438 1740 581 1774; x_wconf 86' lang='lat' dir='ltr'>Thuan.</span> <span class='ocrx_word' id='word_1_95' title='bbox 684 1733 686 1735; x_wconf 67' lang='lat'><em>,</em></span> 
     </span>
    </p>

    <p class='ocr_par' dir='ltr' id='par_1_8' title="bbox 438 1793 1120 2303">
     <span class='ocr_line' id='line_1_22' title="bbox 498 1793 1116 1826; baseline -0.002 0"><span class='ocrx_word' id='word_1_96' title='bbox 498 1805 530 1826; x_wconf 88' lang='lat'>1.</span> <span class='ocrx_word' id='word_1_97' title='bbox 552 1793 721 1825; x_wconf 68' lang='lat' dir='ltr'>Vetustina</span> <span class='ocrx_word' id='word_1_98' title='bbox 739 1793 775 1825; x_wconf 91' lang='lat' dir='ltr'>in</span> <span class='ocrx_word' id='word_1_99' title='bbox 799 1793 921 1826; x_wconf 84' lang='lat' dir='ltr'>iisdem</span> <span class='ocrx_word' id='word_1_100' title='bbox 942 1801 1026 1826; x_wconf 65' lang='lat' dir='ltr'>vett.</span> <span class='ocrx_word' id='word_1_101' title='bbox 1049 1793 1116 1825; x_wconf 88' lang='lat' dir='ltr'>Le-</span> 
     </span>
     <span class='ocr_line' id='line_1_23' title="bbox 438 1844 1118 1879; baseline 0 -1"><span class='ocrx_word' id='word_1_102' title='bbox 438 1845 591 1879; x_wconf 84' lang='lat' dir='ltr'>ctionem</span> <span class='ocrx_word' id='word_1_103' title='bbox 619 1853 773 1879; x_wconf 75' lang='lat' dir='ltr'>nostram</span> <span class='ocrx_word' id='word_1_104' title='bbox 800 1854 981 1879; x_wconf 82' lang='lat' dir='ltr'>attestatur</span> <span class='ocrx_word' id='word_1_105' title='bbox 1008 1844 1118 1878; x_wconf 76' lang='lat' dir='ltr'>codex</span> 
     </span>
     <span class='ocr_line' id='line_1_24' title="bbox 441 1897 1118 1941; baseline -0.001 -10"><span class='ocrx_word' id='word_1_106' title='bbox 441 1898 579 1932; x_wconf 87' lang='lat' dir='ltr'>Thuan.</span> <span class='ocrx_word' id='word_1_107' title='bbox 600 1920 652 1924; x_wconf 89' lang='lat'>—</span> <span class='ocrx_word' id='word_1_108' title='bbox 673 1898 779 1941; x_wconf 71' lang='lat' dir='ltr'>Quum</span> <span class='ocrx_word' id='word_1_109' title='bbox 799 1899 876 1939; x_wconf 77' lang='lat' dir='ltr'>tihi,</span> <span class='ocrx_word' id='word_1_110' title='bbox 901 1907 967 1931; x_wconf 86' lang='lat' dir='ltr'>etc.</span> <span class='ocrx_word' id='word_1_111' title='bbox 985 1897 1027 1930; x_wconf 91' lang='lat' dir='ltr'>Id</span> <span class='ocrx_word' id='word_1_112' title='bbox 1049 1907 1097 1931; x_wconf 83' lang='lat' dir='ltr'>est</span> <span class='ocrx_word' id='word_1_113' title='bbox 1110 1925 1118 1939; x_wconf 83' lang='grc'><em>,</em></span> 
     </span>
     <span class='ocr_line' id='line_1_25' title="bbox 441 1952 1117 1996; baseline -0.001 -12"><span class='ocrx_word' id='word_1_114' title='bbox 441 1963 549 1996; x_wconf 87' lang='lat' dir='ltr'>quum</span> <span class='ocrx_word' id='word_1_115' title='bbox 567 1964 729 1984; x_wconf 76' lang='lat' dir='ltr'>numeres</span> <span class='ocrx_word' id='word_1_116' title='bbox 748 1952 815 1984; x_wconf 81' lang='lat'>300</span> <span class='ocrx_word' id='word_1_117' title='bbox 836 1952 890 1984; x_wconf 71' lang='lat' dir='ltr'>vel</span> <span class='ocrx_word' id='word_1_118' title='bbox 906 1952 1024 1984; x_wconf 79' lang='lat' dir='ltr'>saltem</span> <span class='ocrx_word' id='word_1_119' title='bbox 1050 1963 1062 1983; x_wconf 86' lang='lat'>1</span> <span class='ocrx_word' id='word_1_120' title='bbox 1075 1953 1117 1984; x_wconf 78' lang='lat'>50</span> 
     </span>
     <span class='ocr_line' id='line_1_26' title="bbox 443 2005 1120 2050; baseline 0 -14"><span class='ocrx_word' id='word_1_121' title='bbox 443 2016 550 2037; x_wconf 89' lang='lat' dir='ltr'>annos</span> <span class='ocrx_word' id='word_1_122' title='bbox 569 2005 697 2046; x_wconf 78' lang='lat' dir='ltr'>aetati53</span> <span class='ocrx_word' id='word_1_123' title='bbox 716 2016 868 2050; x_wconf 78' lang='lat' dir='ltr'>namque</span> <span class='ocrx_word' id='word_1_124' title='bbox 882 2005 1047 2037; x_wconf 76' lang='lat' dir='ltr'>Romanis</span> <span class='ocrx_word' id='word_1_125' title='bbox 1063 2016 1120 2037; x_wconf 85' lang='lat' dir='ltr'>an-</span> 
     </span>
     <span class='ocr_line' id='line_1_27' title="bbox 443 2057 1119 2103; baseline -0.003 -13"><span class='ocrx_word' id='word_1_126' title='bbox 443 2070 571 2091; x_wconf 85' lang='lat' dir='ltr'>norum</span> <span class='ocrx_word' id='word_1_127' title='bbox 591 2057 807 2103; x_wconf 78' lang='lat' dir='ltr'>computatio</span> <span class='ocrx_word' id='word_1_128' title='bbox 826 2065 898 2090; x_wconf 82' lang='lat' dir='ltr'>erat</span> <span class='ocrx_word' id='word_1_129' title='bbox 911 2070 928 2090; x_wconf 85' lang='lat' dir='ltr'>a</span> <span class='ocrx_word' id='word_1_130' title='bbox 945 2057 1020 2102; x_wconf 80' lang='lat' dir='ltr'>pari</span> <span class='ocrx_word' id='word_1_131' title='bbox 1034 2068 1119 2089; x_wconf 82' lang='lat' dir='ltr'>con-</span> 
     </span>
     <span class='ocr_line' id='line_1_28' title="bbox 443 2111 1119 2155; baseline -0.003 -11"><span class='ocrx_word' id='word_1_132' title='bbox 443 2111 557 2144; x_wconf 79' lang='lat' dir='ltr'>sulum</span> <span class='ocrx_word' id='word_1_133' title='bbox 571 2123 636 2155; x_wconf 85' lang='lat' dir='ltr'>pro</span> <span class='ocrx_word' id='word_1_134' title='bbox 652 2111 797 2155; x_wconf 83' lang='lat' dir='ltr'>singulis</span> <span class='ocrx_word' id='word_1_135' title='bbox 811 2111 908 2143; x_wconf 86' lang='lat' dir='ltr'>annis</span> <span class='ocrx_word' id='word_1_136' title='bbox 920 2117 1050 2143; x_wconf 69' lang='lat' dir='ltr'>creato.</span> <span class='ocrx_word' id='word_1_137' title='bbox 1068 2131 1119 2135; x_wconf 78' lang='lat'><strong>—</strong></span> 
     </span>
     <span class='ocr_line' id='line_1_29' title="bbox 450 2163 1119 2208; baseline -0.001 -13"><span class='ocrx_word' id='word_1_138' title='bbox 450 2164 594 2196; x_wconf 76' lang='lat' dir='ltr'>Trecenti</span> <span class='ocrx_word' id='word_1_139' title='bbox 610 2165 760 2196; x_wconf 79' lang='lat' dir='ltr'>consules.</span> <span class='ocrx_word' id='word_1_140' title='bbox 781 2164 923 2196; x_wconf 84' lang='lat' dir='ltr'>Dictum</span> <span class='ocrx_word' id='word_1_141' title='bbox 943 2163 1119 2208; x_wconf 60' lang='lat' dir='ltr'>hyperbo-</span> 
     </span>
     <span class='ocr_line' id='line_1_30' title="bbox 445 2216 1119 2262; baseline -0.001 -14"><span class='ocrx_word' id='word_1_142' title='bbox 445 2216 512 2250; x_wconf 84' lang='lat' dir='ltr'>lice</span> <span class='ocrx_word' id='word_1_143' title='bbox 527 2241 537 2255; x_wconf 84' lang='lat'>‚</span> <span class='ocrx_word' id='word_1_144' title='bbox 565 2225 606 2249; x_wconf 88' lang='lat' dir='ltr'>ut</span> <span class='ocrx_word' id='word_1_145' title='bbox 630 2217 796 2262; x_wconf 79' lang='lat' dir='ltr'>pleraque</span> <span class='ocrx_word' id='word_1_146' title='bbox 824 2217 928 2262; x_wconf 83' lang='lat' dir='ltr'>hujus</span> <span class='ocrx_word' id='word_1_147' title='bbox 948 2216 1119 2260; x_wconf 82' lang='lat' dir='ltr'>epigram-</span> 
     </span>
     <span class='ocr_line' id='line_1_31' title="bbox 446 2278 556 2303; baseline 0.018 -2"><span class='ocrx_word' id='word_1_148' title='bbox 446 2278 556 2303; x_wconf 78' lang='lat' dir='ltr'>matis.</span> 
     </span>
    </p>

    <p class='ocr_par' dir='ltr' id='par_1_9' title="bbox 447 2320 1119 2473">
     <span class='ocr_line' id='line_1_32' title="bbox 503 2320 1119 2367; baseline -0.002 -13"><span class='ocrx_word' id='word_1_149' title='bbox 503 2335 535 2355; x_wconf 86' lang='lat'>2.</span> <span class='ocrx_word' id='word_1_150' title='bbox 558 2323 606 2354; x_wconf 79' lang='lat' dir='ltr'>El</span> <span class='ocrx_word' id='word_1_151' title='bbox 628 2331 688 2355; x_wconf 80' lang='lat' dir='ltr'>tres</span> <span class='ocrx_word' id='word_1_152' title='bbox 707 2323 835 2367; x_wconf 71' lang='lat' dir='ltr'>capilli,</span> <span class='ocrx_word' id='word_1_153' title='bbox 862 2330 927 2355; x_wconf 83' lang='lat' dir='ltr'>etc.</span> <span class='ocrx_word' id='word_1_154' title='bbox 949 2320 1040 2354; x_wconf 74' lang='lat' dir='ltr'>Vide</span> <span class='ocrx_word' id='word_1_155' title='bbox 1058 2322 1119 2353; x_wconf 85' lang='lat' dir='ltr'>lib.</span> 
     </span>
     <span class='ocr_line' id='line_1_33' title="bbox 448 2375 1119 2420; baseline -0.001 -13"><span class='ocrx_word' id='word_1_156' title='bbox 448 2376 463 2407; x_wconf 91' lang='lat' dir='ltr'>I</span> <span class='ocrx_word' id='word_1_157' title='bbox 479 2400 489 2416; x_wconf 87' lang='lat'>‚</span> <span class='ocrx_word' id='word_1_158' title='bbox 512 2376 623 2420; x_wconf 80' lang='lat' dir='ltr'>epigr.</span> <span class='ocrx_word' id='word_1_159' title='bbox 643 2388 708 2417; x_wconf 80' lang='lat' dir='ltr'>xx3</span> <span class='ocrx_word' id='word_1_160' title='bbox 738 2376 801 2408; x_wconf 86' lang='lat' dir='ltr'>lib.</span> <span class='ocrx_word' id='word_1_161' title='bbox 824 2375 859 2407; x_wconf 84' lang='grc' dir='ltr'>Π</span> <span class='ocrx_word' id='word_1_162' title='bbox 874 2400 883 2416; x_wconf 89' lang='grc'><strong><em>,</em></strong></span> <span class='ocrx_word' id='word_1_163' title='bbox 906 2375 1015 2420; x_wconf 84' lang='lat' dir='ltr'>epigr.</span> <span class='ocrx_word' id='word_1_164' title='bbox 1038 2386 1119 2414; x_wconf 73' lang='lat' dir='ltr'>xm,</span> 
     </span>
     <span class='ocr_line' id='line_1_34' title="bbox 447 2427 1028 2473; baseline 0.003 -14"><span class='ocrx_word' id='word_1_165' title='bbox 447 2440 498 2461; x_wconf 77' lang='lat' dir='ltr'>vs.</span> <span class='ocrx_word' id='word_1_166' title='bbox 520 2440 539 2472; x_wconf 83' lang='lat'>7</span> <span class='ocrx_word' id='word_1_167' title='bbox 557 2441 566 2469; x_wconf 92' lang='lat'>;</span> <span class='ocrx_word' id='word_1_168' title='bbox 585 2437 619 2461; x_wconf 89' lang='lat' dir='ltr'>et</span> <span class='ocrx_word' id='word_1_169' title='bbox 635 2429 698 2462; x_wconf 89' lang='lat' dir='ltr'>lib.</span> <span class='ocrx_word' id='word_1_170' title='bbox 714 2428 785 2461; x_wconf 88' lang='lat' dir='ltr'>XII</span> <span class='ocrx_word' id='word_1_171' title='bbox 801 2453 810 2466; x_wconf 92' lang='lat'><strong>,</strong></span> <span class='ocrx_word' id='word_1_172' title='bbox 833 2427 943 2473; x_wconf 82' lang='lat' dir='ltr'>epigr.</span> <span class='ocrx_word' id='word_1_173' title='bbox 962 2439 1028 2461; x_wconf 77' lang='lat' dir='ltr'>vn.</span> 
     </span>
    </p>

    <p class='ocr_par' dir='ltr' id='par_1_10' title="bbox 441 2480 1119 2737">
     <span class='ocr_line' id='line_1_35' title="bbox 502 2480 1119 2526; baseline -0.002 -14"><span class='ocrx_word' id='word_1_174' title='bbox 502 2480 535 2513; x_wconf 83' lang='grc'>3.</span> <span class='ocrx_word' id='word_1_175' title='bbox 559 2481 730 2514; x_wconf 86' lang='lat' dir='ltr'>Gruterus</span> <span class='ocrx_word' id='word_1_176' title='bbox 750 2480 854 2526; x_wconf 82' lang='lat' dir='ltr'>legit,</span> <span class='ocrx_word' id='word_1_177' title='bbox 884 2494 953 2513; x_wconf 78' lang='lat' dir='ltr'>crus</span> <span class='ocrx_word' id='word_1_178' title='bbox 977 2482 1119 2525; x_wconf 72' lang='lat' dir='ltr'>colorque</span> 
     </span>
     <span class='ocr_line' id='line_1_36' title="bbox 441 2533 1118 2579; baseline 0 -14"><span class='ocrx_word' id='word_1_179' title='bbox 441 2534 610 2576; x_wconf 77' lang='lat' dir='ltr'>sormicae;</span> <span class='ocrx_word' id='word_1_180' title='bbox 640 2533 736 2579; x_wconf 87' lang='lat' dir='ltr'>quod</span> <span class='ocrx_word' id='word_1_181' title='bbox 766 2533 905 2566; x_wconf 77' lang='lat' dir='ltr'>exhibet</span> <span class='ocrx_word' id='word_1_182' title='bbox 932 2533 1035 2567; x_wconf 83' lang='lat' dir='ltr'>etiam</span> <span class='ocrx_word' id='word_1_183' title='bbox 1054 2534 1118 2565; x_wconf 73' lang='lat' dir='ltr'>Be-</span> 
     </span>
     <span class='ocr_line' id='line_1_37' title="bbox 446 2585 1118 2632; baseline -0.001 -13"><span class='ocrx_word' id='word_1_184' title='bbox 446 2585 602 2620; x_wconf 81' lang='lat' dir='ltr'>verlandi</span> <span class='ocrx_word' id='word_1_185' title='bbox 627 2587 700 2620; x_wconf 84' lang='lat' dir='ltr'>MS.</span> <span class='ocrx_word' id='word_1_186' title='bbox 726 2585 817 2619; x_wconf 78' lang='lat' dir='ltr'>Vide</span> <span class='ocrx_word' id='word_1_187' title='bbox 845 2599 967 2632; x_wconf 80' lang='lat' dir='ltr'>supra,</span> <span class='ocrx_word' id='word_1_188' title='bbox 986 2587 1048 2619; x_wconf 79' lang='lat' dir='ltr'>lib.</span> <span class='ocrx_word' id='word_1_189' title='bbox 1078 2587 1093 2618; x_wconf 78' lang='lat' dir='ltr'>I</span> <span class='ocrx_word' id='word_1_190' title='bbox 1109 2611 1118 2626; x_wconf 93' lang='lat'>,</span> 
     </span>
     <span class='ocr_line' id='line_1_38' title="bbox 441 2640 1114 2685; baseline -0.001 -14"><span class='ocrx_word' id='word_1_191' title='bbox 441 2640 551 2685; x_wconf 84' lang='lat' dir='ltr'>epigr.</span> <span class='ocrx_word' id='word_1_192' title='bbox 580 2651 676 2673; x_wconf 74' lang='lat' dir='ltr'>xcvr.</span> <span class='ocrx_word' id='word_1_193' title='bbox 709 2659 761 2665; x_wconf 88' lang='lat'>--</span> <span class='ocrx_word' id='word_1_194' title='bbox 796 2640 989 2672; x_wconf 75' lang='lat' dir='ltr'>Crusculum.</span> <span class='ocrx_word' id='word_1_195' title='bbox 1026 2640 1114 2672; x_wconf 79' lang='lat' dir='ltr'>Crus</span> 
     </span>
     <span class='ocr_line' id='line_1_39' title="bbox 441 2692 616 2737; baseline 0.011 -14"><span class='ocrx_word' id='word_1_196' title='bbox 441 2692 616 2737; x_wconf 79' lang='lat' dir='ltr'>pusillum.</span> 
     </span>
    </p>
   </div>
   <div class='ocr_carea' id='block_1_7' title="bbox 1174 1264 1852 2723">
    <p class='ocr_par' dir='ltr' id='par_1_11' title="bbox 1174 1264 1851 1414">
     <span class='ocr_line' id='line_1_40' title="bbox 1229 1264 1851 1309; baseline 0.002 -12"><span class='ocrx_word' id='word_1_197' title='bbox 1229 1268 1263 1304; x_wconf 73' lang='grc'>4.</span> <span class='ocrx_word' id='word_1_198' title='bbox 1286 1264 1489 1307; x_wconf 74' lang='lat' dir='ltr'>Rugosiorem</span> <span class='ocrx_word' id='word_1_199' title='bbox 1517 1276 1608 1309; x_wconf 80' lang='lat' dir='ltr'>quum</span> <span class='ocrx_word' id='word_1_200' title='bbox 1635 1276 1752 1307; x_wconf 70' lang='lat' dir='ltr'>geras,</span> <span class='ocrx_word' id='word_1_201' title='bbox 1786 1272 1851 1298; x_wconf 84' lang='lat' dir='ltr'>etc.</span> 
     </span>
     <span class='ocr_line' id='line_1_41' title="bbox 1175 1316 1851 1350; baseline 0.003 -2"><span class='ocrx_word' id='word_1_202' title='bbox 1175 1325 1415 1350; x_wconf 80' lang='lat' dir='ltr'>matronarum</span> <span class='ocrx_word' id='word_1_203' title='bbox 1441 1316 1528 1350; x_wconf 87' lang='lat' dir='ltr'>stola</span> <span class='ocrx_word' id='word_1_204' title='bbox 1549 1329 1609 1350; x_wconf 87' lang='lat' dir='ltr'>seu</span> <span class='ocrx_word' id='word_1_205' title='bbox 1633 1317 1736 1350; x_wconf 83' lang='lat' dir='ltr'>vestis</span> <span class='ocrx_word' id='word_1_206' title='bbox 1759 1325 1851 1350; x_wconf 74' lang='lat' dir='ltr'>exte-</span> 
     </span>
     <span class='ocr_line' id='line_1_42' title="bbox 1174 1369 1797 1414; baseline 0.003 -13"><span class='ocrx_word' id='word_1_207' title='bbox 1174 1370 1248 1402; x_wconf 84' lang='lat' dir='ltr'>rior</span> <span class='ocrx_word' id='word_1_208' title='bbox 1268 1370 1303 1402; x_wconf 92' lang='lat' dir='ltr'>in</span> <span class='ocrx_word' id='word_1_209' title='bbox 1325 1369 1451 1402; x_wconf 85' lang='lat' dir='ltr'>multas</span> <span class='ocrx_word' id='word_1_210' title='bbox 1468 1370 1576 1414; x_wconf 86' lang='lat' dir='ltr'>plicas</span> <span class='ocrx_word' id='word_1_211' title='bbox 1595 1370 1797 1414; x_wconf 84' lang='lat' dir='ltr'>rugabatur.</span> 
     </span>
    </p>

    <p class='ocr_par' dir='ltr' id='par_1_12' title="bbox 1174 1422 1852 1626">
     <span class='ocr_line' id='line_1_43' title="bbox 1230 1422 1848 1467; baseline 0 -12"><span class='ocrx_word' id='word_1_212' title='bbox 1230 1422 1263 1455; x_wconf 84' lang='lat'>5.</span> <span class='ocrx_word' id='word_1_213' title='bbox 1282 1423 1483 1455; x_wconf 75' lang='lat' dir='ltr'>Aranearum</span> <span class='ocrx_word' id='word_1_214' title='bbox 1500 1422 1637 1454; x_wconf 74' lang='lat' dir='ltr'>cassibus</span> <span class='ocrx_word' id='word_1_215' title='bbox 1648 1436 1742 1467; x_wconf 74' lang='lat' dir='ltr'>pares</span> <span class='ocrx_word' id='word_1_216' title='bbox 1755 1449 1764 1463; x_wconf 90' lang='lat'>,</span> <span class='ocrx_word' id='word_1_217' title='bbox 1785 1431 1848 1456; x_wconf 72' lang='lat' dir='ltr'>etc.</span> 
     </span>
     <span class='ocr_line' id='line_1_44' title="bbox 1174 1474 1852 1521; baseline 0.001 -14"><span class='ocrx_word' id='word_1_218' title='bbox 1174 1474 1215 1507; x_wconf 93' lang='lat' dir='ltr'>Id</span> <span class='ocrx_word' id='word_1_219' title='bbox 1232 1483 1283 1508; x_wconf 82' lang='lat' dir='ltr'>est</span> <span class='ocrx_word' id='word_1_220' title='bbox 1297 1501 1306 1515; x_wconf 89' lang='lat'>‚</span> <span class='ocrx_word' id='word_1_221' title='bbox 1329 1474 1488 1508; x_wconf 85' lang='lat' dir='ltr'>flaccidas</span> <span class='ocrx_word' id='word_1_222' title='bbox 1503 1501 1512 1516; x_wconf 91' lang='lat'>‚</span> <span class='ocrx_word' id='word_1_223' title='bbox 1531 1488 1770 1521; x_wconf 78' lang='lat' dir='ltr'>pannosasque</span> <span class='ocrx_word' id='word_1_224' title='bbox 1782 1501 1790 1516; x_wconf 87' lang='lat'>‚</span> <span class='ocrx_word' id='word_1_225' title='bbox 1813 1484 1852 1509; x_wconf 83' lang='lat' dir='ltr'>ut</span> 
     </span>
     <span class='ocr_line' id='line_1_45' title="bbox 1175 1527 1851 1573; baseline 0.003 -13"><span class='ocrx_word' id='word_1_226' title='bbox 1175 1528 1241 1560; x_wconf 83' lang='lat' dir='ltr'>tela</span> <span class='ocrx_word' id='word_1_227' title='bbox 1263 1540 1394 1561; x_wconf 84' lang='lat' dir='ltr'>araneae</span> <span class='ocrx_word' id='word_1_228' title='bbox 1412 1540 1488 1573; x_wconf 72' lang='lat' dir='ltr'>quae</span> <span class='ocrx_word' id='word_1_229' title='bbox 1511 1528 1627 1561; x_wconf 80' lang='lat' dir='ltr'>mollis</span> <span class='ocrx_word' id='word_1_230' title='bbox 1646 1527 1798 1573; x_wconf 85' lang='lat' dir='ltr'>pendet,</span> <span class='ocrx_word' id='word_1_231' title='bbox 1817 1538 1851 1562; x_wconf 89' lang='lat' dir='ltr'>et</span> 
     </span>
     <span class='ocr_line' id='line_1_46' title="bbox 1174 1580 1701 1626; baseline 0.004 -14"><span class='ocrx_word' id='word_1_232' title='bbox 1174 1581 1377 1626; x_wconf 81' lang='lat' dir='ltr'>impulsioni</span> <span class='ocrx_word' id='word_1_233' title='bbox 1398 1581 1578 1614; x_wconf 64' lang='lat' dir='ltr'>levissimae</span> <span class='ocrx_word' id='word_1_234' title='bbox 1596 1580 1701 1614; x_wconf 86' lang='lat' dir='ltr'>cedit.</span> 
     </span>
    </p>

    <p class='ocr_par' dir='ltr' id='par_1_13' title="bbox 1174 1634 1852 2037">
     <span class='ocr_line' id='line_1_47' title="bbox 1230 1634 1850 1678; baseline -0.003 -11"><span class='ocrx_word' id='word_1_235' title='bbox 1230 1638 1263 1667; x_wconf 73' lang='lat'>(5.</span> <span class='ocrx_word' id='word_1_236' title='bbox 1294 1635 1397 1677; x_wconf 75' lang='lat' dir='ltr'>Quum</span> <span class='ocrx_word' id='word_1_237' title='bbox 1426 1642 1607 1678; x_wconf 75' lang='lat' dir='ltr'>comparata</span> <span class='ocrx_word' id='word_1_238' title='bbox 1638 1634 1764 1667; x_wconf 60' lang='lat' dir='ltr'>rictibus</span> <span class='ocrx_word' id='word_1_239' title='bbox 1793 1637 1850 1667; x_wconf 65' lang='lat' dir='ltr'>tuis</span> 
     </span>
     <span class='ocr_line' id='line_1_48' title="bbox 1175 1686 1852 1732; baseline 0.003 -14"><span class='ocrx_word' id='word_1_240' title='bbox 1175 1700 1243 1718; x_wconf 75' lang='lat' dir='ltr'>ora.</span> <span class='ocrx_word' id='word_1_241' title='bbox 1258 1687 1347 1719; x_wconf 80' lang='lat' dir='ltr'>Mira</span> <span class='ocrx_word' id='word_1_242' title='bbox 1360 1687 1569 1732; x_wconf 62' lang='lat' dir='ltr'>hyperboles</span> <span class='ocrx_word' id='word_1_243' title='bbox 1582 1686 1734 1720; x_wconf 83' lang='lat' dir='ltr'>audacia.</span> <span class='ocrx_word' id='word_1_244' title='bbox 1748 1688 1852 1720; x_wconf 84' lang='lat' dir='ltr'>Enim</span> 
     </span>
     <span class='ocr_line' id='line_1_49' title="bbox 1174 1738 1852 1781; baseline 0.003 -10"><span class='ocrx_word' id='word_1_245' title='bbox 1174 1751 1258 1771; x_wconf 70' lang='lat' dir='ltr'>vero</span> <span class='ocrx_word' id='word_1_246' title='bbox 1281 1739 1390 1772; x_wconf 78' lang='lat' dir='ltr'>rictus</span> <span class='ocrx_word' id='word_1_247' title='bbox 1410 1748 1458 1772; x_wconf 82' lang='lat' dir='ltr'>est</span> <span class='ocrx_word' id='word_1_248' title='bbox 1469 1738 1668 1781; x_wconf 79' lang='lat' dir='ltr'>crocodilo,</span> <span class='ocrx_word' id='word_1_249' title='bbox 1681 1753 1718 1773; x_wconf 84' lang='lat' dir='ltr'>os</span> <span class='ocrx_word' id='word_1_250' title='bbox 1737 1741 1852 1774; x_wconf 83' lang='lat' dir='ltr'>Vetu-</span> 
     </span>
     <span class='ocr_line' id='line_1_50' title="bbox 1176 1791 1846 1837; baseline 0.001 -12"><span class='ocrx_word' id='word_1_251' title='bbox 1176 1791 1292 1833; x_wconf 75' lang='lat' dir='ltr'>stillae3</span> <span class='ocrx_word' id='word_1_252' title='bbox 1308 1792 1368 1825; x_wconf 86' lang='lat' dir='ltr'>sed</span> <span class='ocrx_word' id='word_1_253' title='bbox 1385 1805 1493 1837; x_wconf 76' lang='lat' dir='ltr'>quum</span> <span class='ocrx_word' id='word_1_254' title='bbox 1509 1793 1575 1825; x_wconf 82' lang='lat' dir='ltr'>hoc</span> <span class='ocrx_word' id='word_1_255' title='bbox 1595 1793 1819 1826; x_wconf 78' lang='lat' dir='ltr'>macilentum</span> <span class='ocrx_word' id='word_1_256' title='bbox 1838 1820 1846 1832; x_wconf 85' lang='lat'>‚</span> 
     </span>
     <span class='ocr_line' id='line_1_51' title="bbox 1176 1844 1850 1878; baseline 0.001 -1"><span class='ocrx_word' id='word_1_257' title='bbox 1176 1844 1385 1878; x_wconf 79' lang='lat' dir='ltr'>extendatur</span> <span class='ocrx_word' id='word_1_258' title='bbox 1413 1845 1448 1878; x_wconf 81' lang='lat' dir='ltr'>in</span> <span class='ocrx_word' id='word_1_259' title='bbox 1471 1844 1664 1878; x_wconf 84' lang='lat' dir='ltr'>deformem</span> <span class='ocrx_word' id='word_1_260' title='bbox 1692 1845 1850 1878; x_wconf 83' lang='lat' dir='ltr'>latitudi-</span> 
     </span>
     <span class='ocr_line' id='line_1_52' title="bbox 1174 1899 1848 1943; baseline 0.001 -13"><span class='ocrx_word' id='word_1_261' title='bbox 1174 1909 1256 1930; x_wconf 83' lang='lat' dir='ltr'>nem</span> <span class='ocrx_word' id='word_1_262' title='bbox 1273 1924 1280 1937; x_wconf 90' lang='lat'>‚</span> <span class='ocrx_word' id='word_1_263' title='bbox 1311 1899 1507 1943; x_wconf 77' lang='lat' dir='ltr'>transponit</span> <span class='ocrx_word' id='word_1_264' title='bbox 1535 1910 1652 1930; x_wconf 85' lang='lat' dir='ltr'>rerum</span> <span class='ocrx_word' id='word_1_265' title='bbox 1683 1899 1848 1932; x_wconf 69' lang='lat' dir='ltr'>vocabula</span> 
     </span>
     <span class='ocr_line' id='line_1_53' title="bbox 1175 1950 1850 1996; baseline 0.003 -13"><span class='ocrx_word' id='word_1_266' title='bbox 1175 1951 1361 1989; x_wconf 75' lang='lat' dir='ltr'>Martialis,</span> <span class='ocrx_word' id='word_1_267' title='bbox 1386 1959 1419 1983; x_wconf 86' lang='lat' dir='ltr'>et</span> <span class='ocrx_word' id='word_1_268' title='bbox 1437 1964 1474 1983; x_wconf 83' lang='lat' dir='ltr'>os</span> <span class='ocrx_word' id='word_1_269' title='bbox 1491 1950 1660 1984; x_wconf 82' lang='lat' dir='ltr'>crocodili</span> <span class='ocrx_word' id='word_1_270' title='bbox 1674 1951 1850 1996; x_wconf 79' lang='lat' dir='ltr'>angustius</span> 
     </span>
     <span class='ocr_line' id='line_1_54' title="bbox 1175 2003 1638 2037; baseline 0 -1"><span class='ocrx_word' id='word_1_271' title='bbox 1175 2004 1267 2036; x_wconf 82' lang='lat' dir='ltr'>rictu</span> <span class='ocrx_word' id='word_1_272' title='bbox 1286 2004 1481 2036; x_wconf 71' lang='lat' dir='ltr'>Vetustillae</span> <span class='ocrx_word' id='word_1_273' title='bbox 1497 2004 1553 2036; x_wconf 85' lang='lat' dir='ltr'>ait.</span> <span class='ocrx_word' id='word_1_274' title='bbox 1572 2003 1638 2037; x_wconf 81' lang='lat' dir='ltr'>En.</span> 
     </span>
    </p>

    <p class='ocr_par' dir='ltr' id='par_1_14' title="bbox 1175 2056 1850 2723">
     <span class='ocr_line' id='line_1_55' title="bbox 1230 2056 1849 2100; baseline 0.003 -12"><span class='ocrx_word' id='word_1_275' title='bbox 1230 2070 1265 2100; x_wconf 68' lang='lat' dir='ltr'>J.</span> <span class='ocrx_word' id='word_1_276' title='bbox 1292 2057 1438 2088; x_wconf 59' lang='lat' dir='ltr'>ffiliacus</span> <span class='ocrx_word' id='word_1_277' title='bbox 1468 2056 1584 2088; x_wconf 67' lang='lat' dir='ltr'>lrabeat·</span> <span class='ocrx_word' id='word_1_278' title='bbox 1607 2057 1781 2089; x_wconf 65' lang='lat' dir='ltr'>comodc&#39;lus</span> <span class='ocrx_word' id='word_1_279' title='bbox 1813 2057 1849 2090; x_wconf 84' lang='lat' dir='ltr'>in</span> 
     </span>
     <span class='ocr_line' id='line_1_56' title="bbox 1176 2107 1847 2153; baseline 0.003 -13"><span class='ocrx_word' id='word_1_280' title='bbox 1176 2118 1242 2142; x_wconf 55' lang='lat' dir='ltr'>x‘ct.</span> <span class='ocrx_word' id='word_1_281' title='bbox 1259 2107 1380 2142; x_wconf 75' lang='lat' dir='ltr'>codice</span> <span class='ocrx_word' id='word_1_282' title='bbox 1402 2109 1509 2151; x_wconf 66' lang='lat' dir='ltr'>Regio</span> <span class='ocrx_word' id='word_1_283' title='bbox 1528 2108 1625 2153; x_wconf 82' lang='lat' dir='ltr'>apud</span> <span class='ocrx_word' id='word_1_284' title='bbox 1647 2109 1847 2150; x_wconf 81' lang='lat' dir='ltr'>Gudiumu,</span> 
     </span>
     <span class='ocr_line' id='line_1_57' title="bbox 1177 2160 1849 2205; baseline 0.004 -11"><span class='ocrx_word' id='word_1_285' title='bbox 1177 2174 1279 2205; x_wconf 81' lang='lat' dir='ltr'>quein</span> <span class='ocrx_word' id='word_1_286' title='bbox 1297 2160 1376 2194; x_wconf 80' lang='lat' dir='ltr'>vide</span> <span class='ocrx_word' id='word_1_287' title='bbox 1390 2160 1432 2194; x_wconf 78' lang='lat' dir='ltr'>ad</span> <span class='ocrx_word' id='word_1_288' title='bbox 1448 2161 1634 2195; x_wconf 83' lang='lat' dir='ltr'>Phaedrum</span> <span class='ocrx_word' id='word_1_289' title='bbox 1646 2188 1655 2203; x_wconf 82' lang='lat'>‚</span> <span class='ocrx_word' id='word_1_290' title='bbox 1668 2163 1684 2194; x_wconf 88' lang='lat' dir='ltr'>I</span> <span class='ocrx_word' id='word_1_291' title='bbox 1696 2188 1706 2203; x_wconf 88' lang='lat'>‚</span> <span class='ocrx_word' id='word_1_292' title='bbox 1730 2162 1773 2196; x_wconf 80' lang='lat'>25</span> <span class='ocrx_word' id='word_1_293' title='bbox 1788 2188 1797 2203; x_wconf 89' lang='lat'>‚</span> <span class='ocrx_word' id='word_1_294' title='bbox 1815 2167 1849 2203; x_wconf 73' lang='grc'>4.</span> 
     </span>
     <span class='ocr_line' id='line_1_58' title="bbox 1177 2214 1848 2249; baseline 0.001 -2"><span class='ocrx_word' id='word_1_295' title='bbox 1177 2215 1232 2247; x_wconf 86' lang='lat' dir='ltr'>Sic</span> <span class='ocrx_word' id='word_1_296' title='bbox 1246 2215 1409 2247; x_wconf 86' lang='lat' dir='ltr'>scribitur</span> <span class='ocrx_word' id='word_1_297' title='bbox 1425 2215 1461 2247; x_wconf 89' lang='lat' dir='ltr'>in</span> <span class='ocrx_word' id='word_1_298' title='bbox 1477 2214 1554 2248; x_wconf 82' lang='lat' dir='ltr'>cod.</span> <span class='ocrx_word' id='word_1_299' title='bbox 1569 2223 1637 2248; x_wconf 74' lang='lat' dir='ltr'>vet.</span> <span class='ocrx_word' id='word_1_300' title='bbox 1654 2215 1729 2249; x_wconf 80' lang='lat' dir='ltr'>Cic.</span> <span class='ocrx_word' id='word_1_301' title='bbox 1745 2215 1848 2249; x_wconf 85' lang='lat' dir='ltr'>Tusc.</span> 
     </span>
     <span class='ocr_line' id='line_1_59' title="bbox 1179 2267 1849 2313; baseline 0.003 -14"><span class='ocrx_word' id='word_1_302' title='bbox 1179 2268 1308 2308; x_wconf 72' lang='lat' dir='ltr'>anest.</span> <span class='ocrx_word' id='word_1_303' title='bbox 1330 2267 1390 2301; x_wconf 78' lang='lat' dir='ltr'>lib.</span> <span class='ocrx_word' id='word_1_304' title='bbox 1414 2268 1459 2307; x_wconf 90' lang='lat' dir='ltr'>V,</span> <span class='ocrx_word' id='word_1_305' title='bbox 1483 2280 1527 2311; x_wconf 79' lang='lat'>27</span> <span class='ocrx_word' id='word_1_306' title='bbox 1545 2294 1552 2307; x_wconf 92' lang='lat'><em>‚</em></span> <span class='ocrx_word' id='word_1_307' title='bbox 1585 2267 1645 2313; x_wconf 88' lang='lat' dir='ltr'>qui</span> <span class='ocrx_word' id='word_1_308' title='bbox 1677 2276 1787 2302; x_wconf 74' lang='lat' dir='ltr'>exstat</span> <span class='ocrx_word' id='word_1_309' title='bbox 1811 2269 1849 2301; x_wconf 90' lang='lat' dir='ltr'>in</span> 
     </span>
     <span class='ocr_line' id='line_1_60' title="bbox 1177 2319 1848 2366; baseline 0.003 -14"><span class='ocrx_word' id='word_1_310' title='bbox 1177 2320 1343 2353; x_wconf 74' lang='lat' dir='ltr'>Biblioth.</span> <span class='ocrx_word' id='word_1_311' title='bbox 1353 2322 1435 2365; x_wconf 66' lang='lat' dir='ltr'>neg.</span> <span class='ocrx_word' id='word_1_312' title='bbox 1448 2321 1553 2354; x_wconf 82' lang='lat' dir='ltr'>Paris.</span> <span class='ocrx_word' id='word_1_313' title='bbox 1567 2321 1602 2353; x_wconf 90' lang='lat' dir='ltr'>in</span> <span class='ocrx_word' id='word_1_314' title='bbox 1617 2319 1848 2366; x_wconf 78' lang='lat' dir='ltr'>cod.NeapoI.</span> 
     </span>
     <span class='ocr_line' id='line_1_61' title="bbox 1178 2373 1850 2418; baseline 0.001 -13"><span class='ocrx_word' id='word_1_315' title='bbox 1178 2374 1366 2406; x_wconf 62' lang='lat' dir='ltr'>PliuNHI</span> <span class='ocrx_word' id='word_1_316' title='bbox 1380 2399 1389 2415; x_wconf 84' lang='lat'>‚</span> <span class='ocrx_word' id='word_1_317' title='bbox 1408 2373 1426 2405; x_wconf 72' lang='lat'>3</span> <span class='ocrx_word' id='word_1_318' title='bbox 1442 2386 1451 2415; x_wconf 93' lang='lat'>;</span> <span class='ocrx_word' id='word_1_319' title='bbox 1470 2373 1506 2405; x_wconf 88' lang='lat' dir='ltr'>in</span> <span class='ocrx_word' id='word_1_320' title='bbox 1528 2374 1637 2418; x_wconf 86' lang='lat' dir='ltr'>antiq.</span> <span class='ocrx_word' id='word_1_321' title='bbox 1661 2373 1772 2407; x_wconf 89' lang='lat' dir='ltr'>Gloss.</span> <span class='ocrx_word' id='word_1_322' title='bbox 1791 2374 1850 2406; x_wconf 84' lang='lat' dir='ltr'>Di—</span> 
     </span>
     <span class='ocr_line' id='line_1_62' title="bbox 1176 2426 1847 2471; baseline 0 -12"><span class='ocrx_word' id='word_1_323' title='bbox 1176 2439 1318 2460; x_wconf 66' lang='lat' dir='ltr'>vonenS.</span> <span class='ocrx_word' id='word_1_324' title='bbox 1333 2426 1559 2471; x_wconf 82' lang='lat' dir='ltr'>septingentis</span> <span class='ocrx_word' id='word_1_325' title='bbox 1571 2426 1669 2459; x_wconf 87' lang='lat' dir='ltr'>annis</span> <span class='ocrx_word' id='word_1_326' title='bbox 1684 2426 1847 2459; x_wconf 70' lang='lat' dir='ltr'>vetustio-</span> 
     </span>
     <span class='ocr_line' id='line_1_63' title="bbox 1177 2478 1846 2524; baseline -0.001 -13"><span class='ocrx_word' id='word_1_327' title='bbox 1177 2480 1273 2512; x_wconf 76' lang='lat' dir='ltr'>ribus</span> <span class='ocrx_word' id='word_1_328' title='bbox 1284 2504 1292 2519; x_wconf 89' lang='lat'>‚</span> <span class='ocrx_word' id='word_1_329' title='bbox 1307 2478 1401 2524; x_wconf 85' lang='lat' dir='ltr'>apud</span> <span class='ocrx_word' id='word_1_330' title='bbox 1415 2479 1565 2524; x_wconf 77' lang='lat' dir='ltr'>ampliss.</span> <span class='ocrx_word' id='word_1_331' title='bbox 1585 2487 1778 2512; x_wconf 78' lang='lat' dir='ltr'>senatorem</span> <span class='ocrx_word' id='word_1_332' title='bbox 1797 2479 1846 2511; x_wconf 67' lang='lat' dir='ltr'>Dc</span> 
     </span>
     <span class='ocr_line' id='line_1_64' title="bbox 1177 2531 1843 2573; baseline -0.002 -10"><span class='ocrx_word' id='word_1_333' title='bbox 1177 2533 1208 2564; x_wconf 70' lang='lat' dir='ltr'>[a</span> <span class='ocrx_word' id='word_1_334' title='bbox 1236 2533 1352 2573; x_wconf 48' lang='lat' dir='ltr'>[Um-m</span> <span class='ocrx_word' id='word_1_335' title='bbox 1380 2541 1413 2565; x_wconf 90' lang='lat' dir='ltr'>et</span> <span class='ocrx_word' id='word_1_336' title='bbox 1450 2532 1485 2564; x_wconf 87' lang='lat' dir='ltr'>iu</span> <span class='ocrx_word' id='word_1_337' title='bbox 1514 2531 1582 2565; x_wconf 83' lang='lat' dir='ltr'>alio</span> <span class='ocrx_word' id='word_1_338' title='bbox 1610 2531 1843 2564; x_wconf 78' lang='lat' dir='ltr'>vetustissimo</span> 
     </span>
     <span class='ocr_line' id='line_1_65' title="bbox 1177 2583 1844 2629; baseline -0.001 -11"><span class='ocrx_word' id='word_1_339' title='bbox 1177 2585 1288 2618; x_wconf 72' lang='lat' dir='ltr'>Gloss.</span> <span class='ocrx_word' id='word_1_340' title='bbox 1317 2583 1590 2629; x_wconf 77' lang='lat' dir='ltr'>Longobardicis</span> <span class='ocrx_word' id='word_1_341' title='bbox 1619 2584 1727 2617; x_wconf 87' lang='lat' dir='ltr'>literis</span> <span class='ocrx_word' id='word_1_342' title='bbox 1767 2595 1844 2617; x_wconf 79' lang='lat' dir='ltr'>exa-</span> 
     </span>
     <span class='ocr_line' id='line_1_66' title="bbox 1175 2636 1844 2682; baseline 0 -12"><span class='ocrx_word' id='word_1_343' title='bbox 1175 2646 1270 2678; x_wconf 68' lang='lat' dir='ltr'>rato,</span> <span class='ocrx_word' id='word_1_344' title='bbox 1291 2650 1391 2682; x_wconf 83' lang='lat' dir='ltr'>quem</span> <span class='ocrx_word' id='word_1_345' title='bbox 1415 2637 1498 2670; x_wconf 88' lang='lat' dir='ltr'>olim</span> <span class='ocrx_word' id='word_1_346' title='bbox 1516 2637 1635 2669; x_wconf 86' lang='lat' dir='ltr'>Jacob.</span> <span class='ocrx_word' id='word_1_347' title='bbox 1661 2636 1844 2670; x_wconf 73' lang='lat' dir='ltr'>Mentelius</span> 
     </span>
     <span class='ocr_line' id='line_1_67' title="bbox 1176 2689 1694 2723; baseline 0 -1"><span class='ocrx_word' id='word_1_348' title='bbox 1176 2703 1253 2723; x_wconf 74' lang='lat' dir='ltr'>eum</span> <span class='ocrx_word' id='word_1_349' title='bbox 1276 2689 1393 2723; x_wconf 81' lang='lat' dir='ltr'>Gudio</span> <span class='ocrx_word' id='word_1_350' title='bbox 1413 2689 1694 2723; x_wconf 75' lang='lat' dir='ltr'>communicavit.</span> 
     </span>
    </p>
   </div>
   <div class='ocr_carea' id='block_1_8' title="bbox 2018 1106 2061 3288">
    <p class='ocr_par' dir='ltr' id='par_1_15' title="bbox 2018 1106 2061 3288">
     <span class='ocr_line' id='line_1_68' title="bbox 2018 1106 2061 3288; baseline 0 0"><span class='ocrx_word' id='word_1_351' title='bbox 2018 1106 2061 3288; x_wconf 95' lang='lat' dir='ltr'> </span> 
     </span>
    </p>
   </div>
  </div>
 </body>
</html>
