2061 3288
410 230 999 278 EPIGRAMMATUM
1037 231 1159 273 LIB.
1200 231 1264 272 II.

1443 230 1536 292 237

336 324 481 379 Quem
512 337 656 381 regem
683 329 726 363 et
751 318 977 363 dominum
1004 318 1124 379 prius
1156 316 1400 373 vocabam„

338 394 405 437 Ne
429 408 498 435 me
519 391 677 435 dixeris
702 407 793 434 esse
819 398 1121 433 contumacem
1147 405 1154 431 :

340 463 460 507 Totis
487 461 598 523 pilea
624 461 806 505 sarcinis
831 460 1006 504 redemi.

342 535 484 594 Reges
508 543 551 576 et
573 532 773 576 dominos
799 531 960 575 habere
981 529 1134 585 debet,

340 605 429 661 Qui
457 620 501 647 se
529 620 618 647 non
646 603 805 659 habet,
825 612 955 662 atque
982 601 1274 662 concupiscit,

344 674 478 732 Quod
499 691 622 735 reges
649 673 903 734 dominique
924 672 1255 733 concupiscunt.

338 746 522 789 Servum
545 746 578 789 si
599 754 723 806 potes
740 780 752 801 ‚
777 743 884 799 Ole,
909 760 999 787 non
1021 743 1207 799 habere3

338 817 395 860 Et
420 833 567 878 regem
591 826 738 877 potes,
764 814 847 859 Ole
862 851 874 872 ‚
895 831 985 858 non
1005 814 1180 858 habere.

189 965 220 986 2.
235 952 333 997 Quod
342 966 443 998 regem
458 952 666 987 Beverlandi
681 953 810 987 MS.—

136 1006 235 1050 Quem
258 1019 360 1051 regem
383 1015 414 1039 et
431 1007 601 1042 dominum.
627 1005 712 1040 Vid.
733 1019 810 1052 sup.

135 1059 243 1104 epigr.
263 1072 376 1101 xvnr,
395 1073 427 1094 v.
453 1062 487 1095 8.

189 1112 225 1145 3.
255 1112 329 1146 Non
355 1127 400 1146 me
435 1112 644 1147 Beverlandi
663 1111 738 1146 MS.
761 1133 812 1139 —

138 1164 369 1199 contumacem.
409 1166 490 1199 Non
527 1166 721 1212 superbum
755 1178 812 1198 me

137 1230 208 1251 esse
230 1217 360 1252 dixeris
379 1227 412 1253 et
430 1220 528 1265 quasi
549 1220 733 1260 rebellem3
753 1217 813 1251 sed

135 1271 252 1315 potius
270 1273 341 1304 mei
359 1280 560 1317 compotem
572 1298 581 1315 ‚
604 1281 638 1306 et
651 1271 813 1305 ambitio-

136 1324 189 1357 nis
208 1333 396 1369 expertem.
413 1326 480 1358 ΕΙ).

192 1382 225 1418 4.
245 1378 334 1410 Totis
344 1378 431 1422 pilea
446 1381 577 1412 sarcinis
590 1406 599 1419 ‚
622 1387 687 1412 etc.
707 1377 814 1423 Spor-

137 1430 238 1472 tulae‚
255 1442 432 1464 coenarum
446 1458 454 1474 ‚
471 1440 537 1465 etc.
554 1434 691 1477 jactura
710 1431 817 1464 liber-

139 1491 245 1516 tatem
278 1485 500 1530 comparavi3
528 1486 619 1519 hanc
650 1484 816 1518 omnibus

139 1537 313 1570 servitutis
336 1538 489 1584 praemiis
513 1538 689 1584 potiorem
710 1536 815 1570 duco.

140 1590 308 1635 Intelligit
337 1591 551 1625 Ramiresius
581 1604 589 1625 ε
622 1591 819 1625 Sarcinulas

141 1655 234 1676 meas
251 1643 397 1677 vendidi
413 1670 422 1685 ‚
444 1654 482 1678 ut
503 1657 640 1678 corrasa
659 1643 743 1677 inde
762 1657 820 1690 pe-

142 1696 245 1729 cunia
254 1708 390 1741 possem
401 1698 566 1742 sportulae
579 1706 645 1731 tuae
657 1698 820 1743 supplere

142 1749 266 1782 vicem.
294 1765 346 1771 --
369 1751 474 1783 Pilecz.
501 1751 702 1796 Antiquitus
731 1750 822 1783 servi

144 1809 274 1835 statum
284 1811 478 1845 mutantes,
498 1817 535 1837 ac
553 1803 755 1837 manumissi
771 1815 824 1836 ca-

144 1855 218 1900 pite
232 1868 309 1889 raso
324 1857 457 1902 pileum
476 1856 706 1903 accipiebant.
724 1857 824 1889 Plau-

145 1917 200 1942 tus
218 1909 255 1941 in
274 1910 535 1957 Amphitryone
557 1923 565 1944 :
598 1928 610 1939 «
629 1909 738 1952 Quod
765 1909 824 1942 ille

146 1961 248 1995 faciat
273 1963 432 2008 Jupiter,
454 1964 503 1997 Ut
525 1976 589 2010 ego
614 1962 721 1996 hodie
746 1975 824 1996 raso

147 2015 260 2059 capite
273 2016 388 2049 calvus
398 2017 534 2062 capiam
545 2017 690 2063 pileum.
708 2034 721 2045 ›-
743 2016 825 2049 Haec

149 2076 228 2100 sunt
256 2069 345 2101 servi
375 2070 478 2103 Sosiae
505 2070 612 2103 verba
643 2070 703 2116 qui
729 2077 827 2115 optat

149 2130 360 2155 manumltti.

205 2176 239 2206 6.
264 2174 331 2217 Oui
353 2188 394 2208 se.
422 2176 455 2208 Is
478 2174 608 2209 dicitur
624 2189 659 2209 se
677 2177 826 2218 habere,

151 2229 210 2270 qui
229 2239 307 2260 suas
325 2227 531 2274 cupiditates
550 2239 697 2263 coercet.

206 2292 239 2322 7.
272 2280 370 2325 Quod
394 2294 481 2326 reges
508 2285 737 2327 concupiscunt.
767 2283 829 2315 Di-

869 952 968 986 vitias
982 979 991 994 ‚
1020 966 1156 990 servos,
1188 955 1341 989 clientes.
1364 956 1446 991 Haec
1464 971 1548 991 vero

870 1014 912 1039 ut
949 1006 1130 1052 acquirant
1162 1006 1297 1041 domini
1315 1036 1324 1051 ‚
1360 1011 1551 1055 majoribus

870 1059 1027 1093 serviunt
1057 1059 1213 1094 dominis
1232 1087 1242 1103 ‚
1274 1070 1313 1095 ut
1345 1063 1452 1097 hodie
1484 1077 1550 1097 no-

870 1113 1011 1146 biliores
1041 1114 1155 1148 aulici.
1182 1115 1257 1160 Ego
1289 1128 1374 1150 vero
1388 1143 1397 1159 ,
1430 1117 1549 1163 inquit

871 1166 977 1199 Poeta
991 1191 1001 1207 ‚
1021 1179 1077 1200 me
1103 1167 1216 1201 habeo
1229 1195 1238 1210 ‚
1263 1177 1297 1202 et
1317 1171 1407 1204 nihil
1431 1184 1550 1216 quaero

869 1218 976 1253 aliud.

928 1274 962 1306 8.
984 1272 1112 1306 Servum
1136 1277 1163 1307 si
1184 1283 1296 1320 potes,
1319 1284 1383 1310 etc.
1405 1277 1456 1309 Ex
1479 1276 1553 1311 istis

872 1325 1119 1359 salutatoribus
1154 1336 1188 1361 et
1223 1330 1553 1364 anteambulonibus

871 1379 1068 1412 fastuosum
1088 1393 1190 1413 suum
1208 1382 1405 1415 colentibus
1422 1396 1552 1428 regem,

874 1444 953 1477 pars
994 1441 1067 1466 erat
1103 1434 1229 1478 quibus
1243 1461 1251 1475 ,
1281 1434 1324 1468 ad
1365 1437 1555 1471 necessaria

875 1483 1022 1518 emenda
1037 1511 1046 1526 ‚
1071 1487 1192 1519 utilior
1222 1497 1295 1521 erat
1316 1490 1554 1534 sportularum

876 1546 1092 1583 proventus;
1108 1553 1188 1585 pars
1200 1565 1209 1582 ,
1227 1542 1354 1587 quibus
1373 1542 1415 1575 ad
1439 1555 1557 1589 super-

876 1603 1027 1626 vacanea
1057 1601 1193 1626 tantum
1217 1595 1285 1628 sibi
1311 1595 1467 1641 paranda
1499 1597 1557 1630 ille

878 1647 1096 1690 suppetebat.
1118 1648 1228 1680 Erant
1245 1649 1338 1681 enim
1358 1650 1478 1683 miseri
1498 1650 1558 1683 cli-

880 1707 976 1731 entes
998 1699 1125 1744 quibus
1138 1727 1147 1742 ‚
1166 1709 1205 1734 ut
1222 1701 1269 1734 ait
1281 1702 1406 1737 Juven.
1423 1703 1492 1737 Sat.
1513 1705 1530 1736 I
1546 1716 1555 1735 z

885 1768 898 1781 ιι
918 1751 1010 1784 Hinc
1030 1761 1108 1798 toga
1121 1779 1129 1794 ‚
1153 1755 1287 1788 calceus
1314 1756 1397 1790 hinc
1424 1765 1494 1798 est,
1511 1757 1557 1790 Et

880 1804 980 1849 panis
1000 1805 1185 1852 fumusque
1201 1806 1299 1842 domi
1320 1826 1332 1838 u
1352 1822 1362 1851 ;
1384 1817 1482 1843 erant
1502 1822 1560 1843 au-

881 1865 951 1890 tem
977 1858 1035 1891 alii
1053 1871 1130 1892 rem
1151 1860 1340 1906 quamdam
1359 1874 1425 1907 per
1446 1874 1482 1896 se
1509 1863 1560 1896 fa-

882 1910 1054 1944 miliarem
1072 1912 1256 1955 habentes,
1275 1923 1309 1948 et
1326 1916 1497 1961 sportulas
1512 1924 1562 1949 ta-

884 1976 963 1996 men
995 1964 1153 2011 accipere
1188 1979 1260 1999 non
1293 1969 1534 2002 erubescentes
1549 1994 1559 2008 ,

885 2016 979 2050 unde
996 2019 1065 2051 suis
1082 2018 1306 2065 indulgerent
1321 2020 1456 2055 deliciis
1469 2047 1478 2064 ‚
1495 2033 1564 2055 ser-

884 2083 1011 2104 vorum
1038 2084 1180 2117 operas,
1211 2074 1392 2107 clientium
1421 2075 1563 2109 turbam

888 2124 954 2169 ipsi
971 2134 1147 2166 emerent,
1162 2134 1228 2160 etc.
1239 2148 1292 2155 —
1303 2128 1440 2170 Quibus
1455 2129 1563 2161 rebus

886 2177 914 2210 si
930 2189 1047 2211 carere
1059 2179 1204 2221 vellent,
1223 2189 1256 2213 et
1274 2194 1355 2226 rege
1372 2193 1488 2214 carere
1503 2194 1565 2227 po·

888 2231 1194 2267 terant.Videatur
1209 2233 1269 2267 lib.
1287 2234 1357 2276 IX,
1376 2234 1484 2280 epigr.
1506 2247 1542 2268 xx
1554 2258 1565 2276 ,

889 2296 937 2317 vs.
959 2289 990 2325 4.
1010 2285 1077 2320 ΕΙ).
