2061 3288
450 238 548 285 386

821 238 882 281 Μ.
905 238 985 283 VA
999 238 1047 282 L.
1088 238 1481 285 MARTIALIS

514 330 623 374 Tam
649 328 760 372 bene
786 344 884 372 rara
909 345 988 372 suo
1015 328 1251 373 miscentur
1277 330 1478 375 cinnama
1504 332 1665 390 nardo,

583 400 772 444 Massica
794 399 971 443 Theseis
996 409 1086 443 tam
1111 399 1222 443 bene
1246 399 1347 443 vina
1373 401 1494 446 favis.

513 472 605 514 Nec
633 469 785 514 melius
815 469 973 514 teneris
993 470 1239 531 junguntur
1267 471 1427 515 vitibus
1452 471 1579 529 ulmi⁷
1844 496 1858 521 5

583 543 678 586 Nec
704 540 801 602 plus
827 540 940 584 lotos
965 556 1124 601 aquas,
1150 540 1277 584 litora
1301 552 1470 602 myrtus
1498 554 1626 588 amat.

513 611 712 657 Candida
743 620 956 673 perpetuo
986 611 1148 667 reside,
1172 612 1445 666 Concordia,
1466 612 1602 671 lecto,

584 685 779 743 Tamque
804 683 899 743 pari
925 699 1096 743 semper
1126 683 1181 727 sit
1204 684 1356 726 Venus
1381 700 1502 744 aequa
1525 685 1647 746 jugo.

512 753 677 815 Diligat
705 753 777 797 illa
807 769 953 796 senem
983 752 1203 813 quondam
1227 770 1235 796 :
1263 753 1338 797 sed
1363 763 1407 798 et
1428 755 1520 815 ipsa
1542 758 1721 813 marito,

579 827 703 869 Tunc
724 840 898 885 quoque
921 841 1057 885 quum
1081 823 1236 880 fuerit,
1257 841 1346 868 non
1369 824 1568 869 videatur
1593 842 1713 872 anus.
1824 856 1854 872 ιο

440 965 487 999 tia
500 990 509 1006 ‚
531 964 726 1009 lzisflorc'bus
744 990 753 1003 ‚
775 977 793 996 ο
813 963 954 1009 Apollo!
980 962 1019 997 id
1043 972 1114 1003 est,

439 1019 517 1052 colo
530 1026 564 1051 te
580 1026 614 1050 et
625 1028 776 1050 veneror
793 1017 849 1050 his
865 1016 1011 1050 floribus
1023 1044 1031 1057 ‚
1049 1030 1118 1063 qua

437 1072 476 1104 in
507 1070 686 1104 locutione
714 1070 893 1103 vocativus
916 1070 1024 1103 Macte
1051 1083 1118 1116 pro

437 1124 656 1158 nominativo
672 1132 861 1168 usurpatur
874 1147 884 1164 ‚
903 1131 943 1156 ut
958 1134 1048 1168 saepe
1068 1123 1118 1156 fa-

438 1178 562 1211 ctitant
590 1176 718 1210 Latini.
748 1175 932 1209 Interdum
960 1175 1119 1209 adverbii

437 1243 537 1263 more
553 1230 720 1275 ponitur,
739 1229 831 1262 sicut
844 1229 964 1269 Livio,
982 1229 1042 1262 lib.
1060 1230 1095 1262 ΙΙ
1107 1255 1117 1270 ,

443 1301 456 1313 «
472 1284 639 1316 Juberem
656 1290 769 1316 macte
788 1283 917 1315 virtute
934 1293 1005 1314 esse
1036 1299 1049 1311 »

436 1338 620 1370 Hrnzenaee.
647 1335 859 1379 Nuptiarum
882 1347 1026 1379 praeses,
1045 1330 1116 1367 Ᾰπὸ

438 1379 490 1423 tei]
517 1391 592 1434 ἐμεῦ
615 1389 712 1421 ναίειν
735 1388 787 1420 ὅτε
812 1385 883 1425 εὖν,
906 1388 1115 1425 συνευνάζεται

437 1445 514 1488 ἀνὴρ
531 1442 668 1486 γυναικί·
681 1441 735 1473 vel
747 1453 764 1473 a
779 1440 1022 1472 membranula
1036 1440 1092 1472 illa
1105 1464 1115 1480 ‚

437 1508 514 1541 quta
543 1494 737 1539 virginibus
770 1493 807 1526 iu
832 1492 948 1538 primo
977 1493 1115 1526 veneris

436 1549 533 1582 aditu
555 1547 742 1593 rumpitur.
766 1546 837 1578 Alii
862 1545 905 1578 ad
931 1545 1115 1578 historiam

436 1601 480 1635 (le
496 1601 687 1646 Hymenaeo
704 1598 856 1644 quodam
875 1597 1004 1643 Argivo
1024 1598 1114 1630 refe-

437 1662 542 1694 runt,
569 1662 603 1687 et
621 1653 662 1686 ab
688 1654 760 1698 ejus
786 1648 899 1697 (quod
921 1651 1114 1695 virginibus

436 1707 561 1741 Atticis
572 1719 590 1740 a
602 1705 752 1751 Pelasgis
767 1704 876 1750 raptis
892 1704 1113 1749 praestiterat)

437 1759 598 1793 subsidio
614 1784 623 1800 ,
658 1758 860 1792 institutum
894 1758 1011 1790 ferunt
1046 1757 1112 1802 hy-

436 1826 559 1846 mnum
570 1838 579 1853 ‚
593 1812 654 1858 qui
673 1813 849 1858 lehi-menceus
863 1809 1009 1851 dicitur,
1032 1823 1115 1855 qua-

436 1867 480 1900 lis
500 1865 666 1899 Romanis
695 1865 857 1897 thalassio.
881 1862 975 1896 Vide
993 1863 1056 1897 lib.
1074 1864 1113 1904 I,

437 1920 546 1965 epigr.
566 1930 671 1951 xxxv1
686 1944 695 1958 ‚
709 1930 761 1951 vs.
782 1920 815 1950 6.
836 1916 978 1950 Famula.

491 1974 525 2006 3.
562 1974 641 2005 Tam
669 1971 743 2003 bene
771 1983 845 2002 rara
864 1997 871 2008 ‚
899 1978 964 2002 etc.
994 1969 1110 2010 Quam

435 2026 588 2059 suaviter
606 2024 796 2057 miscentur
809 2021 919 2056 nardo
933 2022 1091 2055 cinnannz
1102 2050 1110 2063 ‚

435 2087 506 2112 tani
527 2078 676 2112 feliciter
694 2077 851 2122 jungitur
871 2074 1019 2121 Claudia
1041 2076 1111 2108 Pu-

433 2131 542 2165 denti.
564 2153 616 2157 -
641 2132 740 2163 Rara.
769 2130 934 2162 Pretiosa.
955 2150 1006 2154 —-
1031 2129 1108 2162 Suo.

434 2186 499 2218 Cui
518 2184 649 2218 scilicet
675 2181 826 2228 quadam
846 2181 937 2215 felici
960 2183 1108 2215 necessi-

430 2237 555 2271 tudine
585 2235 737 2282 jucunde
768 2234 1003 2280 conjungitur.
1039 2235 1106 2268 ΕΙ).

431 2312 484 2317 --
505 2291 672 2324 Cimmma.
690 2290 901 2323 Cinnamum
920 2296 969 2321 cst
981 2286 1106 2320 odora-

429 2352 488 2376 tus
505 2344 616 2376 frutex
628 2368 636 2383 ,
650 2342 721 2376 sive
737 2350 957 2387 unguentum
974 2352 1016 2373 ex
1032 2342 1106 2384 ejus

430 2408 532 2429 succo
550 2396 693 2429 factum.
714 2394 906 2427 Arbuscula
924 2402 973 2426 est
985 2393 1105 2426 eadem

430 2457 532 2494 atque
565 2449 850 2488 cinnamomum3
879 2446 1033 2479 nascitur
1067 2447 1103 2479 in

429 2501 607 2546 [Ethiopia
626 2513 632 2534 :
655 2499 796 2546 quidam
822 2498 859 2533 id
882 2512 953 2533 esse
976 2508 1103 2544 putant

427 2553 523 2599 quod
544 2566 706 2586 vocamus
731 2553 822 2587 Galli
845 2553 883 2585 de
902 2553 934 2584 la
950 2553 1100 2585 cannelle.

426 2607 557 2641 Nat-dus
570 2619 709 2651 quoque
722 2606 834 2639 frutex
849 2614 899 2639 est
911 2604 1086 2638 odoratus.

482 2665 513 2699 2'1.
538 2660 677 2692 Massica
703 2659 839 2692 Theseis.
862 2659 913 2691 Ex
942 2659 1041 2691 melle
1066 2667 1099 2692 et

1176 965 1260 998 vino
1282 965 1437 999 mulsum
1459 965 1710 999 conficiebatur
1726 992 1734 1008 ‚
1755 965 1853 1012 potio

1176 1016 1341 1051 videlicet
1360 1018 1510 1063 antiquis
1527 1019 1720 1064 gratissima
1739 1022 1855 1063 :favos

1183 1070 1316 1103 Theseos
1357 1069 1443 1104 dicit
1478 1084 1543 1116 pro
1579 1072 1702 1106 Atticis
1722 1097 1732 1111 ‚
1772 1073 1855 1119 quia

1177 1123 1332 1157 Theseus
1348 1124 1504 1173 regnarit
1519 1124 1556 1157 in
1571 1125 1698 1158 Attica.
1717 1125 1855 1171 Signifi-

1177 1185 1232 1209 cat
1249 1184 1317 1210 tam
1339 1177 1486 1210 feliciter
1503 1178 1671 1222 conjungi
1691 1179 1759 1211 mel
1779 1179 1853 1225 Hy-

1176 1229 1337 1262 mettium
1346 1230 1428 1262 vino
1438 1230 1585 1275 optimo,
1594 1243 1698 1276 quam
1711 1230 1854 1264 Puden-

1176 1289 1247 1315 tem
1267 1281 1434 1316 Claudiae.
1448 1281 1530 1315 Vid.
1545 1283 1638 1317 Plin.
1657 1284 1717 1317 lib.
1729 1285 1854 1326 XXII,

1175 1346 1250 1378 cap.
1278 1339 1335 1375 24.
1362 1357 1413 1361 —-
1436 1335 1588 1369 Massica.
1611 1335 1704 1369 Vide
1729 1337 1790 1370 lib.
1813 1338 1852 1380 I,

1177 1387 1285 1431 epigr.
1309 1400 1426 1428 xxvn,
1444 1401 1491 1421 vs.
1512 1389 1546 1421 8.

1230 1442 1264 1473 6.
1287 1441 1396 1474 Lotos.
1422 1441 1540 1473 Arbor
1565 1448 1616 1473 est
1642 1441 1742 1487 aquis
1765 1455 1851 1487 gau-

1175 1491 1281 1532 dens,
1315 1494 1414 1538 cujus
1443 1493 1577 1526 fructus
1601 1492 1851 1537 dulcissimus,

1174 1544 1259 1577 adeo
1273 1553 1311 1578 ut
1328 1547 1502 1578 Homerus
1519 1545 1611 1579 dicat
1625 1547 1736 1580 socios
1749 1548 1852 1586 Ulvs-

1173 1597 1218 1630 sis
1239 1610 1280 1630 eo
1299 1607 1434 1643 gustato
1458 1598 1609 1632 noluisse
1631 1599 1667 1632 in
1698 1587 1849 1645 patriam

1171 1649 1313 1692 redire;
1347 1652 1432 1684 hinc
1458 1651 1685 1695 proverbium
1712 1664 1720 1685 :
1746 1654 1850 1687 Loton

1170 1707 1322 1749 gustavit.
1343 1703 1434 1737 Vide
1456 1704 1600 1738 Homer.
1624 1703 1751 1750 Odyss.
1773 1707 1847 1746 1X;

1173 1766 1207 1791 et
1220 1757 1352 1790 Plinius
1366 1756 1531 1790 describit
1544 1757 1642 1790 loton
1653 1758 1741 1791 XIII
1754 1784 1763 1800 ,
1784 1772 1797 1792 1
1807 1771 1848 1804 7;

1172 1818 1222 1844 est
1240 1810 1341 1843 etiam
1355 1810 1444 1843 lotos
1456 1810 1564 1843 herba
1580 1809 1616 1842 in
1635 1811 1846 1855 palustrium

1171 1875 1309 1909 genere.
1325 1862 1418 1896 Vide
1433 1863 1584 1896 Fron-im
1595 1863 1825 1908 Virgilianam
1836 1891 1846 1907 ‚

1170 1929 1248 1962 pag.
1277 1929 1363 1950 Lxxx
1383 1942 1392 1956 ‚
1415 1924 1506 1949 nost.
1538 1915 1621 1949 edit.
1645 1924 1728 1950 tom.
1754 1929 1845 1960 vnr,

1170 1970 1232 2003 ubi
1269 1970 1369 2014 plura
1403 1977 1437 2002 et
1467 1981 1558 2001 nova
1586 1970 1747 2014 reperies.
1777 1971 1844 2004 En.

1169 2044 1221 2049 —
1236 2023 1347 2054 Litora
1375 2029 1502 2068 nim-tus.
1526 2022 1664 2066 Myrtos
1689 2023 1784 2056 nasci
1806 2023 1845 2057 in

1169 2075 1351 2108 maritimis
1371 2075 1456 2107 locis
1477 2075 1692 2119 experientia
1717 2074 1843 2118 ‹locet3

1168 2129 1204 2161 in
1224 2128 1392 2161 montosis
1412 2136 1525 2160 autem
1537 2136 1569 2161 et
1583 2126 1843 2163 mediterraneis

1166 2194 1238 2214 non
1258 2181 1484 2226 proveniunt.

1222 2247 1256 2278 7.
1287 2233 1434 2267 Candida
1448 2242 1599 2279 perpetuo
1620 2234 1735 2266 residet
1761 2234 1842 2269 Ald.

1165 2287 1265 2320 Junt.
1287 2287 1402 2320 Colin.
1432 2286 1570 2331 Gryph.
1593 2295 1657 2320 etc.
1678 2308 1731 2312 —
1754 2287 1840 2321 Con-

1166 2340 1284 2372 cordia.
1300 2341 1407 2372 Deam
1421 2339 1576 2384 intellige
1595 2339 1841 2383 Concordiam,

1165 2394 1222 2426 cui
1253 2393 1421 2437 templum
1451 2392 1561 2425 erexit
1591 2393 1838 2438 Vespasianus.

1163 2447 1289 2479 Juven.
1313 2445 1380 2478 Sat.
1402 2446 1418 2477 I
1441 2458 1449 2477 :
1476 2463 1487 2473 u
1508 2445 1663 2490 Quaeque
1689 2446 1837 2479 salutato

1162 2499 1310 2544 crepitat
1327 2496 1524 2531 Concordia
1540 2497 1639 2530 nido.
1661 2514 1674 2527 n

1215 2565 1250 2596 9.
1272 2552 1403 2596 Diligat
1420 2553 1486 2595 ipsa
1504 2549 1584 2584 Ald.
1601 2551 1700 2584 Junt.
1721 2550 1834 2583 Colin.

1161 2605 1298 2650 Grypli.
1319 2612 1407 2644 etc.;
1428 2604 1482 2636 illa
1497 2602 1574 2636 cod.
1596 2603 1780 2638 Pulmann.
1802 2611 1836 2636 et

1160 2656 1365 2692 Beverlandi
1382 2656 1455 2689 MS.
