<?xml version="1.0" encoding="UTF-8"?>
<!DOCTYPE html PUBLIC "-//W3C//DTD XHTML 1.0 Transitional//EN"
    "http://www.w3.org/TR/xhtml1/DTD/xhtml1-transitional.dtd">
<html xmlns="http://www.w3.org/1999/xhtml" xml:lang="en" lang="en">
 <head>
  <title>
</title>
<meta http-equiv="Content-Type" content="text/html;charset=utf-8" />
  <meta name='ocr-system' content='tesseract 3.04.00' />
  <meta name='ocr-capabilities' content='ocr_page ocr_carea ocr_par ocr_line ocrx_word'/>
</head>
<body>
  <div class='ocr_page' id='page_1' title='image "./epigrammata01martuoft_0302.png"; bbox 0 0 2061 3288; ppageno 0'>
   <div class='ocr_carea' id='block_1_1' title="bbox 449 229 538 275">
    <p class='ocr_par' dir='ltr' id='par_1_1' title="bbox 449 229 538 275">
     <span class='ocr_line' id='line_1_1' title="bbox 449 229 538 275; baseline 0.022 -2"><span class='ocrx_word' id='word_1_1' title='bbox 449 229 538 275; x_wconf 72' lang='grc'>138</span> 
     </span>
    </p>
   </div>
   <div class='ocr_carea' id='block_1_2' title="bbox 816 232 1472 276">
    <p class='ocr_par' dir='ltr' id='par_1_2' title="bbox 816 232 1472 276">
     <span class='ocr_line' id='line_1_2' title="bbox 816 232 1472 276; baseline 0.002 -2"><span class='ocrx_word' id='word_1_2' title='bbox 816 232 878 274; x_wconf 82' lang='lat' dir='ltr'>M.</span> <span class='ocrx_word' id='word_1_3' title='bbox 899 232 1040 275; x_wconf 77' lang='lat' dir='ltr'><strong>VAL.</strong></span> <span class='ocrx_word' id='word_1_4' title='bbox 1081 233 1472 276; x_wconf 73' lang='lat' dir='ltr'><strong>MARTIALIS</strong></span> 
     </span>
    </p>
   </div>
   <div class='ocr_carea' id='block_1_3' title="bbox 509 313 1801 659">
    <p class='ocr_par' dir='ltr' id='par_1_3' title="bbox 579 313 1601 379">
     <span class='ocr_line' id='line_1_3' title="bbox 579 313 1601 379; baseline 0.004 -19"><span class='ocrx_word' id='word_1_5' title='bbox 579 318 636 361; x_wconf 84' lang='lat' dir='ltr'>At</span> <span class='ocrx_word' id='word_1_6' title='bbox 660 327 706 361; x_wconf 87' lang='lat' dir='ltr'>tu</span> <span class='ocrx_word' id='word_1_7' title='bbox 729 313 865 379; x_wconf 84' lang='lat' dir='ltr'>(proh</span> <span class='ocrx_word' id='word_1_8' title='bbox 889 314 1101 375; x_wconf 69' lang='lat' dir='ltr'>facinusl)</span> <span class='ocrx_word' id='word_1_9' title='bbox 1123 322 1274 376; x_wconf 74' lang='lat' dir='ltr'>Bassa,</span> <span class='ocrx_word' id='word_1_10' title='bbox 1300 320 1469 364; x_wconf 84' lang='lat' dir='ltr'>fututor</span> <span class='ocrx_word' id='word_1_11' title='bbox 1494 336 1601 364; x_wconf 84' lang='lat' dir='ltr'>eras.</span> 
     </span>
    </p>

    <p class='ocr_par' dir='ltr' id='par_1_4' title="bbox 510 390 1580 522">
     <span class='ocr_line' id='line_1_4' title="bbox 510 390 1580 450; baseline 0.004 -19"><span class='ocrx_word' id='word_1_12' title='bbox 510 390 631 431; x_wconf 83' lang='lat' dir='ltr'>Inter</span> <span class='ocrx_word' id='word_1_13' title='bbox 655 405 699 432; x_wconf 88' lang='lat' dir='ltr'>se</span> <span class='ocrx_word' id='word_1_14' title='bbox 722 390 918 450; x_wconf 81' lang='lat' dir='ltr'>geminos</span> <span class='ocrx_word' id='word_1_15' title='bbox 941 390 1074 435; x_wconf 86' lang='lat' dir='ltr'>audes</span> <span class='ocrx_word' id='word_1_16' title='bbox 1095 392 1367 435; x_wconf 78' lang='lat' dir='ltr'>committere</span> <span class='ocrx_word' id='word_1_17' title='bbox 1389 407 1580 445; x_wconf 77' lang='lat' dir='ltr'>cunnos,</span> 
     </span>
     <span class='ocr_line' id='line_1_5' title="bbox 579 460 1505 522; baseline 0.003 -20"><span class='ocrx_word' id='word_1_18' title='bbox 579 460 880 521; x_wconf 80' lang='lat' dir='ltr'>Mentiturque</span> <span class='ocrx_word' id='word_1_19' title='bbox 904 461 1049 505; x_wconf 84' lang='lat' dir='ltr'>virum</span> <span class='ocrx_word' id='word_1_20' title='bbox 1074 462 1322 522; x_wconf 78' lang='lat' dir='ltr'>prodigiosa</span> <span class='ocrx_word' id='word_1_21' title='bbox 1341 463 1505 506; x_wconf 87' lang='lat' dir='ltr'>Venus.</span> 
     </span>
    </p>

    <p class='ocr_par' dir='ltr' id='par_1_5' title="bbox 509 531 1801 659">
     <span class='ocr_line' id='line_1_6' title="bbox 509 531 1801 594; baseline 0.002 -21"><span class='ocrx_word' id='word_1_22' title='bbox 509 531 773 574; x_wconf 81' lang='lat' dir='ltr'>Commenta</span> <span class='ocrx_word' id='word_1_23' title='bbox 795 548 840 575; x_wconf 88' lang='lat' dir='ltr'>es</span> <span class='ocrx_word' id='word_1_24' title='bbox 863 531 1043 593; x_wconf 85' lang='lat' dir='ltr'>dignum</span> <span class='ocrx_word' id='word_1_25' title='bbox 1067 533 1258 577; x_wconf 83' lang='lat' dir='ltr'>thebano</span> <span class='ocrx_word' id='word_1_26' title='bbox 1284 533 1510 594; x_wconf 83' lang='lat' dir='ltr'>aenigmate</span> <span class='ocrx_word' id='word_1_27' title='bbox 1532 541 1775 577; x_wconf 85' lang='lat' dir='ltr'>monstrum</span> <span class='ocrx_word' id='word_1_28' title='bbox 1794 549 1801 575; x_wconf 91' lang='lat'>:</span> 
     </span>
     <span class='ocr_line' id='line_1_7' title="bbox 580 602 1546 659; baseline 0.003 -15"><span class='ocrx_word' id='word_1_29' title='bbox 580 603 685 657; x_wconf 83' lang='lat' dir='ltr'>Hic,</span> <span class='ocrx_word' id='word_1_30' title='bbox 711 602 785 645; x_wconf 86' lang='lat' dir='ltr'>ubi</span> <span class='ocrx_word' id='word_1_31' title='bbox 807 603 874 645; x_wconf 76' lang='lat' dir='ltr'>vir</span> <span class='ocrx_word' id='word_1_32' title='bbox 899 619 988 647; x_wconf 88' lang='lat' dir='ltr'>non</span> <span class='ocrx_word' id='word_1_33' title='bbox 1014 613 1099 659; x_wconf 83' lang='lat' dir='ltr'>est,</span> <span class='ocrx_word' id='word_1_34' title='bbox 1122 613 1170 647; x_wconf 86' lang='lat' dir='ltr'>ut</span> <span class='ocrx_word' id='word_1_35' title='bbox 1192 604 1244 648; x_wconf 87' lang='lat' dir='ltr'>sit</span> <span class='ocrx_word' id='word_1_36' title='bbox 1270 603 1546 647; x_wconf 71' lang='lat' dir='ltr'>adulterium„</span> 
     </span>
    </p>
   </div>
   <div class='ocr_carea' id='block_1_4' title="bbox 440 739 1124 1531">
    <p class='ocr_par' dir='ltr' id='par_1_6' title="bbox 440 739 1120 1211">
     <span class='ocr_line' id='line_1_8' title="bbox 493 739 1113 786; baseline 0.005 -14"><span class='ocrx_word' id='word_1_37' title='bbox 493 742 526 772; x_wconf 59' lang='grc' dir='ltr'>(ἦ.</span> <span class='ocrx_word' id='word_1_38' title='bbox 557 739 697 773; x_wconf 71' lang='lat' dir='ltr'>Faltctor</span> <span class='ocrx_word' id='word_1_39' title='bbox 713 754 794 782; x_wconf 79' lang='lat' dir='ltr'>cras,</span> <span class='ocrx_word' id='word_1_40' title='bbox 816 741 936 786; x_wconf 72' lang='grc' dir='ltr'>Τριβὰς</span> <span class='ocrx_word' id='word_1_41' title='bbox 950 766 960 783; x_wconf 85' lang='grc'>,</span> <span class='ocrx_word' id='word_1_42' title='bbox 985 742 1113 783; x_wconf 72' lang='grc' dir='ltr'>ὄλῖσβῡυ</span> 
     </span>
     <span class='ocr_line' id='line_1_9' title="bbox 440 794 1115 838; baseline 0.004 -13"><span class='ocrx_word' id='word_1_43' title='bbox 440 804 544 838; x_wconf 82' lang='lat' dir='ltr'>opera</span> <span class='ocrx_word' id='word_1_44' title='bbox 565 805 636 827; x_wconf 87' lang='lat' dir='ltr'>usa.</span> <span class='ocrx_word' id='word_1_45' title='bbox 655 815 708 823; x_wconf 82' lang='lat'>—·</span> <span class='ocrx_word' id='word_1_46' title='bbox 730 794 880 828; x_wconf 83' lang='lat' dir='ltr'>Fulutor.</span> <span class='ocrx_word' id='word_1_47' title='bbox 902 795 963 828; x_wconf 89' lang='lat' dir='ltr'>Est</span> <span class='ocrx_word' id='word_1_48' title='bbox 982 795 1115 828; x_wconf 79' lang='lat' dir='ltr'>auxesis</span> 
     </span>
     <span class='ocr_line' id='line_1_10' title="bbox 440 845 1114 893; baseline 0.003 -15"><span class='ocrx_word' id='word_1_49' title='bbox 440 845 475 879; x_wconf 88' lang='lat' dir='ltr'>in</span> <span class='ocrx_word' id='word_1_50' title='bbox 487 846 762 889; x_wconf 78' lang='lat' dir='ltr'>nominefututor</span> <span class='ocrx_word' id='word_1_51' title='bbox 775 846 940 893; x_wconf 85' lang='lat' dir='ltr'>adjuncto</span> <span class='ocrx_word' id='word_1_52' title='bbox 956 848 1094 881; x_wconf 84' lang='lat' dir='ltr'>feminae</span> <span class='ocrx_word' id='word_1_53' title='bbox 1106 874 1114 889; x_wconf 89' lang='lat'>‚</span> 
     </span>
     <span class='ocr_line' id='line_1_11' title="bbox 441 899 1117 948; baseline 0.004 -17"><span class='ocrx_word' id='word_1_54' title='bbox 441 911 544 944; x_wconf 81' lang='lat' dir='ltr'>quam</span> <span class='ocrx_word' id='word_1_55' title='bbox 556 899 759 933; x_wconf 86' lang='lat' dir='ltr'>fututricem</span> <span class='ocrx_word' id='word_1_56' title='bbox 771 913 835 946; x_wconf 86' lang='lat' dir='ltr'>par</span> <span class='ocrx_word' id='word_1_57' title='bbox 845 910 918 935; x_wconf 87' lang='lat' dir='ltr'>erat</span> <span class='ocrx_word' id='word_1_58' title='bbox 928 901 1117 948; x_wconf 86' lang='lat' dir='ltr'>appellare;</span> 
     </span>
     <span class='ocr_line' id='line_1_12' title="bbox 441 951 1118 999; baseline 0.006 -15"><span class='ocrx_word' id='word_1_59' title='bbox 441 951 503 984; x_wconf 84' lang='lat' dir='ltr'>scd</span> <span class='ocrx_word' id='word_1_60' title='bbox 522 951 600 986; x_wconf 85' lang='lat' dir='ltr'>data</span> <span class='ocrx_word' id='word_1_61' title='bbox 616 953 684 987; x_wconf 90' lang='lat' dir='ltr'>hoc</span> <span class='ocrx_word' id='word_1_62' title='bbox 702 966 808 999; x_wconf 81' lang='lat' dir='ltr'>opera</span> <span class='ocrx_word' id='word_1_63' title='bbox 826 955 976 996; x_wconf 85' lang='lat' dir='ltr'>factum,</span> <span class='ocrx_word' id='word_1_64' title='bbox 991 963 1030 987; x_wconf 91' lang='lat' dir='ltr'>ut</span> <span class='ocrx_word' id='word_1_65' title='bbox 1046 963 1118 988; x_wconf 83' lang='lat' dir='ltr'>tur-</span> 
     </span>
     <span class='ocr_line' id='line_1_13' title="bbox 440 1004 1119 1053; baseline 0.006 -16"><span class='ocrx_word' id='word_1_66' title='bbox 440 1004 640 1050; x_wconf 85' lang='lat' dir='ltr'>pitudinem</span> <span class='ocrx_word' id='word_1_67' title='bbox 658 1007 731 1052; x_wconf 83' lang='lat' dir='ltr'>ejus</span> <span class='ocrx_word' id='word_1_68' title='bbox 750 1007 857 1053; x_wconf 85' lang='lat' dir='ltr'>magis</span> <span class='ocrx_word' id='word_1_69' title='bbox 877 1016 1014 1042; x_wconf 85' lang='lat' dir='ltr'>notaret</span> <span class='ocrx_word' id='word_1_70' title='bbox 1028 1021 1036 1049; x_wconf 88' lang='lat'>;</span> <span class='ocrx_word' id='word_1_71' title='bbox 1051 1016 1119 1041; x_wconf 83' lang='lat' dir='ltr'>est-</span> 
     </span>
     <span class='ocr_line' id='line_1_14' title="bbox 442 1058 1120 1106; baseline 0.006 -16"><span class='ocrx_word' id='word_1_72' title='bbox 442 1070 510 1102; x_wconf 84' lang='lat' dir='ltr'>que</span> <span class='ocrx_word' id='word_1_73' title='bbox 526 1058 595 1092; x_wconf 88' lang='lat' dir='ltr'>hoc</span> <span class='ocrx_word' id='word_1_74' title='bbox 610 1059 806 1094; x_wconf 80' lang='lat' dir='ltr'>tribadibus</span> <span class='ocrx_word' id='word_1_75' title='bbox 825 1061 1048 1106; x_wconf 78' lang='lat' dir='ltr'>peculiariter</span> <span class='ocrx_word' id='word_1_76' title='bbox 1062 1061 1120 1093; x_wconf 85' lang='lat' dir='ltr'>tri-</span> 
     </span>
     <span class='ocr_line' id='line_1_15' title="bbox 441 1111 1120 1157; baseline 0.004 -14"><span class='ocrx_word' id='word_1_77' title='bbox 441 1111 567 1145; x_wconf 80' lang='lat' dir='ltr'>butum</span> <span class='ocrx_word' id='word_1_78' title='bbox 585 1125 603 1145; x_wconf 92' lang='lat' dir='ltr'>a</span> <span class='ocrx_word' id='word_1_79' title='bbox 625 1113 784 1147; x_wconf 83' lang='lat' dir='ltr'>Martiale</span> <span class='ocrx_word' id='word_1_80' title='bbox 796 1139 806 1155; x_wconf 87' lang='lat'>.,</span> <span class='ocrx_word' id='word_1_81' title='bbox 822 1122 862 1147; x_wconf 92' lang='lat' dir='ltr'>ut</span> <span class='ocrx_word' id='word_1_82' title='bbox 882 1113 925 1148; x_wconf 89' lang='lat' dir='ltr'>de</span> <span class='ocrx_word' id='word_1_83' title='bbox 942 1114 983 1148; x_wconf 86' lang='lat' dir='ltr'>iis</span> <span class='ocrx_word' id='word_1_84' title='bbox 992 1115 1120 1157; x_wconf 69' lang='lat' dir='ltr'>fucum-e</span> 
     </span>
     <span class='ocr_line' id='line_1_16' title="bbox 444 1163 833 1211; baseline 0.008 -15"><span class='ocrx_word' id='word_1_85' title='bbox 444 1163 515 1198; x_wconf 82' lang='lat' dir='ltr'>dici</span> <span class='ocrx_word' id='word_1_86' title='bbox 537 1166 658 1211; x_wconf 83' lang='lat' dir='ltr'>possit.</span> <span class='ocrx_word' id='word_1_87' title='bbox 680 1167 833 1199; x_wconf 67' lang='lat' dir='ltr'>Ramires.</span> 
     </span>
    </p>

    <p class='ocr_par' dir='ltr' id='par_1_7' title="bbox 497 1220 1120 1266">
     <span class='ocr_line' id='line_1_17' title="bbox 497 1220 1120 1266; baseline 0.005 -15"><span class='ocrx_word' id='word_1_88' title='bbox 497 1231 532 1263; x_wconf 87' lang='lat'>7.</span> <span class='ocrx_word' id='word_1_89' title='bbox 549 1220 636 1252; x_wconf 74' lang='lat' dir='ltr'>Inter</span> <span class='ocrx_word' id='word_1_90' title='bbox 651 1233 682 1252; x_wconf 83' lang='lat' dir='ltr'>se</span> <span class='ocrx_word' id='word_1_91' title='bbox 695 1222 835 1264; x_wconf 71' lang='lat' dir='ltr'>geminos</span> <span class='ocrx_word' id='word_1_92' title='bbox 849 1221 945 1253; x_wconf 80' lang='lat' dir='ltr'>audet</span> <span class='ocrx_word' id='word_1_93' title='bbox 955 1220 1120 1266; x_wconf 81' lang='lat' dir='ltr'>Langius.</span> 
     </span>
    </p>

    <p class='ocr_par' dir='ltr' id='par_1_8' title="bbox 444 1272 1124 1531">
     <span class='ocr_line' id='line_1_18' title="bbox 498 1272 1124 1318; baseline 0.005 -14"><span class='ocrx_word' id='word_1_94' title='bbox 498 1285 532 1315; x_wconf 81' lang='lat'>9.</span> <span class='ocrx_word' id='word_1_95' title='bbox 556 1272 737 1305; x_wconf 73' lang='lat' dir='ltr'>Commenta</span> <span class='ocrx_word' id='word_1_96' title='bbox 753 1287 784 1306; x_wconf 77' lang='lat' dir='ltr'>es</span> <span class='ocrx_word' id='word_1_97' title='bbox 798 1274 947 1318; x_wconf 73' lang='lat' dir='ltr'>dignum,</span> <span class='ocrx_word' id='word_1_98' title='bbox 967 1282 1032 1308; x_wconf 84' lang='lat' dir='ltr'>etc.</span> <span class='ocrx_word' id='word_1_99' title='bbox 1052 1275 1124 1307; x_wconf 81' lang='lat' dir='ltr'>Me·</span> 
     </span>
     <span class='ocr_line' id='line_1_19' title="bbox 444 1324 1124 1373; baseline 0.006 -17"><span class='ocrx_word' id='word_1_100' title='bbox 444 1324 584 1370; x_wconf 74' lang='lat' dir='ltr'>talepsis</span> <span class='ocrx_word' id='word_1_101' title='bbox 609 1338 616 1358; x_wconf 91' lang='lat'><strong>:</strong></span> <span class='ocrx_word' id='word_1_102' title='bbox 644 1325 680 1358; x_wconf 86' lang='lat' dir='ltr'>id</span> <span class='ocrx_word' id='word_1_103' title='bbox 702 1335 771 1368; x_wconf 88' lang='lat' dir='ltr'>est,</span> <span class='ocrx_word' id='word_1_104' title='bbox 800 1326 946 1372; x_wconf 79' lang='lat' dir='ltr'>(lignum</span> <span class='ocrx_word' id='word_1_105' title='bbox 977 1327 1124 1373; x_wconf 83' lang='lat' dir='ltr'>aenigma</span> 
     </span>
     <span class='ocr_line' id='line_1_20' title="bbox 445 1377 1123 1425; baseline 0.006 -16"><span class='ocrx_word' id='word_1_106' title='bbox 445 1377 597 1411; x_wconf 67' lang='lat' dir='ltr'>thebano</span> <span class='ocrx_word' id='word_1_107' title='bbox 629 1384 813 1412; x_wconf 60' lang='lat' dir='ltr'>monstro:</span> <span class='ocrx_word' id='word_1_108' title='bbox 835 1381 892 1413; x_wconf 89' lang='lat' dir='ltr'>cui</span> <span class='ocrx_word' id='word_1_109' title='bbox 917 1393 1123 1425; x_wconf 86' lang='lat' dir='ltr'>proponen-</span> 
     </span>
     <span class='ocr_line' id='line_1_21' title="bbox 445 1429 1122 1477; baseline 0.006 -15"><span class='ocrx_word' id='word_1_110' title='bbox 445 1429 492 1462; x_wconf 85' lang='lat' dir='ltr'>‹lo</span> <span class='ocrx_word' id='word_1_111' title='bbox 515 1443 603 1476; x_wconf 87' lang='lat' dir='ltr'>opus</span> <span class='ocrx_word' id='word_1_112' title='bbox 621 1432 665 1465; x_wconf 86' lang='lat' dir='ltr'>sit</span> <span class='ocrx_word' id='word_1_113' title='bbox 685 1433 865 1477; x_wconf 83' lang='lat' dir='ltr'>Sphinge;</span> <span class='ocrx_word' id='word_1_114' title='bbox 885 1442 919 1466; x_wconf 89' lang='lat' dir='ltr'>et</span> <span class='ocrx_word' id='word_1_115' title='bbox 938 1432 1122 1474; x_wconf 83' lang='lat' dir='ltr'>solvendo,</span> 
     </span>
     <span class='ocr_line' id='line_1_22' title="bbox 446 1484 990 1531; baseline 0.002 -15"><span class='ocrx_word' id='word_1_116' title='bbox 446 1484 573 1529; x_wconf 86' lang='lat' dir='ltr'>pariter</span> <span class='ocrx_word' id='word_1_117' title='bbox 593 1484 635 1518; x_wconf 88' lang='lat' dir='ltr'>sit</span> <span class='ocrx_word' id='word_1_118' title='bbox 651 1498 739 1530; x_wconf 82' lang='lat' dir='ltr'>opus</span> <span class='ocrx_word' id='word_1_119' title='bbox 755 1485 910 1531; x_wconf 75' lang='lat' dir='ltr'>OEdiPO.</span> <span class='ocrx_word' id='word_1_120' title='bbox 924 1487 990 1520; x_wconf 82' lang='lat' dir='ltr'>En.</span> 
     </span>
    </p>
   </div>
   <div class='ocr_carea' id='block_1_5' title="bbox 1176 742 1861 1530">
    <p class='ocr_par' dir='ltr' id='par_1_9' title="bbox 1176 742 1861 1530">
     <span class='ocr_line' id='line_1_23' title="bbox 1232 742 1855 789; baseline 0.002 -15"><span class='ocrx_word' id='word_1_121' title='bbox 1232 754 1283 775; x_wconf 89' lang='lat'>10.</span> <span class='ocrx_word' id='word_1_122' title='bbox 1306 743 1390 775; x_wconf 85' lang='lat' dir='ltr'>Ant.</span> <span class='ocrx_word' id='word_1_123' title='bbox 1412 742 1451 774; x_wconf 85' lang='lat' dir='ltr'>de</span> <span class='ocrx_word' id='word_1_124' title='bbox 1471 742 1562 789; x_wconf 54' lang='grc' dir='ltr'><em>[ἴου]</em></span> <span class='ocrx_word' id='word_1_125' title='bbox 1583 742 1681 775; x_wconf 84' lang='lat' dir='ltr'>malit</span> <span class='ocrx_word' id='word_1_126' title='bbox 1708 754 1771 787; x_wconf 86' lang='lat' dir='ltr'>per</span> <span class='ocrx_word' id='word_1_127' title='bbox 1801 742 1855 775; x_wconf 87' lang='lat' dir='ltr'>in-</span> 
     </span>
     <span class='ocr_line' id='line_1_24' title="bbox 1176 795 1855 840; baseline -0.001 -12"><span class='ocrx_word' id='word_1_128' title='bbox 1176 795 1448 840; x_wconf 82' lang='lat' dir='ltr'>terrogationem</span> <span class='ocrx_word' id='word_1_129' title='bbox 1470 809 1476 827; x_wconf 91' lang='lat'>:</span> <span class='ocrx_word' id='word_1_130' title='bbox 1502 804 1538 839; x_wconf 62' lang='grc' dir='ltr'>ιι]</span> <span class='ocrx_word' id='word_1_131' title='bbox 1565 797 1605 828; x_wconf 83' lang='lat' dir='ltr'>sic</span> <span class='ocrx_word' id='word_1_132' title='bbox 1632 795 1822 828; x_wconf 73' lang='lat' dir='ltr'>adulterium</span> <span class='ocrx_word' id='word_1_133' title='bbox 1837 800 1855 826; x_wconf 66' lang='grc' dir='ltr'>ί)</span> 
     </span>
     <span class='ocr_line' id='line_1_25' title="bbox 1176 846 1856 894; baseline -0.003 -13"><span class='ocrx_word' id='word_1_134' title='bbox 1176 846 1271 894; x_wconf 90' lang='lat' dir='ltr'>quod</span> <span class='ocrx_word' id='word_1_135' title='bbox 1289 856 1382 881; x_wconf 86' lang='lat' dir='ltr'>certe</span> <span class='ocrx_word' id='word_1_136' title='bbox 1398 848 1510 881; x_wconf 91' lang='lat' dir='ltr'>voluit</span> <span class='ocrx_word' id='word_1_137' title='bbox 1526 848 1585 881; x_wconf 84' lang='lat' dir='ltr'>ille</span> <span class='ocrx_word' id='word_1_138' title='bbox 1597 873 1606 889; x_wconf 92' lang='lat'>‚</span> <span class='ocrx_word' id='word_1_139' title='bbox 1623 848 1683 893; x_wconf 90' lang='lat' dir='ltr'>qui</span> <span class='ocrx_word' id='word_1_140' title='bbox 1704 847 1856 893; x_wconf 77' lang='lat' dir='ltr'>margini</span> 
     </span>
     <span class='ocr_line' id='line_1_26' title="bbox 1177 900 1857 947; baseline -0.003 -13"><span class='ocrx_word' id='word_1_141' title='bbox 1177 902 1196 934; x_wconf 85' lang='lat' dir='ltr'><strong>J</strong></span> <span class='ocrx_word' id='word_1_142' title='bbox 1202 909 1276 934; x_wconf 81' lang='lat' dir='ltr'>unt.</span> <span class='ocrx_word' id='word_1_143' title='bbox 1292 909 1420 935; x_wconf 86' lang='lat' dir='ltr'>nostrae</span> <span class='ocrx_word' id='word_1_144' title='bbox 1438 900 1595 947; x_wconf 81' lang='lat' dir='ltr'>ascripsit</span> <span class='ocrx_word' id='word_1_145' title='bbox 1610 913 1618 934; x_wconf 90' lang='lat'>:</span> <span class='ocrx_word' id='word_1_146' title='bbox 1635 903 1689 947; x_wconf 80' lang='lat' dir='ltr'>qui</span> <span class='ocrx_word' id='word_1_147' title='bbox 1705 904 1747 934; x_wconf 84' lang='lat' dir='ltr'>sit</span> <span class='ocrx_word' id='word_1_148' title='bbox 1762 901 1857 933; x_wconf 78' lang='lat' dir='ltr'>adul-</span> 
     </span>
     <span class='ocr_line' id='line_1_27' title="bbox 1180 954 1858 999; baseline -0.001 -12"><span class='ocrx_word' id='word_1_149' title='bbox 1180 957 1299 987; x_wconf 82' lang='lat' dir='ltr'>terium.</span> <span class='ocrx_word' id='word_1_150' title='bbox 1317 956 1362 987; x_wconf 85' lang='lat' dir='ltr'>At</span> <span class='ocrx_word' id='word_1_151' title='bbox 1381 961 1526 987; x_wconf 80' lang='lat' dir='ltr'>noverat</span> <span class='ocrx_word' id='word_1_152' title='bbox 1539 955 1647 987; x_wconf 84' lang='lat' dir='ltr'>Poeta</span> <span class='ocrx_word' id='word_1_153' title='bbox 1666 961 1700 986; x_wconf 91' lang='lat' dir='ltr'>et</span> <span class='ocrx_word' id='word_1_154' title='bbox 1719 954 1755 986; x_wconf 91' lang='lat' dir='ltr'>in</span> <span class='ocrx_word' id='word_1_155' title='bbox 1771 965 1858 999; x_wconf 82' lang='lat' dir='ltr'>prae-</span> 
     </span>
     <span class='ocr_line' id='line_1_28' title="bbox 1179 1006 1856 1053; baseline -0.001 -13"><span class='ocrx_word' id='word_1_156' title='bbox 1179 1006 1282 1041; x_wconf 80' lang='lat' dir='ltr'>cedd.</span> <span class='ocrx_word' id='word_1_157' title='bbox 1298 1008 1529 1053; x_wconf 78' lang='lat' dir='ltr'>explicuerat,</span> <span class='ocrx_word' id='word_1_158' title='bbox 1542 1006 1721 1052; x_wconf 86' lang='lat' dir='ltr'>quomodo</span> <span class='ocrx_word' id='word_1_159' title='bbox 1731 1019 1785 1040; x_wconf 87' lang='lat' dir='ltr'>res</span> <span class='ocrx_word' id='word_1_160' title='bbox 1796 1007 1856 1039; x_wconf 77' lang='lat' dir='ltr'>ab·</span> 
     </span>
     <span class='ocr_line' id='line_1_29' title="bbox 1180 1059 1859 1105; baseline -0.003 -11"><span class='ocrx_word' id='word_1_161' title='bbox 1180 1060 1284 1095; x_wconf 85' lang='lat' dir='ltr'>surda</span> <span class='ocrx_word' id='word_1_162' title='bbox 1297 1073 1332 1094; x_wconf 90' lang='lat' dir='ltr'>se</span> <span class='ocrx_word' id='word_1_163' title='bbox 1344 1060 1500 1094; x_wconf 81' lang='lat' dir='ltr'>haberet.</span> <span class='ocrx_word' id='word_1_164' title='bbox 1514 1061 1639 1105; x_wconf 85' lang='lat' dir='ltr'>Neque</span> <span class='ocrx_word' id='word_1_165' title='bbox 1656 1059 1742 1093; x_wconf 79' lang='lat' dir='ltr'>adeo</span> <span class='ocrx_word' id='word_1_166' title='bbox 1753 1059 1859 1092; x_wconf 87' lang='lat' dir='ltr'>inter-</span> 
     </span>
     <span class='ocr_line' id='line_1_30' title="bbox 1180 1110 1858 1159; baseline -0.004 -11"><span class='ocrx_word' id='word_1_167' title='bbox 1180 1114 1361 1159; x_wconf 85' lang='lat' dir='ltr'>rogatione</span> <span class='ocrx_word' id='word_1_168' title='bbox 1373 1126 1461 1159; x_wconf 84' lang='lat' dir='ltr'>opus</span> <span class='ocrx_word' id='word_1_169' title='bbox 1478 1113 1560 1154; x_wconf 84' lang='lat' dir='ltr'>fuit,</span> <span class='ocrx_word' id='word_1_170' title='bbox 1572 1112 1670 1159; x_wconf 82' lang='lat' dir='ltr'>quasi</span> <span class='ocrx_word' id='word_1_171' title='bbox 1680 1111 1724 1146; x_wconf 85' lang='lat' dir='ltr'>de</span> <span class='ocrx_word' id='word_1_172' title='bbox 1736 1110 1858 1146; x_wconf 65' lang='grc' dir='ltr'>ἀδυνά-</span> 
     </span>
     <span class='ocr_line' id='line_1_31' title="bbox 1182 1166 1859 1212; baseline -0.003 -12"><span class='ocrx_word' id='word_1_173' title='bbox 1182 1181 1241 1212; x_wconf 79' lang='grc' dir='ltr'>τῳ.</span> <span class='ocrx_word' id='word_1_174' title='bbox 1252 1166 1294 1200; x_wconf 88' lang='lat' dir='ltr'>Id</span> <span class='ocrx_word' id='word_1_175' title='bbox 1309 1179 1448 1200; x_wconf 83' lang='lat' dir='ltr'>necesse</span> <span class='ocrx_word' id='word_1_176' title='bbox 1465 1166 1530 1200; x_wconf 84' lang='lat' dir='ltr'>fuit</span> <span class='ocrx_word' id='word_1_177' title='bbox 1540 1194 1549 1206; x_wconf 88' lang='lat'><em>,</em></span> <span class='ocrx_word' id='word_1_178' title='bbox 1564 1175 1599 1200; x_wconf 90' lang='lat' dir='ltr'>et</span> <span class='ocrx_word' id='word_1_179' title='bbox 1611 1178 1731 1199; x_wconf 83' lang='lat' dir='ltr'>sensus</span> <span class='ocrx_word' id='word_1_180' title='bbox 1741 1174 1859 1211; x_wconf 79' lang='lat' dir='ltr'>postu·</span> 
     </span>
     <span class='ocr_line' id='line_1_32' title="bbox 1180 1218 1859 1265; baseline -0.004 -12"><span class='ocrx_word' id='word_1_181' title='bbox 1180 1221 1294 1262; x_wconf 81' lang='lat' dir='ltr'>labat,</span> <span class='ocrx_word' id='word_1_182' title='bbox 1308 1229 1347 1253; x_wconf 85' lang='lat' dir='ltr'>ut</span> <span class='ocrx_word' id='word_1_183' title='bbox 1357 1219 1501 1253; x_wconf 86' lang='lat' dir='ltr'>doceret</span> <span class='ocrx_word' id='word_1_184' title='bbox 1512 1245 1521 1260; x_wconf 90' lang='lat'>‚</span> <span class='ocrx_word' id='word_1_185' title='bbox 1531 1232 1597 1265; x_wconf 83' lang='lat' dir='ltr'>qua</span> <span class='ocrx_word' id='word_1_186' title='bbox 1614 1219 1648 1251; x_wconf 83' lang='lat' dir='ltr'>in</span> <span class='ocrx_word' id='word_1_187' title='bbox 1663 1231 1701 1252; x_wconf 88' lang='lat' dir='ltr'>re</span> <span class='ocrx_word' id='word_1_188' title='bbox 1715 1218 1859 1264; x_wconf 80' lang='lat' dir='ltr'>aenigma</span> 
     </span>
     <span class='ocr_line' id='line_1_33' title="bbox 1183 1271 1860 1318; baseline -0.003 -12"><span class='ocrx_word' id='word_1_189' title='bbox 1183 1272 1272 1306; x_wconf 89' lang='lat' dir='ltr'>illud</span> <span class='ocrx_word' id='word_1_190' title='bbox 1289 1273 1494 1307; x_wconf 84' lang='lat' dir='ltr'>consisteret</span> <span class='ocrx_word' id='word_1_191' title='bbox 1506 1299 1515 1314; x_wconf 84' lang='lat'>,</span> <span class='ocrx_word' id='word_1_192' title='bbox 1526 1271 1622 1318; x_wconf 85' lang='lat' dir='ltr'>quod</span> <span class='ocrx_word' id='word_1_193' title='bbox 1634 1283 1739 1318; x_wconf 86' lang='lat' dir='ltr'>praec.</span> <span class='ocrx_word' id='word_1_194' title='bbox 1757 1284 1860 1304; x_wconf 82' lang='lat' dir='ltr'>versu</span> 
     </span>
     <span class='ocr_line' id='line_1_34' title="bbox 1184 1325 1858 1360; baseline -0.004 -1"><span class='ocrx_word' id='word_1_195' title='bbox 1184 1334 1448 1360; x_wconf 83' lang='lat' dir='ltr'>memoraverat.</span> <span class='ocrx_word' id='word_1_196' title='bbox 1463 1347 1513 1352; x_wconf 89' lang='lat'>——-</span> <span class='ocrx_word' id='word_1_197' title='bbox 1532 1326 1577 1359; x_wconf 86' lang='lat' dir='ltr'>Ut</span> <span class='ocrx_word' id='word_1_198' title='bbox 1595 1327 1638 1358; x_wconf 77' lang='lat' dir='ltr'>sit</span> <span class='ocrx_word' id='word_1_199' title='bbox 1660 1325 1858 1357; x_wconf 79' lang='lat' dir='ltr'>adulterium.</span> 
     </span>
     <span class='ocr_line' id='line_1_35' title="bbox 1185 1377 1859 1423; baseline -0.006 -10"><span class='ocrx_word' id='word_1_200' title='bbox 1185 1378 1348 1413; x_wconf 86' lang='lat' dir='ltr'>Eamdem</span> <span class='ocrx_word' id='word_1_201' title='bbox 1374 1380 1511 1412; x_wconf 84' lang='lat' dir='ltr'>Bassam</span> <span class='ocrx_word' id='word_1_202' title='bbox 1542 1377 1662 1411; x_wconf 86' lang='lat' dir='ltr'>multis</span> <span class='ocrx_word' id='word_1_203' title='bbox 1689 1377 1803 1423; x_wconf 85' lang='lat' dir='ltr'>carpit</span> <span class='ocrx_word' id='word_1_204' title='bbox 1823 1377 1859 1409; x_wconf 85' lang='lat' dir='ltr'>in</span> 
     </span>
     <span class='ocr_line' id='line_1_36' title="bbox 1184 1431 1861 1476; baseline -0.004 -11"><span class='ocrx_word' id='word_1_205' title='bbox 1184 1433 1280 1466; x_wconf 86' lang='lat' dir='ltr'>locis.</span> <span class='ocrx_word' id='word_1_206' title='bbox 1302 1431 1395 1465; x_wconf 88' lang='lat' dir='ltr'>Vide</span> <span class='ocrx_word' id='word_1_207' title='bbox 1414 1432 1476 1465; x_wconf 84' lang='lat' dir='ltr'>lib.</span> <span class='ocrx_word' id='word_1_208' title='bbox 1498 1431 1515 1463; x_wconf 94' lang='lat' dir='ltr'>I</span> <span class='ocrx_word' id='word_1_209' title='bbox 1530 1458 1538 1473; x_wconf 83' lang='lat'><strong>‚</strong></span> <span class='ocrx_word' id='word_1_210' title='bbox 1562 1431 1671 1476; x_wconf 84' lang='lat' dir='ltr'>epigr.</span> <span class='ocrx_word' id='word_1_211' title='bbox 1697 1441 1861 1471; x_wconf 80' lang='lat' dir='ltr'>xxxvu¹;</span> 
     </span>
     <span class='ocr_line' id='line_1_37' title="bbox 1185 1483 1860 1530; baseline -0.006 -12"><span class='ocrx_word' id='word_1_212' title='bbox 1185 1485 1519 1530; x_wconf 78' lang='lat' dir='ltr'>lib.IV,epig.1v‚et</span> <span class='ocrx_word' id='word_1_213' title='bbox 1530 1483 1860 1525; x_wconf 63' lang='lat' dir='ltr'>LXXXV111‚etc.En.</span> 
     </span>
    </p>
   </div>
   <div class='ocr_carea' id='block_1_6' title="bbox 1049 1617 1256 1675">
    <p class='ocr_par' dir='ltr' id='par_1_10' title="bbox 1049 1617 1256 1675">
     <span class='ocr_line' id='line_1_38' title="bbox 1049 1617 1256 1675; baseline -0.01 -2"><span class='ocrx_word' id='word_1_214' title='bbox 1049 1617 1256 1675; x_wconf 64' lang='lat' dir='ltr'>XCII.</span> 
     </span>
    </p>
   </div>
   <div class='ocr_carea' id='block_1_7' title="bbox 704 1742 1606 1803">
    <p class='ocr_par' dir='ltr' id='par_1_11' title="bbox 704 1742 1606 1803">
     <span class='ocr_line' id='line_1_39' title="bbox 704 1742 1606 1803; baseline 0 -12"><span class='ocrx_word' id='word_1_215' title='bbox 704 1764 771 1791; x_wconf 81' lang='lat' dir='ltr'>AD</span> <span class='ocrx_word' id='word_1_216' title='bbox 812 1763 1054 1803; x_wconf 71' lang='lat' dir='ltr'>LAELIUM,</span> <span class='ocrx_word' id='word_1_217' title='bbox 1094 1764 1570 1792; x_wconf 68' lang='lat' dir='ltr'><strong>OBTRECTATOREM.</strong></span> <span class='ocrx_word' id='word_1_218' title='bbox 1590 1742 1606 1758; x_wconf 68' lang='lat'>&#39;‘</span> 
     </span>
    </p>
   </div>
   <div class='ocr_carea' id='block_1_8' title="bbox 522 1883 1697 2017">
    <p class='ocr_par' dir='ltr' id='par_1_12' title="bbox 522 1883 1697 2017">
     <span class='ocr_line' id='line_1_40' title="bbox 522 1883 1697 1946; baseline -0.003 -17"><span class='ocrx_word' id='word_1_219' title='bbox 522 1887 672 1943; x_wconf 76' lang='lat' dir='ltr'><strong>QUUM</strong></span> <span class='ocrx_word' id='word_1_220' title='bbox 697 1895 771 1928; x_wconf 86' lang='lat' dir='ltr'>tua</span> <span class='ocrx_word' id='word_1_221' title='bbox 792 1901 882 1928; x_wconf 85' lang='grc'>11011</span> <span class='ocrx_word' id='word_1_222' title='bbox 904 1885 1030 1937; x_wconf 72' lang='lat' dir='ltr'>edas,</span> <span class='ocrx_word' id='word_1_223' title='bbox 1052 1885 1195 1946; x_wconf 82' lang='lat' dir='ltr'>carpis</span> <span class='ocrx_word' id='word_1_224' title='bbox 1221 1901 1316 1928; x_wconf 79' lang='lat' dir='ltr'>mea</span> <span class='ocrx_word' id='word_1_225' title='bbox 1341 1884 1557 1939; x_wconf 77' lang='lat' dir='ltr'>earmina,</span> <span class='ocrx_word' id='word_1_226' title='bbox 1581 1883 1697 1927; x_wconf 79' lang='lat' dir='ltr'>Laeli.</span> 
     </span>
     <span class='ocr_line' id='line_1_41' title="bbox 591 1955 1479 2017; baseline -0.002 -17"><span class='ocrx_word' id='word_1_227' title='bbox 591 1957 783 2017; x_wconf 79' lang='lat' dir='ltr'>Carpere</span> <span class='ocrx_word' id='word_1_228' title='bbox 806 1956 872 1999; x_wconf 77' lang='lat' dir='ltr'>vel</span> <span class='ocrx_word' id='word_1_229' title='bbox 895 1955 984 2000; x_wconf 87' lang='lat' dir='ltr'>noli</span> <span class='ocrx_word' id='word_1_230' title='bbox 1005 1966 1176 2012; x_wconf 78' lang='lat' dir='ltr'>nostra,</span> <span class='ocrx_word' id='word_1_231' title='bbox 1197 1955 1264 1999; x_wconf 83' lang='lat' dir='ltr'>vel</span> <span class='ocrx_word' id='word_1_232' title='bbox 1287 1955 1366 2000; x_wconf 83' lang='lat' dir='ltr'>ede</span> <span class='ocrx_word' id='word_1_233' title='bbox 1392 1966 1479 1998; x_wconf 82' lang='lat' dir='ltr'>tua.</span> 
     </span>
    </p>
   </div>
   <div class='ocr_carea' id='block_1_9' title="bbox 454 2090 1131 2342">
    <p class='ocr_par' dir='ltr' id='par_1_13' title="bbox 454 2090 1131 2300">
     <span class='ocr_line' id='line_1_42' title="bbox 505 2090 1131 2140; baseline 0.002 -14"><span class='ocrx_word' id='word_1_234' title='bbox 505 2090 518 2103; x_wconf 49' lang='lat'>&#39;¹</span> <span class='ocrx_word' id='word_1_235' title='bbox 536 2096 575 2127; x_wconf 85' lang='lat' dir='ltr'>In</span> <span class='ocrx_word' id='word_1_236' title='bbox 605 2096 780 2140; x_wconf 73' lang='lat' dir='ltr'>plerisque</span> <span class='ocrx_word' id='word_1_237' title='bbox 810 2096 869 2128; x_wconf 74' lang='lat' dir='ltr'>Ad</span> <span class='ocrx_word' id='word_1_238' title='bbox 897 2096 1040 2128; x_wconf 54' lang='lat' dir='ltr'>Laslium.</span> <span class='ocrx_word' id='word_1_239' title='bbox 1074 2096 1131 2128; x_wconf 71' lang='lat' dir='ltr'>Ad</span> 
     </span>
     <span class='ocr_line' id='line_1_43' title="bbox 454 2148 1128 2181; baseline 0 -1"><span class='ocrx_word' id='word_1_240' title='bbox 454 2150 586 2180; x_wconf 45' lang='lat' dir='ltr'>laelium</span> <span class='ocrx_word' id='word_1_241' title='bbox 610 2149 846 2181; x_wconf 61' lang='lat' dir='ltr'>obtrectatorem</span> <span class='ocrx_word' id='word_1_242' title='bbox 867 2149 991 2181; x_wconf 81' lang='lat' dir='ltr'>lemma</span> <span class='ocrx_word' id='word_1_243' title='bbox 1019 2156 1068 2181; x_wconf 78' lang='lat' dir='ltr'>est</span> <span class='ocrx_word' id='word_1_244' title='bbox 1091 2148 1128 2180; x_wconf 92' lang='lat' dir='ltr'>in</span> 
     </span>
     <span class='ocr_line' id='line_1_44' title="bbox 454 2200 1129 2246; baseline 0.003 -13"><span class='ocrx_word' id='word_1_245' title='bbox 454 2200 662 2246; x_wconf 73' lang='lat' dir='ltr'>quibusdam</span> <span class='ocrx_word' id='word_1_246' title='bbox 689 2200 795 2235; x_wconf 83' lang='lat' dir='ltr'>codd.</span> <span class='ocrx_word' id='word_1_247' title='bbox 829 2202 960 2235; x_wconf 84' lang='lat' dir='ltr'>Caetera</span> <span class='ocrx_word' id='word_1_248' title='bbox 989 2202 1040 2235; x_wconf 84' lang='lat' dir='ltr'>nil</span> <span class='ocrx_word' id='word_1_249' title='bbox 1071 2214 1129 2235; x_wconf 82' lang='lat' dir='ltr'>va-</span> 
     </span>
     <span class='ocr_line' id='line_1_45' title="bbox 458 2255 781 2300; baseline 0.009 -15"><span class='ocrx_word' id='word_1_250' title='bbox 458 2255 545 2287; x_wconf 74' lang='lat' dir='ltr'>riant</span> <span class='ocrx_word' id='word_1_251' title='bbox 564 2255 781 2300; x_wconf 82' lang='lat' dir='ltr'>exemplaria.</span> 
     </span>
    </p>

    <p class='ocr_par' dir='ltr' id='par_1_14' title="bbox 515 2308 1010 2342">
     <span class='ocr_line' id='line_1_46' title="bbox 515 2308 1010 2342; baseline 0.004 -2"><span class='ocrx_word' id='word_1_252' title='bbox 515 2320 544 2340; x_wconf 71' lang='lat' dir='ltr'>t.</span> <span class='ocrx_word' id='word_1_253' title='bbox 559 2308 660 2341; x_wconf 77' lang='lat' dir='ltr'>Edas.</span> <span class='ocrx_word' id='word_1_254' title='bbox 678 2309 719 2341; x_wconf 86' lang='lat' dir='ltr'>In</span> <span class='ocrx_word' id='word_1_255' title='bbox 738 2309 850 2342; x_wconf 73' lang='lat' dir='ltr'>lucem</span> <span class='ocrx_word' id='word_1_256' title='bbox 870 2308 1010 2342; x_wconf 84' lang='lat' dir='ltr'>scilicet.</span> 
     </span>
    </p>
   </div>
   <div class='ocr_carea' id='block_1_10' title="bbox 1191 2091 1871 2350">
    <p class='ocr_par' dir='ltr' id='par_1_15' title="bbox 1191 2091 1871 2350">
     <span class='ocr_line' id='line_1_47' title="bbox 1247 2091 1870 2133; baseline -0.006 -6"><span class='ocrx_word' id='word_1_257' title='bbox 1247 2108 1277 2127; x_wconf 80' lang='lat'>2.</span> <span class='ocrx_word' id='word_1_258' title='bbox 1318 2094 1380 2126; x_wconf 69' lang='lat' dir='ltr'>l&#39;el</span> <span class='ocrx_word' id='word_1_259' title='bbox 1410 2096 1463 2126; x_wconf 65' lang='lat' dir='ltr'>ede</span> <span class='ocrx_word' id='word_1_260' title='bbox 1499 2102 1561 2126; x_wconf 74' lang='grc' dir='ltr'><em>[αα.</em></span> <span class='ocrx_word' id='word_1_261' title='bbox 1601 2093 1690 2133; x_wconf 72' lang='lat' dir='ltr'>Qum</span> <span class='ocrx_word' id='word_1_262' title='bbox 1720 2091 1870 2124; x_wconf 64' lang='lat' dir='ltr'>vicissim</span> 
     </span>
     <span class='ocr_line' id='line_1_48' title="bbox 1191 2144 1868 2192; baseline -0.007 -12"><span class='ocrx_word' id='word_1_263' title='bbox 1191 2160 1331 2192; x_wconf 80' lang='lat' dir='ltr'>carpere</span> <span class='ocrx_word' id='word_1_264' title='bbox 1359 2147 1511 2192; x_wconf 59' lang='lat' dir='ltr'>possinr,</span> <span class='ocrx_word' id='word_1_265' title='bbox 1541 2159 1581 2178; x_wconf 77' lang='lat' dir='ltr'>cx</span> <span class='ocrx_word' id='word_1_266' title='bbox 1610 2146 1683 2190; x_wconf 78' lang='lat' dir='ltr'>lege</span> <span class='ocrx_word' id='word_1_267' title='bbox 1717 2144 1868 2177; x_wconf 60' lang='lat' dir='ltr'>talionis.</span> 
     </span>
     <span class='ocr_line' id='line_1_49' title="bbox 1191 2197 1869 2243; baseline -0.007 -9"><span class='ocrx_word' id='word_1_268' title='bbox 1191 2202 1246 2234; x_wconf 73' lang='lat' dir='ltr'>Sic</span> <span class='ocrx_word' id='word_1_269' title='bbox 1261 2199 1477 2241; x_wconf 73' lang='lat' dir='ltr'>videbimus,</span> <span class='ocrx_word' id='word_1_270' title='bbox 1494 2213 1534 2232; x_wconf 87' lang='lat' dir='ltr'>an</span> <span class='ocrx_word' id='word_1_271' title='bbox 1548 2197 1869 2243; x_wconf 76' lang='lat' dir='ltr'>irreprelicnsibilia</span> 
     </span>
     <span class='ocr_line' id='line_1_50' title="bbox 1193 2251 1871 2298; baseline -0.007 -11"><span class='ocrx_word' id='word_1_272' title='bbox 1193 2254 1347 2287; x_wconf 82' lang='lat' dir='ltr'>carmina</span> <span class='ocrx_word' id='word_1_273' title='bbox 1374 2261 1564 2298; x_wconf 70' lang='lat' dir='ltr'>componat</span> <span class='ocrx_word' id='word_1_274' title='bbox 1586 2252 1643 2284; x_wconf 89' lang='lat' dir='ltr'>ille</span> <span class='ocrx_word' id='word_1_275' title='bbox 1666 2251 1768 2283; x_wconf 81' lang='lat' dir='ltr'>alieni</span> <span class='ocrx_word' id='word_1_276' title='bbox 1797 2263 1871 2283; x_wconf 54' lang='lat' dir='ltr'>can³</span> 
     </span>
     <span class='ocr_line' id='line_1_51' title="bbox 1192 2304 1808 2350; baseline -0.011 -9"><span class='ocrx_word' id='word_1_277' title='bbox 1192 2307 1296 2341; x_wconf 84' lang='lat' dir='ltr'>minis</span> <span class='ocrx_word' id='word_1_278' title='bbox 1317 2306 1472 2340; x_wconf 74' lang='lat' dir='ltr'>assiduus</span> <span class='ocrx_word' id='word_1_279' title='bbox 1491 2304 1808 2350; x_wconf 53' lang='lat' dir='ltr'>reprehensorulfh»</span> 
     </span>
    </p>
   </div>
  </div>
 </body>
</html>
