2061 3288
446 185 540 230 312

826 189 886 231 M.
915 191 1051 232 VAL.
1094 192 1486 236 MARTIALIS

1105 344 1205 398 LI.

954 500 1024 527 AD
1074 481 1359 529 GALLAMf

516 622 667 678 QUUM
695 622 847 667 facien]
873 622 1026 678 laudo,
1050 642 1186 686 quum
1216 627 1350 670 miror
1377 643 1505 671 crura
1530 644 1795 690 manusque3

588 694 770 749 Dicere,
795 694 941 751 Galla,
971 695 1081 740 soles
1105 714 1113 739 ι
1137 697 1267 742 Nuda
1295 697 1478 759 placebo
1504 701 1653 760 magis.

517 765 573 806 Et
606 780 778 825 semper
809 767 917 810 vitas
944 769 1196 812 communia
1227 767 1381 813 balnea
1412 769 1548 814 nobis.

588 836 838 896 Numquid,
870 836 1021 894 Galla⁷
1052 840 1200 894 times,
1227 856 1282 883 ne
1314 841 1391 883 tibi
1418 857 1508 884 non
1536 839 1763 901 placeam?

499 971 589 1005 *Hic
608 973 704 1005 nulla
728 974 886 1007 lectionis
909 976 1056 1009 varietas
1079 985 1129 1010 est

446 1025 482 1056 in
506 1026 764 1071 exemplaribus
785 1027 924 1073 scriptis
947 1037 1005 1062 aut
1028 1030 1128 1074 prelo

445 1089 589 1112 excusis.

501 1132 533 1164 3.
554 1133 602 1164 Et
617 1145 736 1177 semper
754 1137 850 1166 vitas.
872 1134 1032 1168 Ironizfios
1054 1148 1128 1168 car-

444 1184 498 1229 pit
531 1185 693 1225 Gallam,
726 1198 803 1232 quae
833 1186 986 1220 formosa
1016 1188 1128 1221 videri

446 1238 584 1272 volebat
600 1265 608 1279 ,
632 1251 696 1272 nec
727 1247 842 1273 tamen
865 1252 1021 1287 unquam
1048 1254 1128 1274 cum

448 1291 553 1325 Poeta
575 1292 712 1325 lavabat
726 1319 734 1333 ‚
756 1306 801 1326 ne
824 1295 985 1339 corporis
1006 1294 1127 1328 defor-

1189 977 1289 1010 mitas
1311 986 1454 1023 pateret.
1473 999 1524 1003 -
1540 977 1727 1011 Communia
1746 978 1869 1010 balnea.

1190 1030 1260 1070 Qui
1282 1043 1356 1063 mos
1373 1057 1382 1072 ‚
1403 1031 1484 1064 satis
1502 1031 1673 1065 mirabilis
1688 1056 1698 1073 ‚
1720 1040 1794 1065 erat
1813 1043 1872 1064 an-

1191 1083 1307 1128 tiquis.
1330 1083 1416 1116 Vid.
1439 1084 1499 1117 lib.
1520 1085 1614 1126 VII,
1633 1084 1745 1130 epigr.
1763 1097 1871 1125 xxxv,

1190 1149 1280 1170 vers.
1307 1137 1340 1170 5.

1244 1194 1278 1230 4.
1298 1190 1350 1223 Ne
1376 1190 1432 1222 tibi
1458 1203 1521 1222 non
1545 1190 1701 1235 placeam.
1724 1190 1778 1224 Ne
1806 1189 1872 1223 tibi

1189 1241 1308 1276 videar
1327 1255 1454 1289 parum
1472 1244 1539 1276 vir.
1552 1242 1638 1277 Vid.
1654 1243 1714 1277 lib.
1732 1244 1750 1276 I
1763 1269 1771 1282 ‚
1795 1242 1872 1288 epi-

1188 1308 1334 1341 gramm.
1359 1309 1453 1330 xnv.

1090 1435 1222 1490 L[l.

593 1590 657 1617 ΑΙ)
697 1590 1111 1627 TONGILIANUM‚
1148 1591 1210 1618 DE
1252 1591 1403 1619 UTILl
1446 1591 1730 1620 INCENDIO.

527 1716 690 1758 {impu
709 1715 870 1759 domus
892 1716 1032 1759 fuerat
1053 1716 1152 1770 tibi,
1179 1716 1435 1777 Tongiliane
1449 1753 1459 1769 ,
1484 1717 1663 1760 ducenis
1686 1735 1694 1758 :

593 1785 782 1829 Abstulit
810 1787 924 1830 hanc
948 1787 1132 1830 nimium
1157 1803 1282 1830 casus
1308 1788 1350 1830 in
1373 1788 1495 1831 Urbe
1521 1787 1740 1848 frequens.

524 1855 742 1900 (jonatum
771 1867 836 1901 est
860 1858 1012 1901 decies.
1039 1859 1192 1919 Rogo,
1214 1875 1302 1902 non
1328 1869 1451 1919 potes
1478 1859 1569 1919 ipse
1590 1858 1726 1901 videri

592 1928 841 1971 Incendisse
867 1939 984 1971 tuam
1004 1965 1013 1981 ‚
1034 1929 1291 1991 Tongiliane
1307 1966 1315 1978 ,
1338 1928 1548 1973 domum?

511 2081 540 2101 1.
579 2067 656 2100 ΑΜ.
696 2069 798 2101 Jum.
841 2070 955 2102 Colin.
993 2070 1130 2116 G1}})ll·

453 2122 468 2152 J
478 2121 594 2153 uuian.
608 2122 735 2167 Delph.
752 2122 826 2155 aliae
839 2116 969 2155 habeu't
980 2123 1130 2156 ducentes.

463 2196 503 2199 —
522 2175 662 2207 Ducenis
681 2174 874 2217 Sestertiis‚
896 2176 950 2208 vel
972 2175 1131 2209 (lucentis

452 2227 609 2261 millibus
642 2230 841 2262 sestertium
856 2255 866 2270 ‚
899 2229 974 2263 sive
1008 2229 1132 2274 viginti

451 2281 607 2326 quinque
623 2282 729 2315 millia
744 2283 851 2315 franc.
865 2291 954 2316 nost.
970 2291 1129 2316 monetae.

508 2348 538 2365 2.
568 2335 669 2367 Casus
690 2338 721 2367 in
749 2335 832 2368 Urbe
852 2337 1014 2381 frequens.
1048 2336 1130 2368 Fre-

454 2387 594 2430 quentizx
619 2388 723 2421 fuisse
744 2389 864 2422 Romae
887 2388 1048 2422 incendia
1070 2402 1130 2434 pa-

453 2446 502 2471 tet
518 2452 557 2471 ex
573 2440 699 2473 Juven.
715 2450 776 2474 sat.
794 2442 846 2474 III
859 2468 868 2476 .
884 2451 917 2475 et
933 2454 972 2475 ex
991 2442 1131 2482 Nostro,

452 2491 500 2523 lib
532 2493 575 2531 V,
594 2494 703 2537 enigr.
722 2506 785 2526 vn.

1250 2070 1282 2102 3.
1315 2070 1473 2102 Collatum
1501 2078 1547 2102 est
1571 2070 1680 2103 decies.
1702 2070 1779 2103 Hoc
1799 2079 1851 2104 est
1865 2096 1874 2111 ‚

1193 2123 1245 2156 tui
1266 2122 1369 2155 amici
1390 2132 1423 2155 et
1444 2123 1587 2156 clientes
1609 2123 1675 2156 tihi
1696 2122 1874 2156 donarunt

1192 2175 1308 2208 decies
1343 2184 1489 2210 centena
1522 2176 1631 2209 millia
1663 2175 1871 2210 sestertium.

1193 2229 1326 2263 Gallice
1350 2243 1356 2261 z
1389 2230 1456 2262 Une
1483 2231 1688 2274 souscription
1715 2229 1793 2262 s'est
1821 2241 1875 2262 ou-

1198 2291 1291 2316 verle.
1315 2283 1382 2315 Eu.
1403 2304 1455 2308 —
1472 2283 1547 2316 Non
1561 2290 1664 2328 potes.
1684 2282 1819 2328 Nempe
1836 2290 1875 2315 ut

1193 2349 1230 2368 ex
1250 2334 1415 2369 inccndio
1435 2336 1572 2369 lucrum
1588 2336 1725 2370 faceres.
1740 2334 1873 2368 Eodem

1194 2401 1294 2422 sensu
1310 2389 1490 2422 Juvenalis
1502 2414 1512 2430 7
1531 2397 1594 2422 sat.
1609 2389 1663 2421 III
1680 2401 1686 2421 z
1707 2406 1720 2418 «
1742 2389 1787 2421 Et
1802 2400 1872 2420 me-

1194 2443 1262 2475 rito
1286 2443 1355 2487 jam
1389 2441 1577 2487 Suspectus
1607 2450 1772 2487 tanquam
1802 2441 1874 2485 ipsc

1194 2507 1271 2528 suas
1291 2494 1486 2528 incenderit
1510 2493 1611 2527 aedes.
1634 2512 1647 2523 ιι
