2061 3288
488 230 582 275 292

857 217 920 260 M.
942 217 1083 261 VAL.
1122 218 1515 264 MARTIALIS

620 303 704 347 Dic
725 305 852 358 mihi,
879 305 982 365 quid
1007 307 1182 361 Romae,
1207 306 1479 368 Gargiliane,
1503 307 1635 352 facis?

550 373 679 417 Unde
703 375 777 418 tibi
800 375 948 436 togula
969 386 1055 431 est,
1077 385 1120 419 et
1140 376 1272 421 fuscae
1294 379 1447 438 pensio
1473 377 1620 422 cellae?

616 444 745 488 Unde
768 445 896 489 datur
917 445 1162 506 quadrans?
1184 447 1299 491 unde
1322 449 1389 490 vir
1413 464 1457 492 es
1482 448 1698 493 Chiones?

547 516 661 558 Cum
690 517 858 560 ratione
888 515 988 560 licet
1014 517 1130 561 dicas
1157 526 1199 560 te
1223 518 1372 561 vivere
1393 535 1559 563 summa
1582 536 1591 562 ε

614 586 747 642 Quod
773 588 883 631 vivis
901 623 912 642 ‚
938 586 1056 631 nulla
1077 604 1177 632 cum
1199 589 1365 632 ratione
1390 588 1505 633 facis.

471 730 569 762 pares
580 726 712 763 togam,
735 719 846 753 solvas
858 719 1064 764 pensionem
1080 718 1144 752 do-

468 783 545 804 mus
555 771 781 805 tenebricosae
795 798 804 813 ‚
819 772 975 818 pretium
991 772 1145 806 meretri-

467 824 535 863 cis,
560 833 626 857 etc.
647 823 702 857 Ad
721 825 795 858 haec
813 825 930 859 omnia
951 824 1145 870 praestanda

467 877 658 910 utebantur
669 877 809 911 clientes
827 886 966 912 centum
978 879 1046 912 illis
1059 892 1144 924 qua-

464 928 647 963 drantibus
665 931 810 976 quibus,
826 940 864 965 ut
884 932 930 964 ait
941 932 1118 965 Juvenalis
1133 944 1140 963 :

469 999 483 1011 a
501 982 593 1016 Hinc
621 991 716 1028 toga,
740 984 875 1017 calceus
898 984 981 1017 hinc
1002 992 1073 1025 est,
1099 985 1145 1018 Et

462 1036 562 1080 panis
574 1061 583 1077 ,
600 1036 784 1082 fumusque
799 1036 908 1070 domi.
931 1055 944 1067 »
962 1058 1014 1063 ——
1031 1037 1143 1071 Gratis

463 1091 603 1121 conviva.
622 1088 717 1122 Vide
738 1090 820 1123 infr.
842 1090 951 1136 epigr.
973 1103 1029 1123 Lx.

518 1141 550 1174 3.
575 1142 689 1174 Fascce
710 1145 820 1187 pensio
849 1144 947 1176 cellae.
970 1143 1141 1176 Tenebri-

463 1207 550 1227 cosae
572 1194 793 1240 sordidaeque
814 1196 1039 1229 habitationis
1060 1209 1140 1243 pre—

462 1256 548 1280 tium
566 1260 737 1282 annuum.

514 1304 548 1340 4,
571 1301 661 1333 Unde
677 1302 773 1334 datm·
787 1301 946 1347 quadrans
960 1329 969 1342 ,
989 1303 1070 1335 mide
1091 1305 1141 1335 rit·

458 1367 488 1384 es
504 1353 637 1386 Chiones
652 1359 669 1386 :7
685 1355 721 1387 in
735 1354 816 1388 Ald.
830 1356 928 1388 Junt.
942 1355 1057 1388 Colin.
1071 1366 1134 1389 etc.

457 1406 632 1450 probante
658 1408 859 1440 Ramiresio.
892 1408 963 1440 Alii
985 1421 1068 1441 vero
1087 1409 1135 1441 sic

458 1458 729 1505 interpungunt:
747 1461 836 1493 Unde
850 1460 946 1493 daem·
956 1462 1135 1507 quadrans?

1208 720 1298 753 Unde
1308 725 1327 752 ε)
1348 721 1384 753 V
1382 723 1410 753 ἰν
1427 734 1458 753 es
1476 720 1608 754 Chiones
1619 726 1631 753 Ι
1649 723 1814 756 Nostram
1832 721 1883 754 in-

1204 773 1486 819 terpunctionem
1497 772 1595 807 dedit
1612 783 1646 807 et
1660 774 1879 809 Calderinus.

1203 846 1256 853 ——0
1276 827 1460 871 chadrans.
1482 827 1563 868 Quo
1582 827 1696 873 pretio
1719 828 1880 861 lavabant

1204 879 1364 912 Romani.
1396 880 1519 913 Horat.
1538 881 1575 920 I,
1599 889 1660 914 sat.
1683 879 1701 911 3
1722 892 1730 914 :
1755 897 1768 909 «
1788 882 1879 913 Dum

1204 940 1238 965 te
1257 931 1449 978 quadrante
1475 933 1627 966 lavatum
1658 934 1731 965 Rex
1760 933 1837 966 ibis.
1861 951 1874 963 n

1206 986 1269 1017 Vir
1279 999 1310 1018 es
1327 984 1473 1018 Chiones.
1489 986 1641 1027 Chione,
1658 993 1812 1018 scortum
1825 986 1878 1019 sui

1203 1038 1362 1084 corporis
1380 1038 1514 1084 copiam
1533 1038 1648 1083 egenis
1666 1038 1808 1071 faciens.

1257 1091 1290 1124 5.
1322 1090 1401 1124 Cum
1436 1093 1556 1124 ralione
1581 1092 1661 1124 licet.
1688 1091 1797 1125 Jocus
1826 1100 1877 1125 est

1202 1143 1238 1176 in
1261 1144 1442 1189 ambiguo;
1472 1144 1507 1176 in
1533 1144 1646 1189 priori
1673 1157 1775 1177 versu
1799 1156 1875 1176 mo-

1201 1196 1438 1233 derationem,
1462 1197 1498 1229 in
1517 1197 1703 1242 posteriori
1728 1209 1808 1230 vero
1822 1197 1876 1242 ju-

1200 1249 1330 1283 dicium
1352 1250 1524 1295 siguificat
1544 1261 1552 1283 ε
1582 1250 1760 1283 enimvero
1784 1250 1874 1282 mori

1198 1311 1398 1348 praestaret,
1415 1315 1518 1349 quam
1540 1303 1646 1335 vitam
1674 1311 1744 1335 tam
1772 1303 1873 1335 mise-

1197 1369 1272 1389 ram
1287 1356 1425 1389 (lucere.
1440 1355 1571 1389 Gallice
1582 1368 1723 1388 versum
1737 1367 1745 1387 :
1762 1356 1811 1387 Τιι
1823 1357 1873 1387 vis

1197 1409 1477 1441 raisonnablement
1489 1436 1496 1447 ‚
1521 1410 1597 1441 mais
1617 1421 1689 1440 sans
1710 1409 1813 1440 raison
1832 1408 1870 1440 (lc

1195 1464 1292 1495 vivre.

1038 1599 1285 1654 XXXI.

559 1746 631 1774 An
679 1732 966 1784 mmmmm,
1012 1746 1260 1774 DIVITEM
1309 1726 1759 1776 AIzROGANTEM.*

525 1867 650 1910 SUNT
672 1865 749 1909 tibi
764 1901 775 1921 ,
796 1864 1028 1920 confiteor,
1054 1864 1200 1909 diffusi
1217 1866 1372 1926 jugera
1396 1866 1562 1925 campi,

594 1936 849 1997 Urbanique
875 1945 1024 1979 tenent
1054 1935 1216 1995 praedia
1247 1934 1382 1979 multa
1410 1937 1573 1979 Lares:

504 2065 517 2079 ‘⁴
538 2069 704 2102 Rufinum
727 2077 848 2103 monet
871 2081 916 2102 ne
935 2069 1125 2114 pauperio-

450 2135 505 2156 res
529 2122 718 2168 despiciat,
743 2135 855 2168 quum
882 2117 998 2155 videat
1022 2120 1126 2154 ditio-

451 2187 507 2208 res
525 2188 628 2222 quam
647 2189 682 2209 se
698 2203 707 2218 ,
729 2185 762 2209 et
787 2173 930 2221 quidem
949 2173 1042 2207 'viles
1063 2174 1126 2207 ho-

451 2230 574 2262 mines.
594 2230 661 2263 El).

508 2295 538 2315 1.
571 2281 653 2315 Sunt
681 2281 755 2322 tibi,
785 2289 849 2314 etc.
872 2281 1037 2325 Magnum
1065 2279 1127 2313 soli

451 2335 602 2379 spatium
622 2333 789 2380 possides.

510 2401 541 2420 2.
575 2387 755 2433 Albanique
785 2385 894 2420 codex
924 2387 1124 2419 Thuaneus.

453 2462 506 2466 —
520 2440 717 2486 Urbanique,
738 2449 802 2473 etc.
821 2440 942 2472 Multae
959 2447 1038 2472 sunt
1060 2438 1123 2471 tibi

453 2491 600 2533 domus3
621 2494 677 2526 vel
710 2493 775 2526 tibi
808 2500 860 2525 est
891 2491 1017 2525 domus
1054 2499 1124 2525 tam

451 2554 545 2579 vasta
563 2569 573 2584 ‚
614 2553 652 2578 ut
687 2545 837 2590 spatium
875 2545 1125 2590 complectatur

452 2596 548 2643 quod
558 2597 676 2630 multis
689 2597 852 2630 domibus
860 2607 946 2631 esset
955 2598 1046 2631 satis.
1056 2597 1121 2630 En.

450 2673 502 2678 —-
533 2650 712 2696 Urbanique
746 2659 847 2683 tenent
870 2651 996 2695 proede'a
1026 2651 1122 2683 multa

1185 2069 1293 2101 Lares.
1311 2068 1437 2102 Sensus
1450 2075 1518 2101 est:
1538 2068 1645 2101 habes
1659 2069 1766 2102 inulta
1777 2081 1861 2114 prae-

1185 2119 1243 2153 dia
1252 2122 1395 2154 urbana.
1408 2120 1581 2153 Praedium
1596 2122 1770 2154 urbanum
1782 2121 1861 2155 aedi-

1186 2174 1307 2207 ficium
1326 2173 1509 2220 quodlibet
1531 2182 1598 2216 est,
1621 2187 1679 2207 seu
1705 2174 1741 2207 in
1772 2175 1860 2208 urbe

1188 2239 1248 2260 seu
1267 2240 1349 2260 rure
1366 2227 1544 2273 positum3
1564 2226 1735 2272 praedium
1755 2228 1859 2260 rusti-

1188 2293 1268 2312 cum
1295 2293 1398 2313 omne
1420 2288 1520 2313 terrae
1541 2280 1690 2326 spatium
1705 2305 1715 2321 ‚
1738 2292 1799 2312 seu
1819 2280 1857 2312 in

1185 2333 1273 2366 urbe
1291 2346 1351 2366 seu
1370 2346 1472 2374 rure,
1498 2334 1534 2366 in
1561 2346 1631 2378 quo
1655 2346 1727 2366 non
1749 2332 1856 2366 aedifi-

1183 2394 1291 2420 catur.
1329 2404 1343 2417 κ
1360 2386 1521 2419 AEdificia
1554 2387 1669 2418 omnia
1684 2411 1692 2426 ,
1723 2386 1855 2419 urbana

1183 2438 1312 2484 praedia
1334 2440 1547 2484 appellamus
1566 2451 1603 2479 »3
1621 2438 1853 2479 Justinianus,

1184 2492 1296 2525 Instit.
1316 2492 1376 2525 lib.
1402 2493 1456 2534 ΙΙ,
1483 2492 1537 2525 tit.
1557 2490 1575 2523 3
1590 2517 1598 2531 ‚
1618 2489 1636 2530 S
1661 2506 1689 2524 1.
1716 2491 1782 2523 En.
1802 2512 1853 2516 —

1183 2545 1291 2578 Lares.
1326 2546 1430 2578 Lares
1461 2553 1541 2577 sunt
1575 2543 1623 2576 dii
1652 2542 1851 2584 domestici,

1184 2599 1352 2643 cujusque
1367 2596 1492 2630 domus
1504 2596 1660 2642 proprii:
1677 2595 1852 2641 accipiun-

1183 2658 1239 2683 tur
1256 2663 1321 2695 pro
1341 2650 1413 2695 ipsa
1432 2649 1551 2682 domo.
1570 2649 1661 2681 Nota
1683 2649 1847 2682 Brissonii
