2061 3288
415 265 551 293 xxxn
651 248 1122 292 DISSERTATIO
1160 249 1248 291 DE
1286 248 1596 292 INGENIO

1058 374 1277 382 .........
1289 355 1384 395 quot
1402 346 1551 395 inquis?

679 413 821 448 Oceani
839 412 979 448 fluctus
999 424 1058 448 me
1078 424 1280 447 numerare
1295 410 1408 459 jubes
1422 438 1431 454 ,

627 480 672 513 Et
691 476 805 513 maris
826 477 942 525 AEgaei
963 489 1112 526 sparsas
1134 489 1203 526 per
1226 476 1336 513 litora
1357 475 1538 520 conchas,

678 545 723 578 Et
745 554 828 591 quae
842 541 1031 590 Cecropio
1050 550 1179 578 monte
1200 549 1387 590 vagantur
1407 553 1518 590 apes,

625 610 796 656 Qnaeque
816 614 951 642 sonant
967 606 1081 655 pleno
1098 618 1289 655 vocesque
1308 618 1518 655 manusque
1540 604 1689 641 theatro

683 675 812 718 Quum
832 671 1000 721 populus
1021 670 1135 707 subiti
1157 671 1314 708 Caesaris
1338 684 1406 707 ora
1430 669 1545 706 videt.
1560 681 1570 695 1

419 786 642 829 Noveram
671 783 837 827 dudum
865 777 931 841 (et
962 782 1123 827 multos
1150 800 1249 827 reor
1278 782 1476 826 didicisse
1498 798 1521 824 e
1542 781 1833 824 florentissimi

422 866 671 916 temporum
705 864 956 899 nostrorum
995 855 1220 915 scriptoris
1252 853 1503 898 Christiano
1531 846 1835 913 1)oe1nate)te-

424 926 677 969 trastichum
700 926 742 968 id
764 924 831 968 vel
855 927 1000 986 potius
1023 925 1314 970 octostiehum
1337 942 1360 967 e
1385 922 1618 984 Pervigilio
1630 922 1838 971 Veneris,

421 1014 554 1057 quum
588 997 641 1040 de
670 999 832 1041 Amore
858 996 990 1040 Nudo
1022 1005 1254 1040 narratur:

788 1116 808 1150 J
813 1125 920 1149 ussus
938 1120 993 1148 est
1015 1111 1171 1148 inermis
1187 1110 1262 1156 ire,

843 1176 980 1212 Nudus
998 1176 1052 1212 ire
1065 1176 1192 1226 jussus
1209 1183 1286 1221 est,

792 1245 874 1277 Neu
898 1241 990 1291 quid
1016 1255 1129 1285 arcu,
1151 1254 1224 1277 neu
1245 1240 1390 1289 sagittis
1404 1269 1413 1285 ,

847 1309 931 1343 Neu
952 1306 1043 1355 quid
1061 1306 1147 1355 igne
1164 1305 1334 1341 laederct.
1353 1333 1361 1340 .
1380 1332 1388 1340 .

792 1371 867 1409 Sed
890 1380 1035 1417 tamen,
1058 1371 1267 1421 Nymphae,
1291 1377 1421 1405 cavete

844 1436 959 1482 Quod
983 1435 1136 1486 Cupido
1157 1436 1319 1486 pulcher
1341 1444 1396 1471 est
1417 1437 1423 1469 !

792 1504 856 1536 Est
874 1501 913 1537 in
929 1500 1043 1537 armis
1063 1509 1163 1536 totus
1182 1500 1283 1536 idem
1299 1528 1308 1546 ,

845 1564 1011 1612 Quando
1035 1564 1160 1601 nudus
1183 1573 1239 1601 est
1258 1568 1388 1601 Amor.

425 1683 562 1724 Porro
589 1679 901 1741 lepidissimum
934 1679 1019 1723 hoe
1045 1679 1340 1739 epiphonema
1362 1677 1421 1721 nil
1452 1677 1567 1721 aliud
1597 1688 1680 1732 est,
1711 1694 1841 1739 quam

426 1753 609 1795 imitatio
637 1749 850 1795 Martialis
879 1751 1233 1794 venustissimum
1266 1766 1452 1810 puerum
1484 1750 1544 1793 sie
1575 1751 1791 1793 canentis:

531 1866 835 1917 Spendophorus
853 1865 1018 1914 Libycas
1036 1864 1180 1902 domini
1199 1864 1294 1915 petit
1316 1864 1480 1913 armlger
1495 1864 1630 1911 urbcs;

636 1934 729 1977 Quae
751 1943 872 1980 puero
891 1929 1010 1966 dones
1026 1930 1099 1966 tela
1112 1958 1122 1974 ,
1141 1929 1292 1979 Cupido
1306 1958 1315 1975 ,
1335 1942 1438 1979 para.

532 1995 706 2031 Loricam
725 1995 978 2045 clypeumque
998 1993 1066 2030 tilii
1084 1994 1304 2043 galeamque
1324 1992 1474 2029 remitto
1493 2007 1501 2035 3

640 2062 764 2096 Tutus
783 2067 825 2095 ut
844 2057 999 2094 invadat
1020 2057 1169 2107 praelia,
1190 2056 1315 2093 nudus
1334 2066 1404 2093 cat.
1428 2064 1439 2077 '¹

430 2177 547 2219 Num
575 2172 737 2233 aliquid
764 2173 807 2215 in
834 2173 1239 2225 toto-Anacreonte,
1258 2186 1363 2213 num
1386 2171 1428 2212 in
1451 2168 1648 2225 Catullo,
1674 2186 1777 2212 num
1802 2172 1844 2213 in

434 2247 629 2300 Nasone,
651 2241 852 2297 Tibullo,
882 2241 1110 2303 Propertio
1139 2251 1214 2285 aut
1238 2241 1424 2284 Erotieis
1455 2240 1720 2283 nostratibus
1751 2256 1845 2284 sua—

434 2317 528 2359 vius
553 2316 743 2375 reperire
772 2323 858 2368 est,
889 2329 1018 2373 quam
1045 2312 1087 2356 id
1114 2312 1398 2357 tetrastichon
1427 2311 1480 2354 de
1512 2311 1736 2355 Leandro:

589 2434 719 2474 Quum
739 2437 885 2478 peteret
906 2428 1035 2464 dulces
1055 2427 1179 2464 audax
1200 2426 1397 2464 Leandrus
1418 2439 1566 2463 amores

696 2497 743 2530 Et
765 2494 885 2530 fessus
906 2492 1062 2530 tumidis
1078 2493 1156 2542 jam
1180 2501 1419 2542 premeretur
1440 2491 1565 2540 aquis,

492 2637 503 2656 1
515 2650 522 2656 .
538 2623 614 2656 Lib.
632 2622 703 2663 Vl,
722 2621 831 2666 epigr.
848 2633 964 2660 xxxn‘,
981 2634 1028 2653 vs.
1053 2633 1064 2652 ι
1087 2633 1161 2665 sqq.

491 2689 521 2709 2.
539 2676 616 2709 Lih.
635 2674 750 2720 Spect.
771 2674 887 2706 XXV.
