2061 3288
434 215 1025 261 EPIGRAMMATUM
1064 218 1190 261 LIB.
1230 220 1332 263 III.

1495 220 1593 283 273

243 303 366 348 Idem
391 313 434 347 te
459 305 650 347 moriens
679 303 897 348 haeredem
928 321 980 348 ex
1004 320 1098 349 asse
1124 304 1322 367 reliquit:
1579 328 1592 352 5

314 374 620 419 Exhaeredavit
646 383 710 429 te,
737 375 1008 432 Philomuse,
1035 385 1170 438 pater.

228 508 261 541 5.
282 507 339 540 Ex
354 520 433 541 asse.
455 507 583 540 Totam
611 506 853 542 haereditatem

173 558 378 594 dividebant
394 560 430 593 in
450 569 566 606 partes
584 558 771 594 duodecim
784 587 793 603 ,
815 570 855 596 ut

174 625 284 647 assem
307 613 344 646 in
371 612 560 647 duodecim
583 614 704 648 uncias
724 627 731 648 :
752 615 800 649 ita
819 628 854 650 as

174 665 407 707 haereditatis,
423 665 664 700 haereditatem
681 667 854 714 integram

173 719 398 765 significabat.
414 721 466 753 De
485 732 576 761 asse,
592 720 757 766 illiusque
774 734 855 767 par-

174 773 267 807 tibus
286 772 370 807 alibi
390 772 538 807 dictum.
565 774 633 807 En.

229 828 263 860 6.
291 826 521 860 Eaelzoeredavit
549 835 590 860 te.
615 826 742 869 Quum.
757 826 851 860 enim

173 878 284 913 factus
309 879 362 913 sui
381 879 471 925 juris
494 879 719 913 Philomusus
744 881 851 927 patri-

172 932 334 966 monium
377 945 448 967 uno
489 932 547 966 die
589 932 851 979 dilapidaturus

172 993 281 1027 esset,
302 993 401 1032 pater
423 986 523 1020 illum
545 985 722 1021 haeredem
752 987 851 1021 insti-

174 1045 275 1073 tuens
295 1037 443 1085 perinde
461 1040 589 1074 fecerat
601 1066 610 1081 ,
627 1052 665 1074 ac
684 1040 712 1074 si
734 1041 849 1074 exhae-

914 507 1077 543 redasset.
1109 510 1177 542 Vel
1213 510 1442 544 Etclneredavit
1456 537 1465 551 ‚
1501 511 1599 557 quod

914 562 1035 596 vivens
1054 570 1153 608 pater
1171 571 1223 596 tot
1242 571 1277 596 et
1291 572 1405 597 tantas
1422 564 1598 610 impensas

914 615 1154 661 suppeditavit
1173 616 1381 650 Philomuso
1394 644 1404 659 ‚
1423 626 1461 652 ut
1488 618 1599 652 haere-

915 667 1056 702 ditatem
1077 669 1134 703 vel
1152 670 1285 703 nullam
1298 695 1308 712 ‚
1322 671 1378 704 vel
1397 684 1462 705 aere
1481 672 1598 706 alieno

915 722 1082 755 obrutam
1101 723 1299 769 reliquerit.
1323 745 1376 749 ——
1392 725 1599 759 Anteferen-

913 773 995 808 dam
1017 787 1142 809 censeo
1155 776 1311 823 priorem
1333 776 1601 824 interpretatio-

911 840 994 862 nem
1012 855 1021 869 ,
1055 841 1133 875 quae
1161 829 1292 864 scilicet
1320 840 1493 876 congruat
1517 844 1598 865 cum

912 881 1080 927 praedicta
1099 883 1299 917 Philomusi
1321 883 1570 930 prodigalitate
1587 897 1595 919 :

912 943 945 968 et
962 935 1010 969 sic
1030 936 1165 982 integer
1184 945 1217 970 et
1237 938 1281 970 ab
1303 937 1399 970 omni
1419 946 1520 983 parte
1536 950 1595 971 co-

912 988 1047 1023 haerens
1084 989 1151 1023 sibi
1187 990 1448 1036 epigrammatis
1477 1003 1597 1025 sensus

912 1040 1040 1076 evadit.
1058 1043 1126 1077 En.

831 1177 949 1233 XI.

681 1333 750 1361 An
789 1315 1089 1371 QUINTUM.*

245 1458 292 1501 Si
323 1466 395 1500 tua
428 1473 508 1500 nec
532 1457 687 1513 Thais,
714 1474 794 1502 nec
827 1457 943 1502 lusca
976 1468 1062 1510 est,
1095 1459 1289 1516 Quinte,
1319 1460 1487 1521 puella,

314 1529 406 1571 Cur
432 1528 474 1570 in
504 1537 546 1571 te
571 1527 736 1572 factum
763 1527 981 1573 distichon
1007 1546 1098 1573 esse
1123 1529 1283 1590 putas?

243 1597 327 1641 Sed
359 1597 493 1642 simile
516 1609 582 1642 est
605 1597 766 1660 aliquid
786 1616 795 1641 ε
820 1616 899 1660 pro
922 1600 1056 1643 Laide
1079 1601 1247 1644 Thaida
1273 1601 1374 1645 dixi.

316 1669 399 1711 Dic
429 1669 558 1724 mihi,
581 1669 685 1729 quid
716 1669 852 1713 simile
879 1680 944 1714 cst
967 1671 1099 1715 Thais
1125 1681 1167 1714 et
1192 1672 1460 1717 Hermione?

228 1800 505 1839 '‘Succensuerat
530 1806 683 1838 Martiali
702 1806 856 1847 Quintus

175 1858 318 1904 quidam
332 1885 341 1900 ‚
366 1859 411 1891 ob
440 1859 599 1903 superius
618 1870 689 1892 vm
720 1858 857 1903 epigr.;

174 1911 234 1958 qui
257 1911 412 1953 Quintus
443 1912 673 1945 Hermionen}
706 1911 855 1945 amabat.

174 1965 333 1998 Irrisorie
356 1964 546 2010 respondet
572 1973 676 2010 poeta
705 1978 711 1995 :
739 1965 775 1997 Si
799 1972 857 1998 tua

174 2017 314 2063 puella,
342 2030 363 2051 o
392 2018 526 2059 Quinte
541 2043 550 2060 ,
569 2030 636 2051 nec
663 2017 771 2050 Thais
795 2030 856 2050 vo-

176 2079 273 2104 catur
286 2097 294 2112 ‚
313 2083 377 2104 nec
396 2072 492 2105 lusca
513 2079 585 2113 est,
605 2084 669 2104 cur
684 2070 858 2104 existimas

177 2122 356 2157 distichon
374 2124 464 2157 illud
485 2125 521 2157 in
547 2133 580 2157 te
602 2137 675 2157 esse
701 2123 857 2157 factum?

175 2177 211 2210 Si
238 2177 354 2222 puella
383 2185 442 2210 tua
462 2178 541 2210 Lais
570 2186 773 2218 vocaretur,
795 2177 857 2209 ali-

176 2229 263 2274 quid
293 2239 431 2275 poterat
460 2229 573 2263 videri
603 2230 735 2271 simile,
761 2229 857 2275 quod

176 2283 283 2315 Thais
304 2291 337 2316 et
356 2284 435 2316 Lais
455 2284 575 2316 affinia
591 2282 858 2328 quodammodo

174 2337 319 2369 nomina
337 2345 432 2369 suut.
452 2335 520 2369 Sed
541 2336 569 2369 si
588 2344 646 2369 tua
662 2336 780 2381 puella
795 2349 858 2369 vo-

175 2397 274 2422 catur
285 2389 495 2428 Hermione,
517 2388 603 2434 quid
623 2389 737 2422 simile
753 2389 860 2422 habet

175 2453 256 2474 cum
285 2441 449 2475 Thaide?
469 2444 514 2475 At
536 2441 628 2475 dices
662 2451 721 2482 tu,
743 2441 857 2483 Quin-

176 2503 251 2528 tum
280 2495 411 2528 notasti
445 2508 486 2528 eo
515 2494 689 2536 disticho,
716 2495 744 2527 is
773 2507 857 2528 vero

176 2559 239 2593 ego
253 2560 346 2582 sum.
356 2549 536 2582 Mutcnius
548 2548 694 2581 amantis
704 2560 834 2580 nomen
848 2560 855 2581 :

176 2613 258 2633 nam
278 2613 386 2647 quum
407 2614 470 2647 ego
489 2601 609 2634 ludam
631 2613 768 2646 semper
792 2614 856 2634 no-

177 2653 331 2688 minibus
346 2655 435 2688 fictis
447 2681 455 2695 ‚
471 2654 557 2700 quid
578 2655 734 2695 interest,
746 2654 858 2695 Quin-

249 2727 285 2768 I.

917 1815 993 1839 tum
1023 1820 1165 1848 xoeem,
1195 1820 1237 1840 an
1266 1808 1432 1850 Sextum,
1455 1809 1601 1843 Thaidis

917 1860 1125 1893 amatorem?
1142 1861 1185 1892 sit
1200 1869 1333 1894 amator
1348 1861 1489 1902 Sextus3
1504 1871 1538 1895 et
1551 1863 1599 1896 sic

919 1919 990 1945 tota
1007 1913 1047 1945 lis
1062 1912 1181 1945 dirimi
1198 1914 1340 1957 poterit.
1356 1915 1512 1948 Bamlres.

974 1978 1006 1999 2.
1029 1964 1238 1999 Beverlandi
1258 1965 1332 1999 M'S.
1356 1967 1514 2000 distichon
1536 1982 1600 2001 esse

917 2018 1016 2052 doles.

974 2071 1007 2105 3.
1039 2071 1190 2116 Langius
1214 2071 1250 2104 in
1278 2084 1386 2117 marg.
1414 2086 1479 2118 pro
1510 2086 1543 2107 v.
1574 2075 1597 2108 l.

917 2124 1024 2157 habet
1049 2137 1056 2156 :
1087 2142 1100 2153 a
1116 2125 1306 2158 Pulmanni
1329 2124 1439 2158 codex
1454 2152 1462 2167 ‚
1483 2126 1561 2159 clii-i.
1581 2144 1594 2156 ι»

918 2177 1054 2210 Nullibi
1075 2178 1218 2210 alteram
1238 2178 1425 2211 lectionem
1442 2180 1599 2224 reperire

917 2242 1066 2277 possum
1085 2243 1092 2264 :
1113 2231 1265 2275 conjicio
1285 2239 1400 2263 tamen
1421 2244 1461 2264 ex
1481 2233 1598 2266 Rami-

918 2284 997 2317 resii
1023 2292 1126 2325 nota,
1149 2284 1249 2316 illum
1282 2292 1364 2318 ante
1390 2285 1511 2318 oculos
1537 2286 1598 2319 ha-

918 2336 1034 2370 buisse
1054 2349 1062 2370 ;
1086 2337 1152 2369 Sed
1174 2337 1275 2369 simile
1303 2345 1350 2369 est
1374 2338 1515 2384 aliquid,
1538 2352 1600 2384 pro

919 2390 1019 2422 Laide
1058 2390 1184 2422 Thaida
1209 2390 1284 2422 dici.
1311 2390 1427 2431 Quem
1455 2390 1536 2424 vide
1563 2392 1599 2425 in

920 2443 1004 2475 Yar.
1025 2443 1138 2476 Notis.
1159 2464 1212 2468 --
1228 2442 1344 2488 Hujus
1359 2455 1478 2477 versus
1498 2453 1532 2477 et
1548 2457 1600 2478 se-

919 2496 1057 2540 quentis
1080 2494 1151 2528 duo
1170 2504 1318 2541 possunt
1339 2495 1501 2542 adoptari
1524 2511 1600 2531 sen-

918 2561 974 2581 sus
996 2561 1003 2581 :
1024 2548 1156 2582 scilicet
1177 2549 1327 2582 amicam
1348 2550 1476 2591 Quinti
1496 2551 1601 2584 fuisse

919 2601 1149 2635 Hermionen]
1172 2602 1473 2647 existimabimus,
1495 2612 1529 2637 ct
1552 2605 1601 2637 sic

918 2654 1153 2699 intelligemus
1172 2668 1179 2689 :
1201 2656 1298 2689 Esset
1320 2655 1482 2702 quaedam
1505 2657 1601 2690 simi-

1330 2727 1384 2772 18
