<?xml version="1.0" encoding="UTF-8"?>
<!DOCTYPE html PUBLIC "-//W3C//DTD XHTML 1.0 Transitional//EN"
    "http://www.w3.org/TR/xhtml1/DTD/xhtml1-transitional.dtd">
<html xmlns="http://www.w3.org/1999/xhtml" xml:lang="en" lang="en">
 <head>
  <title>
</title>
<meta http-equiv="Content-Type" content="text/html;charset=utf-8" />
  <meta name='ocr-system' content='tesseract 3.04.00' />
  <meta name='ocr-capabilities' content='ocr_page ocr_carea ocr_par ocr_line ocrx_word'/>
</head>
<body>
  <div class='ocr_page' id='page_1' title='image "./epigrammata01martuoft_0270.png"; bbox 0 0 2061 3288; ppageno 0'>
   <div class='ocr_carea' id='block_1_1' title="bbox 453 224 543 267">
    <p class='ocr_par' dir='ltr' id='par_1_1' title="bbox 453 224 543 267">
     <span class='ocr_line' id='line_1_1' title="bbox 453 224 543 267; baseline 0.011 -1"><span class='ocrx_word' id='word_1_1' title='bbox 453 224 543 267; x_wconf 75' lang='grc'>108</span> 
     </span>
    </p>
   </div>
   <div class='ocr_carea' id='block_1_2' title="bbox 818 224 1483 270">
    <p class='ocr_par' dir='ltr' id='par_1_2' title="bbox 818 224 1483 270">
     <span class='ocr_line' id='line_1_2' title="bbox 818 224 1483 270; baseline 0.005 -3"><span class='ocrx_word' id='word_1_2' title='bbox 818 224 879 267; x_wconf 85' lang='grc' dir='ltr'>Μ.</span> <span class='ocrx_word' id='word_1_3' title='bbox 905 225 986 268; x_wconf 84' lang='lat' dir='ltr'>VA</span> <span class='ocrx_word' id='word_1_4' title='bbox 999 226 1047 269; x_wconf 84' lang='lat' dir='ltr'>L.</span> <span class='ocrx_word' id='word_1_5' title='bbox 1089 226 1483 270; x_wconf 74' lang='lat' dir='ltr'><strong>MARTIALIS</strong></span> 
     </span>
    </p>
   </div>
   <div class='ocr_carea' id='block_1_3' title="bbox 581 309 1856 923">
    <p class='ocr_par' dir='ltr' id='par_1_3' title="bbox 581 309 1856 923">
     <span class='ocr_line' id='line_1_3' title="bbox 653 309 1382 371; baseline 0.005 -17"><span class='ocrx_word' id='word_1_6' title='bbox 653 309 895 371; x_wconf 79' lang='lat' dir='ltr'>Stellaque,</span> <span class='ocrx_word' id='word_1_7' title='bbox 925 328 1006 356; x_wconf 88' lang='lat' dir='ltr'>nec</span> <span class='ocrx_word' id='word_1_8' title='bbox 1038 312 1194 358; x_wconf 85' lang='lat' dir='ltr'>Flacco</span> <span class='ocrx_word' id='word_1_9' title='bbox 1225 315 1382 358; x_wconf 86' lang='lat' dir='ltr'>minus.</span> 
     </span>
     <span class='ocr_line' id='line_1_4' title="bbox 583 380 1856 443; baseline 0.005 -19"><span class='ocrx_word' id='word_1_10' title='bbox 583 380 852 442; x_wconf 86' lang='lat' dir='ltr'>Apollodoro</span> <span class='ocrx_word' id='word_1_11' title='bbox 880 381 1048 443; x_wconf 83' lang='lat' dir='ltr'>plaudit</span> <span class='ocrx_word' id='word_1_12' title='bbox 1076 384 1271 428; x_wconf 83' lang='lat' dir='ltr'><strong>imbrifer</strong></span> <span class='ocrx_word' id='word_1_13' title='bbox 1293 384 1439 442; x_wconf 74' lang='lat' dir='ltr'>Nilus,</span> <span class='ocrx_word' id='word_1_14' title='bbox 1844 402 1856 426; x_wconf 75' lang='lat' dir='ltr'>s</span> 
     </span>
     <span class='ocr_line' id='line_1_5' title="bbox 653 452 1221 514; baseline 0.005 -19"><span class='ocrx_word' id='word_1_15' title='bbox 653 452 828 496; x_wconf 84' lang='lat' dir='ltr'>Nasone</span> <span class='ocrx_word' id='word_1_16' title='bbox 859 452 1024 514; x_wconf 79' lang='lat' dir='ltr'>Peligni</span> <span class='ocrx_word' id='word_1_17' title='bbox 1052 465 1221 498; x_wconf 86' lang='lat' dir='ltr'>sonant.</span> 
     </span>
     <span class='ocr_line' id='line_1_6' title="bbox 583 524 1579 586; baseline 0.004 -20"><span class='ocrx_word' id='word_1_18' title='bbox 583 524 796 584; x_wconf 86' lang='lat' dir='ltr'>Duosque</span> <span class='ocrx_word' id='word_1_19' title='bbox 822 525 1031 580; x_wconf 76' lang='lat' dir='ltr'>Senecas,</span> <span class='ocrx_word' id='word_1_20' title='bbox 1062 525 1325 586; x_wconf 85' lang='lat' dir='ltr'>unicumque</span> <span class='ocrx_word' id='word_1_21' title='bbox 1351 528 1579 570; x_wconf 82' lang='lat' dir='ltr'>Lucanum</span> 
     </span>
     <span class='ocr_line' id='line_1_7' title="bbox 651 593 1309 655; baseline 0.006 -19"><span class='ocrx_word' id='word_1_22' title='bbox 651 594 855 638; x_wconf 80' lang='lat' dir='ltr'>Facunda</span> <span class='ocrx_word' id='word_1_23' title='bbox 875 593 1067 655; x_wconf 88' lang='lat' dir='ltr'>loquitur</span> <span class='ocrx_word' id='word_1_24' title='bbox 1091 596 1309 640; x_wconf 88' lang='lat' dir='ltr'>Corduba.</span> 
     </span>
     <span class='ocr_line' id='line_1_8' title="bbox 583 664 1426 724; baseline 0.004 -16"><span class='ocrx_word' id='word_1_25' title='bbox 583 664 789 708; x_wconf 83' lang='lat' dir='ltr'>Gaudent</span> <span class='ocrx_word' id='word_1_26' title='bbox 807 665 969 724; x_wconf 79' lang='lat' dir='ltr'>jocosae</span> <span class='ocrx_word' id='word_1_27' title='bbox 991 667 1131 710; x_wconf 84' lang='lat' dir='ltr'>Canio</span> <span class='ocrx_word' id='word_1_28' title='bbox 1156 684 1235 711; x_wconf 89' lang='lat' dir='ltr'>suo</span> <span class='ocrx_word' id='word_1_29' title='bbox 1258 667 1426 719; x_wconf 81' lang='lat' dir='ltr'>Gades;</span> 
     </span>
     <span class='ocr_line' id='line_1_9' title="bbox 651 737 1194 781; baseline 0.006 -3"><span class='ocrx_word' id='word_1_30' title='bbox 651 737 845 779; x_wconf 84' lang='lat' dir='ltr'>Emerita</span> <span class='ocrx_word' id='word_1_31' title='bbox 865 737 1060 780; x_wconf 88' lang='lat' dir='ltr'>Deciano</span> <span class='ocrx_word' id='word_1_32' title='bbox 1082 753 1194 781; x_wconf 89' lang='lat' dir='ltr'>meo.</span> 
     </span>
     <span class='ocr_line' id='line_1_10' title="bbox 581 807 1408 868; baseline 0.004 -19"><span class='ocrx_word' id='word_1_33' title='bbox 581 807 664 860; x_wconf 83' lang='lat' dir='ltr'>Te,</span> <span class='ocrx_word' id='word_1_34' title='bbox 687 807 936 862; x_wconf 81' lang='lat' dir='ltr'>Liciniane,</span> <span class='ocrx_word' id='word_1_35' title='bbox 958 807 1216 868; x_wconf 82' lang='lat' dir='ltr'>gloriabitur</span> <span class='ocrx_word' id='word_1_36' title='bbox 1237 818 1408 860; x_wconf 85' lang='lat' dir='ltr'>nostra,</span> 
     </span>
     <span class='ocr_line' id='line_1_11' title="bbox 653 877 1217 923; baseline 0.004 -4"><span class='ocrx_word' id='word_1_37' title='bbox 653 877 746 919; x_wconf 83' lang='lat' dir='ltr'>Nec</span> <span class='ocrx_word' id='word_1_38' title='bbox 766 893 836 920; x_wconf 84' lang='lat' dir='ltr'>me</span> <span class='ocrx_word' id='word_1_39' title='bbox 860 877 1021 922; x_wconf 83' lang='lat' dir='ltr'>tacebit</span> <span class='ocrx_word' id='word_1_40' title='bbox 1041 878 1217 923; x_wconf 84' lang='lat' dir='ltr'>Bilbilis.</span> 
     </span>
    </p>
   </div>
   <div class='ocr_carea' id='block_1_4' title="bbox 432 1026 1119 2546">
    <p class='ocr_par' dir='ltr' id='par_1_4' title="bbox 439 1026 1119 1180">
     <span class='ocr_line' id='line_1_12' title="bbox 439 1026 1115 1073; baseline 0.004 -16"><span class='ocrx_word' id='word_1_41' title='bbox 439 1026 535 1059; x_wconf 86' lang='lat' dir='ltr'>vicus</span> <span class='ocrx_word' id='word_1_42' title='bbox 557 1039 637 1060; x_wconf 79' lang='lat' dir='ltr'>cuin</span> <span class='ocrx_word' id='word_1_43' title='bbox 655 1027 753 1060; x_wconf 85' lang='lat' dir='ltr'>fonte</span> <span class='ocrx_word' id='word_1_44' title='bbox 770 1035 804 1060; x_wconf 84' lang='lat' dir='ltr'>et</span> <span class='ocrx_word' id='word_1_45' title='bbox 822 1027 953 1060; x_wconf 80' lang='lat' dir='ltr'>balneis</span> <span class='ocrx_word' id='word_1_46' title='bbox 972 1027 1009 1060; x_wconf 88' lang='lat' dir='ltr'>in</span> <span class='ocrx_word' id='word_1_47' title='bbox 1034 1040 1115 1073; x_wconf 85' lang='lat' dir='ltr'>agro</span> 
     </span>
     <span class='ocr_line' id='line_1_13' title="bbox 441 1079 1119 1120; baseline 0.003 -9"><span class='ocrx_word' id='word_1_48' title='bbox 441 1079 608 1112; x_wconf 88' lang='lat' dir='ltr'>Patavino</span> <span class='ocrx_word' id='word_1_49' title='bbox 621 1105 629 1120; x_wconf 93' lang='lat'>,</span> <span class='ocrx_word' id='word_1_50' title='bbox 651 1079 745 1113; x_wconf 90' lang='lat' dir='ltr'>unde</span> <span class='ocrx_word' id='word_1_51' title='bbox 759 1081 799 1113; x_wconf 93' lang='lat' dir='ltr'>T.</span> <span class='ocrx_word' id='word_1_52' title='bbox 815 1080 936 1113; x_wconf 86' lang='lat' dir='ltr'>Livius</span> <span class='ocrx_word' id='word_1_53' title='bbox 955 1089 1052 1114; x_wconf 87' lang='lat' dir='ltr'>ortus</span> <span class='ocrx_word' id='word_1_54' title='bbox 1067 1080 1119 1113; x_wconf 88' lang='lat' dir='ltr'>di-</span> 
     </span>
     <span class='ocr_line' id='line_1_14' title="bbox 441 1131 1115 1180; baseline 0.003 -15"><span class='ocrx_word' id='word_1_55' title='bbox 441 1131 548 1172; x_wconf 86' lang='lat' dir='ltr'>citur,</span> <span class='ocrx_word' id='word_1_56' title='bbox 568 1145 585 1165; x_wconf 84' lang='lat' dir='ltr'>a</span> <span class='ocrx_word' id='word_1_57' title='bbox 602 1133 743 1166; x_wconf 80' lang='lat' dir='ltr'>Patavio</span> <span class='ocrx_word' id='word_1_58' title='bbox 756 1133 912 1179; x_wconf 90' lang='lat' dir='ltr'>quinque</span> <span class='ocrx_word' id='word_1_59' title='bbox 925 1134 1012 1168; x_wconf 89' lang='lat' dir='ltr'>mill.</span> <span class='ocrx_word' id='word_1_60' title='bbox 1027 1146 1115 1180; x_wconf 88' lang='lat' dir='ltr'>pass.</span> 
     </span>
    </p>

    <p class='ocr_par' dir='ltr' id='par_1_5' title="bbox 439 1185 1118 1444">
     <span class='ocr_line' id='line_1_15' title="bbox 494 1185 1116 1232; baseline 0.003 -14"><span class='ocrx_word' id='word_1_61' title='bbox 494 1189 528 1226; x_wconf 77' lang='grc'>4.</span> <span class='ocrx_word' id='word_1_62' title='bbox 552 1185 666 1220; x_wconf 84' lang='lat' dir='ltr'>Stella.</span> <span class='ocrx_word' id='word_1_63' title='bbox 695 1187 809 1231; x_wconf 89' lang='lat' dir='ltr'>Hujus</span> <span class='ocrx_word' id='word_1_64' title='bbox 833 1199 940 1232; x_wconf 84' lang='lat' dir='ltr'>opera</span> <span class='ocrx_word' id='word_1_65' title='bbox 961 1200 1032 1220; x_wconf 90' lang='lat' dir='ltr'>non</span> <span class='ocrx_word' id='word_1_66' title='bbox 1055 1199 1116 1220; x_wconf 83' lang='lat' dir='ltr'>ex-</span> 
     </span>
     <span class='ocr_line' id='line_1_16' title="bbox 440 1238 1118 1285; baseline 0.003 -14"><span class='ocrx_word' id='word_1_67' title='bbox 440 1246 543 1272; x_wconf 82' lang='lat' dir='ltr'>stant.</span> <span class='ocrx_word' id='word_1_68' title='bbox 571 1238 664 1272; x_wconf 86' lang='lat' dir='ltr'>Vide</span> <span class='ocrx_word' id='word_1_69' title='bbox 685 1252 789 1285; x_wconf 88' lang='lat' dir='ltr'>supra</span> <span class='ocrx_word' id='word_1_70' title='bbox 803 1266 812 1281; x_wconf 90' lang='lat'>,</span> <span class='ocrx_word' id='word_1_71' title='bbox 833 1240 940 1285; x_wconf 84' lang='lat' dir='ltr'>epigr.</span> <span class='ocrx_word' id='word_1_72' title='bbox 967 1252 1038 1273; x_wconf 73' lang='lat' dir='ltr'>vul</span> <span class='ocrx_word' id='word_1_73' title='bbox 1053 1265 1061 1278; x_wconf 89' lang='lat'><em>‚</em></span> <span class='ocrx_word' id='word_1_74' title='bbox 1083 1249 1118 1273; x_wconf 89' lang='lat' dir='ltr'>et</span> 
     </span>
     <span class='ocr_line' id='line_1_17' title="bbox 439 1291 1115 1338; baseline 0.006 -15"><span class='ocrx_word' id='word_1_75' title='bbox 439 1291 520 1324; x_wconf 74' lang='lat' dir='ltr'>libri</span> <span class='ocrx_word' id='word_1_76' title='bbox 543 1293 636 1333; x_wconf 83' lang='lat' dir='ltr'>Vll,</span> <span class='ocrx_word' id='word_1_77' title='bbox 663 1293 772 1338; x_wconf 83' lang='lat' dir='ltr'>epigr.</span> <span class='ocrx_word' id='word_1_78' title='bbox 805 1305 890 1326; x_wconf 78' lang='lat' dir='ltr'>xx11.</span> <span class='ocrx_word' id='word_1_79' title='bbox 914 1314 966 1319; x_wconf 82' lang='lat'>-—</span> <span class='ocrx_word' id='word_1_80' title='bbox 985 1293 1115 1327; x_wconf 79' lang='lat' dir='ltr'>Flacco.</span> 
     </span>
     <span class='ocr_line' id='line_1_18' title="bbox 441 1344 1118 1391; baseline 0.004 -15"><span class='ocrx_word' id='word_1_81' title='bbox 441 1344 511 1385; x_wconf 84' lang='lat' dir='ltr'>Qui</span> <span class='ocrx_word' id='word_1_82' title='bbox 530 1345 667 1390; x_wconf 89' lang='lat' dir='ltr'>scripsit</span> <span class='ocrx_word' id='word_1_83' title='bbox 686 1354 765 1379; x_wconf 85' lang='lat' dir='ltr'>octo</span> <span class='ocrx_word' id='word_1_84' title='bbox 784 1346 892 1379; x_wconf 89' lang='lat' dir='ltr'>libros</span> <span class='ocrx_word' id='word_1_85' title='bbox 911 1346 1118 1391; x_wconf 85' lang='lat' dir='ltr'>Argonauti-</span> 
     </span>
     <span class='ocr_line' id='line_1_19' title="bbox 441 1398 1063 1444; baseline 0.003 -14"><span class='ocrx_word' id='word_1_86' title='bbox 441 1410 507 1431; x_wconf 90' lang='lat' dir='ltr'>con</span> <span class='ocrx_word' id='word_1_87' title='bbox 521 1423 530 1439; x_wconf 96' lang='lat'>,</span> <span class='ocrx_word' id='word_1_88' title='bbox 540 1410 631 1442; x_wconf 84' lang='lat' dir='ltr'>quos</span> <span class='ocrx_word' id='word_1_89' title='bbox 647 1398 862 1444; x_wconf 72' lang='lat' dir='ltr'>Vespasiano</span> <span class='ocrx_word' id='word_1_90' title='bbox 875 1398 1063 1432; x_wconf 83' lang='lat' dir='ltr'>dedicavit.</span> 
     </span>
    </p>

    <p class='ocr_par' dir='ltr' id='par_1_6' title="bbox 432 1450 1118 2238">
     <span class='ocr_line' id='line_1_20' title="bbox 494 1450 1117 1497; baseline 0 -13"><span class='ocrx_word' id='word_1_91' title='bbox 494 1450 526 1484; x_wconf 83' lang='lat'>5.</span> <span class='ocrx_word' id='word_1_92' title='bbox 548 1451 720 1484; x_wconf 84' lang='lat' dir='ltr'>Nonnulli</span> <span class='ocrx_word' id='word_1_93' title='bbox 737 1452 860 1497; x_wconf 89' lang='lat' dir='ltr'>legunt</span> <span class='ocrx_word' id='word_1_94' title='bbox 873 1452 995 1496; x_wconf 76' lang='lat' dir='ltr'>gaudet</span> <span class='ocrx_word' id='word_1_95' title='bbox 1010 1452 1117 1484; x_wconf 77' lang='lat' dir='ltr'>imbri—</span> 
     </span>
     <span class='ocr_line' id='line_1_21' title="bbox 432 1503 1117 1551; baseline 0.003 -16"><span class='ocrx_word' id='word_1_96' title='bbox 432 1505 497 1545; x_wconf 75' lang='lat' dir='ltr'>ser.</span> <span class='ocrx_word' id='word_1_97' title='bbox 525 1503 591 1536; x_wconf 85' lang='lat' dir='ltr'>Ed.</span> <span class='ocrx_word' id='word_1_98' title='bbox 623 1505 724 1538; x_wconf 84' lang='lat' dir='ltr'>Junt.</span> <span class='ocrx_word' id='word_1_99' title='bbox 746 1517 852 1551; x_wconf 87' lang='lat' dir='ltr'>penes</span> <span class='ocrx_word' id='word_1_100' title='bbox 880 1504 1050 1538; x_wconf 84' lang='lat' dir='ltr'>editorem</span> <span class='ocrx_word' id='word_1_101' title='bbox 1080 1505 1117 1538; x_wconf 88' lang='lat' dir='ltr'>in</span> 
     </span>
     <span class='ocr_line' id='line_1_22' title="bbox 439 1556 1118 1603; baseline 0.001 -15"><span class='ocrx_word' id='word_1_102' title='bbox 439 1556 595 1601; x_wconf 80' lang='lat' dir='ltr'>margine</span> <span class='ocrx_word' id='word_1_103' title='bbox 615 1557 722 1591; x_wconf 84' lang='lat' dir='ltr'>habet</span> <span class='ocrx_word' id='word_1_104' title='bbox 740 1569 748 1590; x_wconf 89' lang='lat'><strong>:</strong></span> <span class='ocrx_word' id='word_1_105' title='bbox 769 1558 966 1603; x_wconf 81' lang='lat' dir='ltr'>Apollodore</span> <span class='ocrx_word' id='word_1_106' title='bbox 986 1558 1044 1590; x_wconf 79' lang='lat' dir='ltr'><em>tibi</em></span> <span class='ocrx_word' id='word_1_107' title='bbox 1059 1571 1118 1602; x_wconf 78' lang='lat' dir='ltr'>pa-</span> 
     </span>
     <span class='ocr_line' id='line_1_23' title="bbox 432 1610 1116 1655; baseline 0.004 -14"><span class='ocrx_word' id='word_1_108' title='bbox 432 1610 559 1654; x_wconf 67' lang='lat' dir='ltr'>pyrifi’r</span> <span class='ocrx_word' id='word_1_109' title='bbox 575 1610 694 1650; x_wconf 82' lang='lat' dir='ltr'>Nilus;</span> <span class='ocrx_word' id='word_1_110' title='bbox 717 1623 793 1655; x_wconf 85' lang='lat' dir='ltr'>quae</span> <span class='ocrx_word' id='word_1_111' title='bbox 814 1610 918 1644; x_wconf 89' lang='lat' dir='ltr'>lectio</span> <span class='ocrx_word' id='word_1_112' title='bbox 948 1611 1037 1644; x_wconf 90' lang='lat' dir='ltr'>forte</span> <span class='ocrx_word' id='word_1_113' title='bbox 1061 1623 1116 1644; x_wconf 88' lang='lat' dir='ltr'>re-</span> 
     </span>
     <span class='ocr_line' id='line_1_24' title="bbox 438 1662 1116 1708; baseline 0.003 -14"><span class='ocrx_word' id='word_1_114' title='bbox 438 1662 601 1707; x_wconf 85' lang='lat' dir='ltr'>ponenda</span> <span class='ocrx_word' id='word_1_115' title='bbox 615 1689 624 1704; x_wconf 91' lang='lat'>,</span> <span class='ocrx_word' id='word_1_116' title='bbox 656 1663 684 1696; x_wconf 89' lang='lat' dir='ltr'>si</span> <span class='ocrx_word' id='word_1_117' title='bbox 714 1664 832 1708; x_wconf 89' lang='lat' dir='ltr'>aliquo</span> <span class='ocrx_word' id='word_1_118' title='bbox 866 1665 960 1697; x_wconf 90' lang='lat' dir='ltr'>bono</span> <span class='ocrx_word' id='word_1_119' title='bbox 994 1663 1116 1697; x_wconf 88' lang='lat' dir='ltr'>codice</span> 
     </span>
     <span class='ocr_line' id='line_1_25' title="bbox 438 1715 1115 1763; baseline 0.001 -15"><span class='ocrx_word' id='word_1_120' title='bbox 438 1715 716 1749; x_wconf 79' lang='lat' dir='ltr'>confirmaretur.</span> <span class='ocrx_word' id='word_1_121' title='bbox 739 1717 912 1763; x_wconf 49' lang='lat' dir='ltr'>Palqyfriser</span> <span class='ocrx_word' id='word_1_122' title='bbox 931 1717 1051 1757; x_wconf 78' lang='lat' dir='ltr'>Nilus,</span> <span class='ocrx_word' id='word_1_123' title='bbox 1075 1718 1115 1749; x_wconf 82' lang='lat' dir='ltr'>ll-</span> 
     </span>
     <span class='ocr_line' id='line_1_26' title="bbox 439 1769 1116 1815; baseline 0.003 -15"><span class='ocrx_word' id='word_1_124' title='bbox 439 1770 522 1811; x_wconf 76' lang='lat' dir='ltr'>mfer</span> <span class='ocrx_word' id='word_1_125' title='bbox 545 1769 662 1809; x_wconf 80' lang='lat' dir='ltr'>Nilus,</span> <span class='ocrx_word' id='word_1_126' title='bbox 691 1777 758 1802; x_wconf 86' lang='lat' dir='ltr'>etc.</span> <span class='ocrx_word' id='word_1_127' title='bbox 782 1770 909 1815; x_wconf 85' lang='lat' dir='ltr'>passim</span> <span class='ocrx_word' id='word_1_128' title='bbox 949 1770 1116 1814; x_wconf 85' lang='lat' dir='ltr'>leguntur</span> 
     </span>
     <span class='ocr_line' id='line_1_27' title="bbox 439 1820 1116 1866; baseline 0.003 -12"><span class='ocrx_word' id='word_1_129' title='bbox 439 1820 536 1866; x_wconf 84' lang='lat' dir='ltr'>apud</span> <span class='ocrx_word' id='word_1_130' title='bbox 549 1822 672 1855; x_wconf 84' lang='lat' dir='ltr'>Poetas</span> <span class='ocrx_word' id='word_1_131' title='bbox 685 1836 694 1864; x_wconf 78' lang='lat'><em>3</em></span> <span class='ocrx_word' id='word_1_132' title='bbox 708 1822 849 1866; x_wconf 61' lang='lat' dir='ltr'>imbrifer</span> <span class='ocrx_word' id='word_1_133' title='bbox 864 1823 959 1856; x_wconf 75' lang='lat' dir='ltr'>Nilus</span> <span class='ocrx_word' id='word_1_134' title='bbox 972 1823 1116 1863; x_wconf 89' lang='lat' dir='ltr'>nullibi,</span> 
     </span>
     <span class='ocr_line' id='line_1_28' title="bbox 437 1873 1116 1921; baseline 0.003 -14"><span class='ocrx_word' id='word_1_135' title='bbox 437 1873 560 1916; x_wconf 87' lang='lat' dir='ltr'>credo,</span> <span class='ocrx_word' id='word_1_136' title='bbox 579 1876 647 1909; x_wconf 87' lang='lat' dir='ltr'>nisi</span> <span class='ocrx_word' id='word_1_137' title='bbox 669 1875 765 1921; x_wconf 80' lang='lat' dir='ltr'>apud</span> <span class='ocrx_word' id='word_1_138' title='bbox 789 1875 1001 1909; x_wconf 89' lang='lat' dir='ltr'>hodiernum</span> <span class='ocrx_word' id='word_1_139' title='bbox 1020 1876 1116 1909; x_wconf 87' lang='lat' dir='ltr'>Mar-</span> 
     </span>
     <span class='ocr_line' id='line_1_29' title="bbox 438 1927 1115 1975; baseline 0.004 -16"><span class='ocrx_word' id='word_1_140' title='bbox 438 1927 568 1960; x_wconf 86' lang='lat' dir='ltr'>tialem.</span> <span class='ocrx_word' id='word_1_141' title='bbox 583 1950 633 1954; x_wconf 78' lang='lat'>—</span> <span class='ocrx_word' id='word_1_142' title='bbox 646 1928 856 1973; x_wconf 76' lang='lat' dir='ltr'>Apollodoro.</span> <span class='ocrx_word' id='word_1_143' title='bbox 869 1929 989 1962; x_wconf 90' lang='lat' dir='ltr'>Nobili</span> <span class='ocrx_word' id='word_1_144' title='bbox 1004 1936 1115 1975; x_wconf 87' lang='lat' dir='ltr'>poetae</span> 
     </span>
     <span class='ocr_line' id='line_1_30' title="bbox 436 1981 1114 2023; baseline 0.001 -10"><span class='ocrx_word' id='word_1_145' title='bbox 436 1981 592 2023; x_wconf 87' lang='lat' dir='ltr'>comico,</span> <span class='ocrx_word' id='word_1_146' title='bbox 629 1981 869 2015; x_wconf 87' lang='lat' dir='ltr'>Alexandrino</span> <span class='ocrx_word' id='word_1_147' title='bbox 884 2007 892 2023; x_wconf 91' lang='lat'>,</span> <span class='ocrx_word' id='word_1_148' title='bbox 926 1981 1114 2015; x_wconf 82' lang='lat' dir='ltr'>Menandri</span> 
     </span>
     <span class='ocr_line' id='line_1_31' title="bbox 437 2034 1115 2078; baseline 0.001 -11"><span class='ocrx_word' id='word_1_149' title='bbox 437 2034 574 2067; x_wconf 83' lang='lat' dir='ltr'>aemulo.</span> <span class='ocrx_word' id='word_1_150' title='bbox 588 2054 640 2060; x_wconf 84' lang='lat'>—·</span> <span class='ocrx_word' id='word_1_151' title='bbox 652 2035 800 2078; x_wconf 81' lang='lat' dir='ltr'>Imbriser</span> <span class='ocrx_word' id='word_1_152' title='bbox 812 2035 918 2069; x_wconf 76' lang='lat' dir='ltr'>Nilus.</span> <span class='ocrx_word' id='word_1_153' title='bbox 930 2035 999 2077; x_wconf 90' lang='lat' dir='ltr'>Qui</span> <span class='ocrx_word' id='word_1_154' title='bbox 1010 2035 1115 2068; x_wconf 87' lang='lat' dir='ltr'>inun-</span> 
     </span>
     <span class='ocr_line' id='line_1_32' title="bbox 437 2085 1113 2134; baseline 0.003 -15"><span class='ocrx_word' id='word_1_155' title='bbox 437 2085 576 2120; x_wconf 81' lang='lat' dir='ltr'>datione</span> <span class='ocrx_word' id='word_1_156' title='bbox 594 2099 654 2120; x_wconf 85' lang='lat' dir='ltr'>sua</span> <span class='ocrx_word' id='word_1_157' title='bbox 670 2114 679 2129; x_wconf 87' lang='lat'>,</span> <span class='ocrx_word' id='word_1_158' title='bbox 699 2088 775 2122; x_wconf 87' lang='lat' dir='ltr'>vice</span> <span class='ocrx_word' id='word_1_159' title='bbox 794 2088 978 2129; x_wconf 88' lang='lat' dir='ltr'>imbrium,</span> <span class='ocrx_word' id='word_1_160' title='bbox 999 2090 1059 2134; x_wconf 89' lang='lat' dir='ltr'>qui</span> <span class='ocrx_word' id='word_1_161' title='bbox 1076 2089 1113 2121; x_wconf 91' lang='lat' dir='ltr'>in</span> 
     </span>
     <span class='ocr_line' id='line_1_33' title="bbox 438 2141 1115 2186; baseline 0.003 -14"><span class='ocrx_word' id='word_1_162' title='bbox 438 2141 590 2185; x_wconf 44' lang='lat' dir='ltr'>AEgypto</span> <span class='ocrx_word' id='word_1_163' title='bbox 607 2141 699 2180; x_wconf 87' lang='lat' dir='ltr'>rari,</span> <span class='ocrx_word' id='word_1_164' title='bbox 723 2141 885 2186; x_wconf 88' lang='lat' dir='ltr'>fungitur</span> <span class='ocrx_word' id='word_1_165' title='bbox 900 2142 936 2174; x_wconf 91' lang='lat' dir='ltr'>in</span> <span class='ocrx_word' id='word_1_166' title='bbox 955 2150 1045 2175; x_wconf 86' lang='lat' dir='ltr'>terra</span> <span class='ocrx_word' id='word_1_167' title='bbox 1067 2141 1115 2174; x_wconf 92' lang='lat' dir='ltr'>ir-</span> 
     </span>
     <span class='ocr_line' id='line_1_34' title="bbox 437 2192 593 2238; baseline 0 -13"><span class='ocrx_word' id='word_1_168' title='bbox 437 2192 593 2238; x_wconf 81' lang='lat' dir='ltr'>riganda.</span> 
     </span>
    </p>

    <p class='ocr_par' dir='ltr' id='par_1_7' title="bbox 434 2247 1114 2546">
     <span class='ocr_line' id='line_1_35' title="bbox 491 2247 1114 2292; baseline 0.002 -14"><span class='ocrx_word' id='word_1_169' title='bbox 491 2248 524 2279; x_wconf 78' lang='lat'>6.</span> <span class='ocrx_word' id='word_1_170' title='bbox 546 2247 684 2291; x_wconf 67' lang='lat' dir='ltr'>Peligni.</span> <span class='ocrx_word' id='word_1_171' title='bbox 719 2248 848 2292; x_wconf 90' lang='lat' dir='ltr'>Populi</span> <span class='ocrx_word' id='word_1_172' title='bbox 884 2247 992 2281; x_wconf 83' lang='lat' dir='ltr'>Italiae</span> <span class='ocrx_word' id='word_1_173' title='bbox 1011 2269 1020 2285; x_wconf 84' lang='lat'>‚</span> <span class='ocrx_word' id='word_1_174' title='bbox 1053 2247 1114 2279; x_wconf 88' lang='lat' dir='ltr'>ubi</span> 
     </span>
     <span class='ocr_line' id='line_1_36' title="bbox 438 2298 1113 2346; baseline 0.003 -16"><span class='ocrx_word' id='word_1_175' title='bbox 438 2307 511 2331; x_wconf 83' lang='lat' dir='ltr'>erat</span> <span class='ocrx_word' id='word_1_176' title='bbox 535 2298 655 2332; x_wconf 88' lang='lat' dir='ltr'>Sulmo</span> <span class='ocrx_word' id='word_1_177' title='bbox 670 2325 679 2340; x_wconf 79' lang='lat'>,</span> <span class='ocrx_word' id='word_1_178' title='bbox 701 2300 814 2346; x_wconf 83' lang='lat' dir='ltr'>patria</span> <span class='ocrx_word' id='word_1_179' title='bbox 836 2299 981 2341; x_wconf 86' lang='lat' dir='ltr'>Ovidii,</span> <span class='ocrx_word' id='word_1_180' title='bbox 1004 2313 1021 2332; x_wconf 82' lang='lat' dir='ltr'>a</span> <span class='ocrx_word' id='word_1_181' title='bbox 1042 2312 1113 2345; x_wconf 90' lang='lat' dir='ltr'>quo</span> 
     </span>
     <span class='ocr_line' id='line_1_37' title="bbox 436 2351 1112 2398; baseline 0.006 -16"><span class='ocrx_word' id='word_1_182' title='bbox 436 2351 722 2394; x_wconf 76' lang='lat' dir='ltr'>commendatur,</span> <span class='ocrx_word' id='word_1_183' title='bbox 742 2354 857 2398; x_wconf 86' lang='lat' dir='ltr'>regio,</span> <span class='ocrx_word' id='word_1_184' title='bbox 879 2366 973 2387; x_wconf 87' lang='lat' dir='ltr'>nunc</span> <span class='ocrx_word' id='word_1_185' title='bbox 996 2353 1112 2386; x_wconf 53' lang='lat' dir='ltr'>l&#39;alua.</span> 
     </span>
     <span class='ocr_line' id='line_1_38' title="bbox 438 2403 1113 2452; baseline 0.003 -17"><span class='ocrx_word' id='word_1_186' title='bbox 438 2403 544 2437; x_wconf 86' lang='lat' dir='ltr'>Ovid.</span> <span class='ocrx_word' id='word_1_187' title='bbox 560 2404 603 2437; x_wconf 90' lang='lat' dir='ltr'>de</span> <span class='ocrx_word' id='word_1_188' title='bbox 613 2405 727 2439; x_wconf 90' lang='lat' dir='ltr'>Ponto</span> <span class='ocrx_word' id='word_1_189' title='bbox 738 2432 746 2446; x_wconf 89' lang='lat'>‚</span> <span class='ocrx_word' id='word_1_190' title='bbox 762 2406 821 2439; x_wconf 91' lang='lat' dir='ltr'>lib.</span> <span class='ocrx_word' id='word_1_191' title='bbox 833 2407 899 2447; x_wconf 94' lang='lat' dir='ltr'>IV,</span> <span class='ocrx_word' id='word_1_192' title='bbox 914 2407 1024 2452; x_wconf 83' lang='lat' dir='ltr'>epigr.</span> <span class='ocrx_word' id='word_1_193' title='bbox 1035 2418 1113 2447; x_wconf 81' lang='lat' dir='ltr'>xiv,</span> 
     </span>
     <span class='ocr_line' id='line_1_39' title="bbox 440 2457 1111 2505; baseline 0.006 -17"><span class='ocrx_word' id='word_1_194' title='bbox 440 2460 485 2499; x_wconf 65' lang='lat'>[⁸9</span> <span class='ocrx_word' id='word_1_195' title='bbox 504 2468 511 2488; x_wconf 91' lang='lat'>:</span> <span class='ocrx_word' id='word_1_196' title='bbox 536 2474 548 2484; x_wconf 73' lang='grc' dir='ltr'><em>υ</em></span> <span class='ocrx_word' id='word_1_197' title='bbox 569 2457 662 2490; x_wconf 85' lang='lat' dir='ltr'>Gens</span> <span class='ocrx_word' id='word_1_198' title='bbox 681 2471 757 2492; x_wconf 83' lang='lat' dir='ltr'>mea</span> <span class='ocrx_word' id='word_1_199' title='bbox 771 2459 905 2505; x_wconf 75' lang='lat' dir='ltr'>Peligni</span> <span class='ocrx_word' id='word_1_200' title='bbox 918 2484 928 2501; x_wconf 94' lang='lat'>,</span> <span class='ocrx_word' id='word_1_201' title='bbox 945 2459 1111 2504; x_wconf 85' lang='lat' dir='ltr'>regioque</span> 
     </span>
     <span class='ocr_line' id='line_1_40' title="bbox 434 2508 813 2546; baseline 0.013 -5"><span class='ocrx_word' id='word_1_202' title='bbox 434 2508 621 2543; x_wconf 78' lang='lat' dir='ltr'>domestica</span> <span class='ocrx_word' id='word_1_203' title='bbox 644 2512 780 2546; x_wconf 77' lang='lat' dir='ltr'>Sulmo.</span> <span class='ocrx_word' id='word_1_204' title='bbox 801 2530 813 2541; x_wconf 74' lang='lat' dir='ltr'>n</span> 
     </span>
    </p>
   </div>
   <div class='ocr_carea' id='block_1_5' title="bbox 1171 1028 1858 2556">
    <p class='ocr_par' dir='ltr' id='par_1_8' title="bbox 1175 1028 1858 1439">
     <span class='ocr_line' id='line_1_41' title="bbox 1230 1028 1858 1074; baseline 0.002 -14"><span class='ocrx_word' id='word_1_205' title='bbox 1230 1041 1264 1072; x_wconf 86' lang='lat'>7.</span> <span class='ocrx_word' id='word_1_206' title='bbox 1293 1028 1442 1074; x_wconf 75' lang='lat' dir='ltr'>Duosque</span> <span class='ocrx_word' id='word_1_207' title='bbox 1456 1055 1465 1068; x_wconf 86' lang='lat'>,</span> <span class='ocrx_word' id='word_1_208' title='bbox 1487 1035 1554 1061; x_wconf 88' lang='lat' dir='ltr'>etc.</span> <span class='ocrx_word' id='word_1_209' title='bbox 1576 1028 1714 1061; x_wconf 83' lang='lat' dir='ltr'>Patrem</span> <span class='ocrx_word' id='word_1_210' title='bbox 1737 1028 1858 1062; x_wconf 77' lang='lat' dir='ltr'>rheto-</span> 
     </span>
     <span class='ocr_line' id='line_1_42' title="bbox 1175 1080 1856 1127; baseline 0.001 -14"><span class='ocrx_word' id='word_1_211' title='bbox 1175 1093 1251 1113; x_wconf 90' lang='lat' dir='ltr'>rem</span> <span class='ocrx_word' id='word_1_212' title='bbox 1269 1088 1303 1114; x_wconf 88' lang='lat' dir='ltr'>et</span> <span class='ocrx_word' id='word_1_213' title='bbox 1323 1080 1618 1122; x_wconf 78' lang='lat' dir='ltr'>declamatorem3</span> <span class='ocrx_word' id='word_1_214' title='bbox 1640 1081 1754 1114; x_wconf 86' lang='lat' dir='ltr'>filium</span> <span class='ocrx_word' id='word_1_215' title='bbox 1777 1081 1856 1127; x_wconf 89' lang='lat' dir='ltr'>phi-</span> 
     </span>
     <span class='ocr_line' id='line_1_43' title="bbox 1175 1133 1857 1180; baseline 0.001 -14"><span class='ocrx_word' id='word_1_216' title='bbox 1175 1134 1362 1179; x_wconf 89' lang='lat' dir='ltr'>losophum</span> <span class='ocrx_word' id='word_1_217' title='bbox 1377 1142 1410 1167; x_wconf 91' lang='lat' dir='ltr'>et</span> <span class='ocrx_word' id='word_1_218' title='bbox 1421 1133 1706 1180; x_wconf 83' lang='lat' dir='ltr'>tragicum.Vide</span> <span class='ocrx_word' id='word_1_219' title='bbox 1717 1134 1779 1167; x_wconf 90' lang='lat' dir='ltr'>lib.</span> <span class='ocrx_word' id='word_1_220' title='bbox 1791 1135 1857 1175; x_wconf 89' lang='lat' dir='ltr'>IV,</span> 
     </span>
     <span class='ocr_line' id='line_1_44' title="bbox 1176 1186 1857 1232; baseline 0.001 -12"><span class='ocrx_word' id='word_1_221' title='bbox 1176 1187 1287 1232; x_wconf 76' lang='lat' dir='ltr'>epigr.</span> <span class='ocrx_word' id='word_1_222' title='bbox 1304 1200 1361 1226; x_wconf 76' lang='lat' dir='ltr'>XL,</span> <span class='ocrx_word' id='word_1_223' title='bbox 1373 1200 1406 1220; x_wconf 88' lang='lat' dir='ltr'>v.</span> <span class='ocrx_word' id='word_1_224' title='bbox 1423 1200 1456 1220; x_wconf 86' lang='lat'>2.</span> <span class='ocrx_word' id='word_1_225' title='bbox 1470 1209 1523 1214; x_wconf 87' lang='lat'>—</span> <span class='ocrx_word' id='word_1_226' title='bbox 1533 1188 1706 1221; x_wconf 72' lang='lat' dir='ltr'>Lucanum.</span> <span class='ocrx_word' id='word_1_227' title='bbox 1718 1186 1857 1221; x_wconf 84' lang='lat' dir='ltr'>Senecae</span> 
     </span>
     <span class='ocr_line' id='line_1_45' title="bbox 1176 1240 1858 1286; baseline 0 -13"><span class='ocrx_word' id='word_1_228' title='bbox 1176 1240 1378 1286; x_wconf 85' lang='lat' dir='ltr'>philosophi</span> <span class='ocrx_word' id='word_1_229' title='bbox 1393 1252 1434 1273; x_wconf 88' lang='lat' dir='ltr'>ex</span> <span class='ocrx_word' id='word_1_230' title='bbox 1451 1240 1560 1273; x_wconf 82' lang='lat' dir='ltr'>fratre</span> <span class='ocrx_word' id='word_1_231' title='bbox 1574 1253 1683 1285; x_wconf 90' lang='lat' dir='ltr'>nepos</span> <span class='ocrx_word' id='word_1_232' title='bbox 1697 1240 1781 1282; x_wconf 88' lang='lat' dir='ltr'>fuit;</span> <span class='ocrx_word' id='word_1_233' title='bbox 1797 1253 1858 1286; x_wconf 88' lang='lat' dir='ltr'>pe-</span> 
     </span>
     <span class='ocr_line' id='line_1_46' title="bbox 1177 1293 1856 1338; baseline 0.001 -13"><span class='ocrx_word' id='word_1_234' title='bbox 1177 1293 1246 1326; x_wconf 91' lang='lat' dir='ltr'>rire</span> <span class='ocrx_word' id='word_1_235' title='bbox 1267 1295 1380 1338; x_wconf 86' lang='lat' dir='ltr'>jussus</span> <span class='ocrx_word' id='word_1_236' title='bbox 1403 1307 1422 1326; x_wconf 89' lang='lat' dir='ltr'>a</span> <span class='ocrx_word' id='word_1_237' title='bbox 1448 1293 1609 1334; x_wconf 87' lang='lat' dir='ltr'>Nerone,</span> <span class='ocrx_word' id='word_1_238' title='bbox 1632 1293 1688 1326; x_wconf 83' lang='lat' dir='ltr'>cui</span> <span class='ocrx_word' id='word_1_239' title='bbox 1709 1301 1856 1338; x_wconf 85' lang='lat' dir='ltr'>propter</span> 
     </span>
     <span class='ocr_line' id='line_1_47' title="bbox 1176 1346 1855 1391; baseline 0.001 -13"><span class='ocrx_word' id='word_1_240' title='bbox 1176 1346 1435 1379; x_wconf 69' lang='lat' dir='ltr'>aemulationem</span> <span class='ocrx_word' id='word_1_241' title='bbox 1455 1346 1537 1379; x_wconf 80' lang='lat' dir='ltr'>artis</span> <span class='ocrx_word' id='word_1_242' title='bbox 1556 1346 1702 1391; x_wconf 84' lang='lat' dir='ltr'>poeticae</span> <span class='ocrx_word' id='word_1_243' title='bbox 1724 1346 1855 1379; x_wconf 84' lang='lat' dir='ltr'>invisus</span> 
     </span>
     <span class='ocr_line' id='line_1_48' title="bbox 1176 1397 1638 1439; baseline 0 -8"><span class='ocrx_word' id='word_1_244' title='bbox 1176 1406 1270 1439; x_wconf 84' lang='lat' dir='ltr'>erat,</span> <span class='ocrx_word' id='word_1_245' title='bbox 1293 1399 1359 1432; x_wconf 89' lang='lat' dir='ltr'>sibi</span> <span class='ocrx_word' id='word_1_246' title='bbox 1378 1411 1482 1432; x_wconf 84' lang='lat' dir='ltr'>venas</span> <span class='ocrx_word' id='word_1_247' title='bbox 1502 1397 1638 1432; x_wconf 87' lang='lat' dir='ltr'>incidit.</span> 
     </span>
    </p>

    <p class='ocr_par' dir='ltr' id='par_1_9' title="bbox 1179 1450 1854 1538">
     <span class='ocr_line' id='line_1_49' title="bbox 1230 1450 1854 1497; baseline 0 -12"><span class='ocrx_word' id='word_1_248' title='bbox 1230 1453 1263 1485; x_wconf 88' lang='lat'>8.</span> <span class='ocrx_word' id='word_1_249' title='bbox 1271 1451 1430 1484; x_wconf 81' lang='lat' dir='ltr'>Corduba.</span> <span class='ocrx_word' id='word_1_250' title='bbox 1440 1452 1534 1484; x_wconf 86' lang='lat' dir='ltr'>Urbs</span> <span class='ocrx_word' id='word_1_251' title='bbox 1546 1451 1735 1497; x_wconf 82' lang='lat' dir='ltr'>Hispaniae3</span> <span class='ocrx_word' id='word_1_252' title='bbox 1746 1450 1854 1485; x_wconf 89' lang='lat' dir='ltr'>hodie</span> 
     </span>
     <span class='ocr_line' id='line_1_50' title="bbox 1179 1504 1335 1538; baseline 0.006 -1"><span class='ocrx_word' id='word_1_253' title='bbox 1179 1504 1335 1538; x_wconf 71' lang='lat' dir='ltr'>Cor-done.</span> 
     </span>
    </p>

    <p class='ocr_par' dir='ltr' id='par_1_10' title="bbox 1175 1557 1856 1814">
     <span class='ocr_line' id='line_1_51' title="bbox 1229 1557 1856 1603; baseline 0 -12"><span class='ocrx_word' id='word_1_254' title='bbox 1229 1570 1263 1601; x_wconf 86' lang='lat'>9.</span> <span class='ocrx_word' id='word_1_255' title='bbox 1282 1558 1406 1590; x_wconf 78' lang='lat' dir='ltr'>Jocosce</span> <span class='ocrx_word' id='word_1_256' title='bbox 1436 1557 1557 1591; x_wconf 79' lang='lat' dir='ltr'>Gades.</span> <span class='ocrx_word' id='word_1_257' title='bbox 1588 1557 1765 1603; x_wconf 86' lang='lat' dir='ltr'>Hispaniae</span> <span class='ocrx_word' id='word_1_258' title='bbox 1794 1569 1856 1603; x_wconf 93' lang='lat' dir='ltr'>po-</span> 
     </span>
     <span class='ocr_line' id='line_1_52' title="bbox 1175 1609 1855 1656; baseline 0.001 -13"><span class='ocrx_word' id='word_1_259' title='bbox 1175 1611 1251 1656; x_wconf 86' lang='lat' dir='ltr'>puli</span> <span class='ocrx_word' id='word_1_260' title='bbox 1262 1610 1305 1643; x_wconf 87' lang='lat' dir='ltr'>ad</span> <span class='ocrx_word' id='word_1_261' title='bbox 1320 1611 1447 1644; x_wconf 87' lang='lat' dir='ltr'>fretum</span> <span class='ocrx_word' id='word_1_262' title='bbox 1465 1609 1679 1644; x_wconf 85' lang='lat' dir='ltr'>Gaditanum</span> <span class='ocrx_word' id='word_1_263' title='bbox 1691 1636 1700 1652; x_wconf 87' lang='lat'>,</span> <span class='ocrx_word' id='word_1_264' title='bbox 1718 1610 1855 1644; x_wconf 89' lang='lat' dir='ltr'>choreis</span> 
     </span>
     <span class='ocr_line' id='line_1_53' title="bbox 1175 1662 1854 1697; baseline 0 0"><span class='ocrx_word' id='word_1_265' title='bbox 1175 1672 1209 1697; x_wconf 86' lang='lat' dir='ltr'>et</span> <span class='ocrx_word' id='word_1_266' title='bbox 1234 1663 1475 1697; x_wconf 78' lang='lat' dir='ltr'>saltationibus</span> <span class='ocrx_word' id='word_1_267' title='bbox 1501 1664 1589 1696; x_wconf 90' lang='lat' dir='ltr'>mire</span> <span class='ocrx_word' id='word_1_268' title='bbox 1611 1662 1734 1696; x_wconf 87' lang='lat' dir='ltr'>dediti.</span> <span class='ocrx_word' id='word_1_269' title='bbox 1760 1662 1854 1697; x_wconf 89' lang='lat' dir='ltr'>Vide</span> 
     </span>
     <span class='ocr_line' id='line_1_54' title="bbox 1175 1716 1853 1762; baseline 0.001 -13"><span class='ocrx_word' id='word_1_270' title='bbox 1175 1717 1283 1762; x_wconf 87' lang='lat' dir='ltr'>epigr.</span> <span class='ocrx_word' id='word_1_271' title='bbox 1323 1729 1400 1750; x_wconf 79' lang='lat' dir='ltr'>XLII</span> <span class='ocrx_word' id='word_1_272' title='bbox 1437 1728 1551 1762; x_wconf 84' lang='lat' dir='ltr'>supra.</span> <span class='ocrx_word' id='word_1_273' title='bbox 1588 1716 1705 1761; x_wconf 86' lang='lat' dir='ltr'>Vulgo</span> <span class='ocrx_word' id='word_1_274' title='bbox 1736 1716 1853 1750; x_wconf 66' lang='lat' dir='ltr'>Cadix.</span> 
     </span>
     <span class='ocr_line' id='line_1_55' title="bbox 1175 1768 1832 1814; baseline -0.002 -11"><span class='ocrx_word' id='word_1_275' title='bbox 1175 1771 1226 1803; x_wconf 91' lang='lat' dir='ltr'>De</span> <span class='ocrx_word' id='word_1_276' title='bbox 1252 1769 1370 1810; x_wconf 84' lang='lat' dir='ltr'>Canio,</span> <span class='ocrx_word' id='word_1_277' title='bbox 1394 1768 1466 1802; x_wconf 86' lang='lat' dir='ltr'>vid.</span> <span class='ocrx_word' id='word_1_278' title='bbox 1485 1769 1594 1814; x_wconf 78' lang='lat' dir='ltr'>epigr.</span> <span class='ocrx_word' id='word_1_279' title='bbox 1615 1782 1704 1809; x_wconf 79' lang='lat' dir='ltr'>Lxx,</span> <span class='ocrx_word' id='word_1_280' title='bbox 1728 1769 1832 1803; x_wconf 85' lang='lat' dir='ltr'>infra.</span> 
     </span>
    </p>

    <p class='ocr_par' dir='ltr' id='par_1_11' title="bbox 1174 1821 1854 1974">
     <span class='ocr_line' id='line_1_56' title="bbox 1232 1821 1854 1865; baseline -0.002 -9"><span class='ocrx_word' id='word_1_281' title='bbox 1232 1835 1289 1856; x_wconf 86' lang='lat'>10.</span> <span class='ocrx_word' id='word_1_282' title='bbox 1323 1824 1478 1855; x_wconf 76' lang='lat' dir='ltr'>Emerita.</span> <span class='ocrx_word' id='word_1_283' title='bbox 1513 1823 1607 1855; x_wconf 89' lang='lat' dir='ltr'>Urbs</span> <span class='ocrx_word' id='word_1_284' title='bbox 1637 1821 1826 1856; x_wconf 88' lang='lat' dir='ltr'>Lusitaniae</span> <span class='ocrx_word' id='word_1_285' title='bbox 1844 1848 1854 1865; x_wconf 89' lang='lat'>,</span> 
     </span>
     <span class='ocr_line' id='line_1_57' title="bbox 1174 1874 1853 1915; baseline 0 -7"><span class='ocrx_word' id='word_1_286' title='bbox 1174 1874 1280 1908; x_wconf 90' lang='lat' dir='ltr'>hodie</span> <span class='ocrx_word' id='word_1_287' title='bbox 1310 1876 1449 1908; x_wconf 79' lang='lat' dir='ltr'>Merida.</span> <span class='ocrx_word' id='word_1_288' title='bbox 1485 1876 1537 1908; x_wconf 90' lang='lat' dir='ltr'>De</span> <span class='ocrx_word' id='word_1_289' title='bbox 1566 1874 1742 1915; x_wconf 90' lang='lat' dir='ltr'>Deciano,</span> <span class='ocrx_word' id='word_1_290' title='bbox 1771 1874 1853 1908; x_wconf 86' lang='lat' dir='ltr'>vide</span> 
     </span>
     <span class='ocr_line' id='line_1_58' title="bbox 1175 1929 1614 1974; baseline -0.002 -13"><span class='ocrx_word' id='word_1_291' title='bbox 1175 1941 1277 1974; x_wconf 89' lang='lat' dir='ltr'>supra</span> <span class='ocrx_word' id='word_1_292' title='bbox 1292 1954 1302 1970; x_wconf 86' lang='lat'>‚</span> <span class='ocrx_word' id='word_1_293' title='bbox 1321 1929 1429 1974; x_wconf 87' lang='lat' dir='ltr'>epigr.</span> <span class='ocrx_word' id='word_1_294' title='bbox 1450 1940 1488 1961; x_wconf 79' lang='lat' dir='ltr'>xx</span> <span class='ocrx_word' id='word_1_295' title='bbox 1509 1935 1543 1961; x_wconf 88' lang='lat' dir='ltr'>et</span> <span class='ocrx_word' id='word_1_296' title='bbox 1560 1940 1614 1961; x_wconf 78' lang='lat' dir='ltr'>XL.</span> 
     </span>
    </p>

    <p class='ocr_par' dir='ltr' id='par_1_12' title="bbox 1173 1979 1852 2173">
     <span class='ocr_line' id='line_1_59' title="bbox 1232 1979 1850 2021; baseline 0 -8"><span class='ocrx_word' id='word_1_297' title='bbox 1232 1993 1290 2014; x_wconf 87' lang='lat'>11.</span> <span class='ocrx_word' id='word_1_298' title='bbox 1325 1982 1391 2021; x_wconf 84' lang='lat' dir='ltr'>Te,</span> <span class='ocrx_word' id='word_1_299' title='bbox 1420 1982 1550 2014; x_wconf 80' lang='lat' dir='ltr'>Lz&#39;cz&#39;ane</span> <span class='ocrx_word' id='word_1_300' title='bbox 1577 1981 1614 2013; x_wconf 91' lang='lat' dir='ltr'>in</span> <span class='ocrx_word' id='word_1_301' title='bbox 1641 1979 1722 2013; x_wconf 89' lang='lat' dir='ltr'>Ald.</span> <span class='ocrx_word' id='word_1_302' title='bbox 1750 1981 1850 2013; x_wconf 89' lang='lat' dir='ltr'>Junt.</span> 
     </span>
     <span class='ocr_line' id='line_1_60' title="bbox 1175 2033 1852 2080; baseline 0 -13"><span class='ocrx_word' id='word_1_303' title='bbox 1175 2034 1288 2068; x_wconf 89' lang='lat' dir='ltr'>Colin.</span> <span class='ocrx_word' id='word_1_304' title='bbox 1317 2034 1455 2080; x_wconf 73' lang='lat' dir='ltr'>Gryph.</span> <span class='ocrx_word' id='word_1_305' title='bbox 1479 2041 1513 2066; x_wconf 89' lang='lat' dir='ltr'>et</span> <span class='ocrx_word' id='word_1_306' title='bbox 1539 2033 1680 2066; x_wconf 87' lang='lat' dir='ltr'>Junian.</span> <span class='ocrx_word' id='word_1_307' title='bbox 1708 2033 1852 2079; x_wconf 87' lang='lat' dir='ltr'>aliisque</span> 
     </span>
     <span class='ocr_line' id='line_1_61' title="bbox 1173 2085 1852 2121; baseline 0.003 -2"><span class='ocrx_word' id='word_1_308' title='bbox 1173 2096 1256 2121; x_wconf 89' lang='lat' dir='ltr'>vett.</span> <span class='ocrx_word' id='word_1_309' title='bbox 1281 2088 1442 2120; x_wconf 68' lang='lat' dir='ltr'>Liciniana</span> <span class='ocrx_word' id='word_1_310' title='bbox 1466 2094 1610 2120; x_wconf 85' lang='lat' dir='ltr'>testatur</span> <span class='ocrx_word' id='word_1_311' title='bbox 1630 2085 1740 2120; x_wconf 88' lang='lat' dir='ltr'>codex</span> <span class='ocrx_word' id='word_1_312' title='bbox 1761 2088 1852 2121; x_wconf 91' lang='lat' dir='ltr'>Vos·</span> 
     </span>
     <span class='ocr_line' id='line_1_62' title="bbox 1173 2140 1298 2173; baseline 0 0"><span class='ocrx_word' id='word_1_313' title='bbox 1173 2140 1298 2173; x_wconf 88' lang='lat' dir='ltr'>sianus.</span> 
     </span>
    </p>

    <p class='ocr_par' dir='ltr' id='par_1_13' title="bbox 1171 2192 1851 2556">
     <span class='ocr_line' id='line_1_63' title="bbox 1231 2192 1850 2234; baseline -0.003 -7"><span class='ocrx_word' id='word_1_314' title='bbox 1231 2206 1245 2227; x_wconf 94' lang='lat'>1</span> <span class='ocrx_word' id='word_1_315' title='bbox 1257 2207 1288 2226; x_wconf 84' lang='lat'>2.</span> <span class='ocrx_word' id='word_1_316' title='bbox 1307 2193 1444 2226; x_wconf 80' lang='lat' dir='ltr'>Bilbilis.</span> <span class='ocrx_word' id='word_1_317' title='bbox 1465 2193 1558 2226; x_wconf 86' lang='lat' dir='ltr'>Urbs</span> <span class='ocrx_word' id='word_1_318' title='bbox 1577 2192 1615 2225; x_wconf 92' lang='lat' dir='ltr'>in</span> <span class='ocrx_word' id='word_1_319' title='bbox 1641 2192 1850 2234; x_wconf 85' lang='lat' dir='ltr'>Celtiberia,</span> 
     </span>
     <span class='ocr_line' id='line_1_64' title="bbox 1171 2244 1850 2291; baseline -0.003 -11"><span class='ocrx_word' id='word_1_320' title='bbox 1171 2246 1342 2280; x_wconf 82' lang='lat' dir='ltr'>Martialis</span> <span class='ocrx_word' id='word_1_321' title='bbox 1371 2254 1405 2279; x_wconf 89' lang='lat' dir='ltr'>et</span> <span class='ocrx_word' id='word_1_322' title='bbox 1434 2245 1607 2279; x_wconf 85' lang='lat' dir='ltr'>Liciniani</span> <span class='ocrx_word' id='word_1_323' title='bbox 1638 2245 1775 2291; x_wconf 82' lang='lat' dir='ltr'>patria,</span> <span class='ocrx_word' id='word_1_324' title='bbox 1805 2244 1850 2278; x_wconf 85' lang='lat' dir='ltr'>de</span> 
     </span>
     <span class='ocr_line' id='line_1_65' title="bbox 1173 2297 1847 2345; baseline -0.003 -13"><span class='ocrx_word' id='word_1_325' title='bbox 1173 2312 1240 2345; x_wconf 88' lang='lat' dir='ltr'>qua</span> <span class='ocrx_word' id='word_1_326' title='bbox 1257 2299 1389 2332; x_wconf 88' lang='lat' dir='ltr'>mentio</span> <span class='ocrx_word' id='word_1_327' title='bbox 1408 2297 1532 2332; x_wconf 88' lang='lat' dir='ltr'>incidit</span> <span class='ocrx_word' id='word_1_328' title='bbox 1547 2310 1668 2343; x_wconf 83' lang='lat' dir='ltr'>supra,</span> <span class='ocrx_word' id='word_1_329' title='bbox 1685 2298 1793 2343; x_wconf 83' lang='lat' dir='ltr'>epigr.</span> <span class='ocrx_word' id='word_1_330' title='bbox 1805 2311 1826 2330; x_wconf 79' lang='lat' dir='ltr'>L</span> <span class='ocrx_word' id='word_1_331' title='bbox 1838 2322 1847 2334; x_wconf 90' lang='lat'>‚</span> 
     </span>
     <span class='ocr_line' id='line_1_66' title="bbox 1172 2350 1849 2396; baseline -0.001 -12"><span class='ocrx_word' id='word_1_332' title='bbox 1172 2365 1205 2386; x_wconf 86' lang='lat' dir='ltr'>v.</span> <span class='ocrx_word' id='word_1_333' title='bbox 1228 2352 1260 2385; x_wconf 84' lang='grc'>3.</span> <span class='ocrx_word' id='word_1_334' title='bbox 1285 2351 1414 2385; x_wconf 84' lang='lat' dir='ltr'>Videat</span> <span class='ocrx_word' id='word_1_335' title='bbox 1439 2352 1550 2385; x_wconf 80' lang='lat' dir='ltr'>lector</span> <span class='ocrx_word' id='word_1_336' title='bbox 1577 2363 1653 2396; x_wconf 82' lang='lat' dir='ltr'>quae</span> <span class='ocrx_word' id='word_1_337' title='bbox 1679 2350 1720 2383; x_wconf 84' lang='lat' dir='ltr'>ad</span> <span class='ocrx_word' id='word_1_338' title='bbox 1754 2350 1849 2384; x_wconf 86' lang='lat' dir='ltr'>hunc</span> 
     </span>
     <span class='ocr_line' id='line_1_67' title="bbox 1172 2403 1851 2446; baseline -0.004 -8"><span class='ocrx_word' id='word_1_339' title='bbox 1172 2406 1288 2438; x_wconf 88' lang='lat' dir='ltr'>locum</span> <span class='ocrx_word' id='word_1_340' title='bbox 1307 2404 1548 2438; x_wconf 82' lang='lat' dir='ltr'>adnotavimus</span> <span class='ocrx_word' id='word_1_341' title='bbox 1561 2431 1570 2446; x_wconf 96' lang='lat'>,</span> <span class='ocrx_word' id='word_1_342' title='bbox 1593 2412 1627 2436; x_wconf 87' lang='lat' dir='ltr'>et</span> <span class='ocrx_word' id='word_1_343' title='bbox 1642 2403 1754 2437; x_wconf 86' lang='lat' dir='ltr'>varias</span> <span class='ocrx_word' id='word_1_344' title='bbox 1770 2415 1851 2436; x_wconf 88' lang='lat' dir='ltr'>eru-</span> 
     </span>
     <span class='ocr_line' id='line_1_68' title="bbox 1171 2455 1848 2491; baseline -0.006 1"><span class='ocrx_word' id='word_1_345' title='bbox 1171 2457 1327 2491; x_wconf 88' lang='lat' dir='ltr'>ditorum</span> <span class='ocrx_word' id='word_1_346' title='bbox 1345 2457 1388 2491; x_wconf 91' lang='lat' dir='ltr'>de</span> <span class='ocrx_word' id='word_1_347' title='bbox 1410 2458 1474 2491; x_wconf 82' lang='lat' dir='ltr'>hac</span> <span class='ocrx_word' id='word_1_348' title='bbox 1491 2458 1576 2490; x_wconf 86' lang='lat' dir='ltr'>urbe</span> <span class='ocrx_word' id='word_1_349' title='bbox 1596 2456 1781 2490; x_wconf 82' lang='lat' dir='ltr'>sententias</span> <span class='ocrx_word' id='word_1_350' title='bbox 1797 2455 1848 2488; x_wconf 70' lang='lat' dir='ltr'>ibi</span> 
     </span>
     <span class='ocr_line' id='line_1_69' title="bbox 1172 2510 1604 2556; baseline -0.009 -12"><span class='ocrx_word' id='word_1_351' title='bbox 1172 2511 1263 2545; x_wconf 77' lang='lat' dir='ltr'>inter</span> <span class='ocrx_word' id='word_1_352' title='bbox 1277 2524 1311 2544; x_wconf 87' lang='lat' dir='ltr'>se</span> <span class='ocrx_word' id='word_1_353' title='bbox 1331 2519 1522 2556; x_wconf 82' lang='lat' dir='ltr'>comparet.</span> <span class='ocrx_word' id='word_1_354' title='bbox 1540 2510 1604 2542; x_wconf 88' lang='lat' dir='ltr'>En.</span> 
     </span>
    </p>
   </div>
  </div>
 </body>
</html>
