2061 3288
441 199 539 255 284

817 203 879 245 M.
905 204 1046 247 VAL.
1085 205 1480 249 MARTIALIS

578 290 646 331 An
673 305 775 333 rure
797 290 909 334 Tulli
941 291 1122 348 fruitur,
1151 302 1282 353 atque
1309 292 1507 338 Lucani?

575 360 645 402 An
672 359 879 405 Pollionis
910 361 1037 406 dulce
1064 364 1200 407 currit
1225 363 1280 407 ad
1305 363 1556 421 Quartum?

578 431 647 473 An
677 440 908 476 aestuantes
933 433 1024 493 jam
1055 433 1280 494 profectus
1304 435 1359 478 ad
1385 436 1508 479 Baias

576 501 703 562 Piger
732 504 925 547 Lucrino
953 504 1216 549 nauculatur
1240 506 1284 549 in
1309 505 1489 567 stagno?
1541 551 1546 553 a
1826 535 1856 550 20

580 573 658 616 Vis
689 574 820 630 scire,
845 574 949 634 quid
978 585 1079 637 agat
1105 577 1269 621 Canius
1292 575 1423 621 tuus?
1447 577 1570 621 ridet.

497 723 511 743 1
522 723 541 755 7
568 711 655 744 Tulli
671 720 764 758 atque
778 713 912 746 Lucani.
927 714 1064 747 Fratres
1081 714 1120 748 hi

440 771 541 796 erant
557 776 693 797 summa
713 773 806 799 inter
825 779 860 800 se
876 767 1018 800 caritate
1039 780 1121 801 con-

437 816 570 862 juncti,
592 825 632 850 ut
649 826 785 852 constat
803 832 848 852 ex
865 820 927 853 lib.
949 822 965 853 I
979 846 989 862 ,
1009 822 1119 866 epigr.

440 881 588 911 xxxx·11;
615 878 648 903 et
665 871 728 904 lib.
754 872 824 914 IX,
846 873 959 919 epigr.
981 886 1048 907 Lu.
1070 895 1119 900 —

441 923 587 956 Fruitur.
608 924 684 958 Hoc
703 933 774 967 est,
798 937 840 958 an
859 926 1078 960 rusticatur?

499 988 510 1008 1
521 977 553 1010 8.
573 977 782 1011 Beverlandi
798 978 871 1012 MS.
888 983 1123 1026 currilatquar-

443 1037 517 1061 tum.
532 1030 647 1063 -Acl
659 1031 829 1075 Quartum.
847 1032 1027 1066 Praedium
1040 1035 1122 1067 sub-

440 1083 616 1115 urbanum
636 1083 680 1117 ad
701 1093 867 1131 quartum
884 1086 1050 1132 lapidem.
1072 1088 1123 1120 Ita

442 1136 640 1170 suburbana
656 1137 785 1183 praedia
803 1148 865 1173 aut
878 1141 1042 1185 praetoria
1058 1153 1122 1174 no-

441 1188 623 1223 minabant
634 1215 644 1231 ,
665 1190 707 1223 ad
725 1192 886 1226 Tertium
899 1219 907 1234 ‚
922 1193 1098 1235 Quartum
1112 1217 1122 1233 ‚

441 1241 606 1284 Sextum,
628 1243 783 1290 intellige
813 1245 967 1292 lapidem
996 1247 1122 1280 millia-

442 1308 528 1329 rem.
543 1295 684 1342 Singula
700 1311 867 1344 passuum
882 1301 925 1333 ab
940 1301 1028 1334 urbe
1042 1301 1122 1334 mil-

440 1349 487 1381 lia
506 1351 718 1385 notabantur
737 1351 909 1398 lapidibus
927 1354 962 1386 in
983 1354 1037 1387 via
1059 1367 1123 1399 pu·

440 1402 531 1435 blica
551 1404 684 1448 positis.

501 1468 556 1500 19.
578 1458 635 1490 Alz
653 1467 832 1491 (mutantes.
855 1460 971 1505 Aquas
995 1459 1123 1493 calidas

442 1508 603 1542 Baiarum
620 1511 775 1557 intellige
789 1513 881 1545 inter
899 1513 1076 1546 Misenum
1090 1522 1123 1547 et

1180 715 1344 748 Puteolos
1356 740 1364 756 ,
1382 716 1418 748 in
1440 716 1630 760 Campania
1642 741 1651 757 ,
1664 716 1725 749 ubi
1743 722 1777 749 et
1792 723 1859 749 sta-

1181 780 1288 813 gnum
1307 768 1512 801 Lucrinum.
1530 769 1609 802 Lib.
1627 770 1644 802 I
1660 794 1669 812 ‚
1685 769 1793 814 epigr.
1817 781 1860 802 Lx

1182 829 1216 854 et
1234 833 1340 855 ani.

1239 887 1293 907 20.
1324 875 1422 919 Piger
1439 875 1577 907 Lucrino
1601 875 1802 907 nauiculatur
1826 875 1862 906 in

1183 926 1239 961 ed.
1259 928 1369 973 antiq.
1389 928 1524 961 Ferrar.
1546 940 1626 961 ann.
1652 932 1758 972 1471.
1780 925 1860 960 Ald.

1182 981 1283 1014 Junt.
1300 981 1414 1014 Colin.
1432 981 1571 1026 Gryph.
1586 980 1672 1014 aliis.
1690 981 1743 1014 Ita
1761 980 1863 1014 Phae-

1183 1033 1267 1068 drus
1281 1035 1316 1068 in
1334 1043 1457 1080 quarta
1475 1035 1618 1080 regione
1636 1046 1726 1080 saepe
1743 1033 1865 1080 posuit

1183 1095 1407 1133 anapaestum.
1427 1088 1645 1120 Pulmaunus
1669 1087 1753 1133 legit
1774 1088 1864 1120 navi-

1183 1142 1296 1174 clatari
1320 1141 1527 1174 Lectionem
1557 1149 1712 1174 nostram
1733 1148 1864 1173 testan-

1184 1202 1242 1227 tur
1271 1194 1397 1240 optimi
1428 1194 1574 1228 Gruteri
1600 1192 1704 1227 codd.
1738 1193 1796 1227 Sic
1824 1206 1865 1226 ex

1184 1247 1359 1284 (nauita)
1384 1250 1489 1281 navita
1521 1247 1674 1296 simplici
1709 1259 1865 1292 syncope

1181 1301 1222 1334 fit
1244 1309 1365 1340 nauta;
1387 1313 1539 1347 namque
1560 1292 1694 1333 veteres
1713 1299 1863 1333 Romani

1181 1368 1204 1386 v
1223 1363 1472 1388 consonantem
1486 1367 1558 1387 non
1573 1353 1863 1400 pronuntiabant.

1183 1429 1234 1434 -—
1270 1408 1481 1440 Nauculatm:
1516 1407 1584 1440 Pro
1621 1406 1840 1439 naviculatur
1856 1431 1865 1446 ‚

1183 1461 1336 1506 navigat.

1240 1526 1256 1546 2
1270 1526 1299 1547 1.
1324 1513 1383 1546 Vis
1401 1516 1490 1547 scere.
1521 1510 1723 1557 Respondet
1751 1511 1863 1544 Musa.

1063 1656 1243 1712 XXI.

764 1812 820 1840 IN
860 1812 1179 1841 CRUDELEM
1220 1791 1551 1842 DOMINUM.*

514 1939 850 1983 PROSCRIPTUM
883 1938 1070 1983 famulus
1102 1940 1291 1982 servavit
1321 1938 1464 1981 fronte
1495 1946 1684 1980 notatus.

585 2008 686 2052 Non
716 2009 797 2053 fuit
824 2010 917 2054 haec
949 2010 1113 2054 domini
1145 2011 1257 2065 vita,
1284 2009 1358 2053 sed
1386 2008 1558 2052 invidia.

501 2144 513 2157 '¹
533 2150 582 2182 De
600 2149 725 2182 domino
746 2159 775 2182 ec
788 2151 915 2194 famulo
932 2150 1058 2183 lemma
1077 2158 1127 2183 est

448 2201 483 2234 in
502 2201 580 2235 cod.
599 2203 798 2237 Pulmanni.

507 2267 535 2288 1.
558 2256 784 2301 Proscriptum.
808 2256 1025 2290 Dicebantur
1045 2269 1128 2301 pro-

448 2308 589 2354 scripti,
615 2323 768 2354 quorum
789 2310 859 2343 vita
880 2318 913 2343 et
941 2319 1047 2355 caput
1069 2322 1128 2342 vc-

448 2361 527 2394 nale
543 2363 813 2407 proponebatur
828 2364 864 2396 in
876 2364 992 2396 tabula
1004 2389 1012 2403 ‚
1032 2370 1128 2396 certo

450 2413 626 2460 adscripto
650 2416 780 2461 pretio,
796 2416 824 2449 si
846 2416 925 2462 quis
945 2429 1003 2449 eos
1018 2416 1128 2449 inter-

452 2467 600 2501 emisset.
623 2469 718 2502 Talis
738 2470 805 2503 fuit
820 2470 848 2502 is
866 2468 909 2503 de
929 2482 999 2515 quo
1015 2469 1129 2515 agitur

451 2520 488 2553 in
514 2521 581 2554 hoc
609 2522 856 2567 epigrammate
873 2550 880 2564 ‚
911 2524 969 2556 cui
998 2535 1127 2556 nomen

452 2574 578 2607 Antius
610 2575 739 2608 Restio.
773 2576 836 2609 Ille
869 2589 887 2609 a
919 2576 1129 2609 Triumviris

451 2627 685 2673 proscriptus,
706 2641 798 2662 anno
813 2630 855 2662 ab
870 2630 966 2662 Urbe
987 2628 1128 2663 condita

1189 2162 1208 2194 7
1219 2162 1262 2182 10
1277 2174 1286 2190 ‚
1302 2148 1390 2194 fugit
1401 2174 1409 2187 ‚
1432 2160 1504 2180 uno
1523 2159 1623 2180 servo
1637 2146 1727 2191 fugae
1741 2144 1869 2178 comite

1187 2211 1221 2236 et
1246 2203 1388 2235 conscio
1403 2228 1411 2241 ,
1433 2213 1539 2246 quem
1566 2200 1675 2246 paulo
1699 2207 1780 2231 ante
1807 2210 1870 2244 per

1187 2268 1358 2289 suminam
1398 2253 1640 2287 crudelitatem
1683 2251 1792 2285 literis
1830 2251 1868 2284 in

1188 2310 1304 2343 fronte
1314 2309 1437 2342 inustis
1448 2315 1630 2340 notaverat
1639 2332 1648 2347 ‚
1659 2318 1762 2351 quam
1773 2304 1873 2350 igno-

1188 2363 1306 2396 miniae
1316 2370 1437 2395 notam
1448 2369 1481 2394 et
1492 2372 1631 2406 poenam
1640 2358 1871 2404 imponebant

1188 2417 1294 2461 vulgo
1314 2414 1449 2448 domini
1469 2413 1576 2447 servis
1596 2424 1747 2457 nequam
1764 2417 1799 2443 et
1815 2410 1870 2442 fu-

1188 2469 1315 2514 gitivis.
1339 2466 1675 2514 Supervenientibus
1700 2462 1870 2496 militibus

1189 2535 1298 2568 quum
1314 2521 1447 2555 dlutius
1470 2519 1637 2553 occultari
1653 2517 1778 2575 Antius
1798 2527 1871 2548 non

1188 2584 1306 2621 posset
1322 2598 1330 2614 ‚
1352 2587 1471 2608 servus
1486 2578 1609 2618 rogum
1626 2577 1795 2604 exstruxn
1811 2594 1819 2610 ‚
1838 2576 1873 2601 et

1189 2629 1366 2662 hominem
1398 2625 1583 2672 quemdam
1612 2624 1770 2669 ignotum
1795 2635 1812 2654 a
1837 2634 1872 2654 se
