2061 3288
449 230 1040 275 EPIGRAMMATUM
1079 229 1208 272 LIB.
1249 230 1281 272 I.
1480 228 1570 274 133

375 321 464 377 Qui
493 336 610 364 nunc
636 318 849 364 Niliacam
880 320 992 380 regit
1017 319 1199 379 Syenen.

375 393 473 435 Non
500 391 756 444 convivere,
783 407 862 434 nec
888 389 1036 434 videre
1062 387 1212 433 saltem
1228 425 1238 444 ,

376 463 480 506 Non
509 461 658 505 audire
689 461 789 505 licet
811 479 819 504 ε
844 478 924 504 nec
952 460 1061 504 urbe
1085 469 1178 503 tota

374 533 617 593 Quisquam
637 542 702 576 est
721 542 809 576 tam
829 548 991 593 prope,
1004 541 1093 575 tam
1113 529 1353 592 proculque
1372 530 1507 574 nobis.
1545 561 1572 575 ,η

374 603 654 663 Migrandum
682 613 746 647 est
767 603 872 647 mihi
896 603 1065 663 longius
1080 601 1174 658 ,vel
1200 600 1272 645 illi.

372 675 554 718 Vicinus
578 675 745 730 Novio,
767 673 836 718 vel
860 673 1095 734 inquilinus

370 744 457 801 Sit,
482 746 516 789 si
544 746 641 805 quis
666 746 858 790 Novium
886 744 1033 788 videre
1055 760 1145 788 non
1171 742 1276 787 vult.

158 883 258 915 illum
291 880 334 915 de
360 894 399 915 re
433 883 576 916 metrica
604 883 836 929 scriptorem,

157 935 220 980 qui
246 934 425 980 hodieque
455 944 582 977 exstat3
613 935 709 981 quod
735 944 838 981 negat

157 989 325 1022 Ramires.
345 987 388 1021 de
401 988 530 1029 Prado,
551 988 649 1034 quod
664 989 723 1022 ille
736 990 836 1022 Mau-

157 1054 217 1074 rus
227 1041 332 1075 fuerit
345 1041 660 1083 natione,libertus
673 1042 762 1076 forte
775 1043 836 1076 ali-

156 1096 258 1138 cujus
271 1095 488 1128 Terentiani.
505 1095 571 1128 Hic
585 1104 700 1128 autem
714 1107 818 1140 eques
828 1122 837 1137 ‚

157 1148 278 1180 saltem
308 1160 474 1181 romanus
499 1174 507 1190 ,
539 1161 578 1181 ex
610 1148 740 1181 familia
768 1149 836 1181 Te-

157 1201 268 1234 rentia
298 1200 335 1233 in
371 1201 472 1235 aliam
508 1213 572 1246 per
609 1200 843 1247 adoptionem*

161 1254 372 1295 translatus,
402 1252 496 1300 quod
519 1264 662 1299 apparet
694 1266 734 1287 ex
762 1256 835 1299 ejus

157 1319 311 1340 nominis
344 1315 592 1340 terminatione
620 1320 627 1340 :
662 1320 710 1340 Sic
742 1320 835 1340 enim

156 1371 278 1392 eorum
315 1360 377 1405 qui
410 1359 668 1405 adoptabantur
707 1373 835 1393 nomen

156 1411 457 1458 detorquebatur:
477 1413 622 1447 Publius
653 1413 837 1447 Cornelius

896 882 1039 928 Scipio,
1061 882 1122 928 qui
1152 894 1193 915 ex
1218 881 1345 916 familia
1366 881 1508 914 AEmilia
1536 882 1572 915 in

896 936 1098 969 Corneliam
1129 934 1316 981 adoptatus
1347 943 1419 976 est,
1443 947 1571 968 nomen

896 989 1126 1021 2Emilianum
1145 988 1306 1034 sumpsit.

956 1055 1014 1076 11.
1041 1042 1248 1086 Migrandum
1276 1049 1332 1075 est.
1362 1041 1573 1075 Praesentem

897 1095 990 1128 enim
1011 1107 1192 1140 nunquam
1211 1093 1314 1127 video
1329 1106 1338 1135 ;
1358 1095 1447 1128 forte
1464 1103 1498 1128 et
1514 1095 1573 1127 ab·

897 1157 1008 1181 sentes
1031 1157 1157 1181 mutuo
1177 1148 1232 1181 vel
1253 1160 1499 1189 occurremus,
1517 1148 1574 1181 vel

897 1214 961 1234 nos
976 1201 1186 1235 videbimus.

954 1267 966 1286 1
976 1267 1006 1287 2.
1017 1254 1202 1299 Inquilimcs.
1212 1253 1283 1295 Qui
1292 1266 1417 1300 nempe
1425 1254 1460 1286 in
1468 1253 1574 1286 Novii

897 1306 1029 1341 aedibus
1046 1306 1231 1340 conductis
1249 1307 1393 1340 habitet.
1413 1307 1545 1340 Gallice
1560 1330 1570 1345 ,

898 1361 1061 1392 locataire.
1077 1361 1156 1401 Quo
1167 1360 1244 1405 quis
1256 1360 1349 1392 enim
1363 1360 1479 1393 Novio
1493 1372 1573 1405 pro-

897 1413 976 1458 pior
988 1439 997 1455 ‚
1014 1426 1054 1446 eo
1073 1414 1252 1446 remotior.
1268 1414 1334 1446 En.

640 1557 1075 1613 LXXXVIII.

448 1703 514 1730 AD
553 1702 904 1731 FESCENNIAM
943 1703 1234 1731 POTRICEM.
1255 1684 1274 1699 *K

225 1833 297 1876 NE
324 1832 468 1892 gravis
492 1831 696 1875 hesterno
721 1832 910 1893 fragres,
936 1834 1171 1877 Fescennia
1186 1869 1196 1889 ,
1220 1834 1322 1876 vino
1338 1869 1349 1889 ,

297 1901 493 1946 Pastillos
518 1904 668 1946 Cosmi
694 1901 914 1946 luxuriosa
939 1919 1079 1947 voras.

211 2036 225 2050 '
246 2040 469 2080 Fescenniam
500 2040 623 2075 irridet
648 2041 744 2087 quod
772 2042 834 2074 he-

158 2102 315 2127 sternum
339 2094 414 2126 vini
442 2095 602 2127 foetorem
625 2095 755 2128 voratis
775 2107 835 2140 pa—

157 2147 255 2179 stillis
268 2146 487 2179 dissimulare
500 2147 748 2188 contenderet3
766 2160 835 2193 quo

158 2198 314 2232 remedio
335 2200 474 2244 gravior
494 2199 583 2233 odor
605 2200 833 2246 prodebatur.

159 2252 244 2285 Vid.
268 2252 329 2284 lib.
349 2253 403 2292 V,
423 2252 533 2298 epigr.
553 2265 601 2285 lv.

210 2326 262 2331 -—
284 2305 344 2337 Ad
363 2306 545 2338 Fescenlam
572 2306 698 2339 lemma
723 2315 772 2340 est
800 2307 836 2340 in

158 2357 238 2391 edd.
262 2365 346 2391 vett.

218 2424 247 2443 1.
266 2411 316 2445 Ne
329 2414 448 2455 gravis.
468 2412 509 2444 In
528 2411 650 2457 primis
667 2413 753 2456 juris
777 2424 834 2444 ro-

158 2464 253 2496 mani
290 2465 530 2509 temporibus,
559 2473 709 2510 quatuor
740 2473 837 2498 erant

159 2516 276 2549 uxoris
288 2516 441 2550 divortio
457 2516 684 2562 repudiandae
701 2529 811 2551 causae
830 2530 838 2551 :

158 2570 308 2610 furtum,
323 2569 547 2611 adulterium,
561 2570 838 2612 infanticidium,

161 2630 194 2655 et
224 2623 298 2655 vini
323 2636 424 2665 usus,
445 2624 507 2669 qui
536 2634 604 2656 tam
632 2635 748 2656 severe
781 2637 839 2657 ro-

163 2675 273 2709 manis
300 2676 437 2710 feminis
460 2685 532 2711 erat
552 2676 758 2711 interdictus
774 2702 782 2716 ,
802 2685 839 2710 ut

894 2042 1018 2074 vinum
1035 2042 1160 2075 bibisse
1178 2041 1246 2075 illis
1266 2054 1331 2087 pro
1352 2041 1491 2087 capitali
1504 2042 1571 2075 cri-

896 2095 990 2127 mine
1020 2104 1119 2127 esset.
1140 2095 1232 2127 Hinc
1263 2095 1379 2128 oscula
1406 2103 1570 2139 cognato-

896 2161 973 2180 rum
994 2149 1125 2193 quibus
1144 2160 1264 2180 earum
1283 2148 1491 2182 abstinentia
1510 2160 1571 2181 ex·

897 2202 1114 2247 plorabatur.
1136 2201 1202 2234 En.

952 2267 984 2287 2.
1023 2254 1176 2286 Pastillos
1216 2254 1332 2287 Cosmi.
1362 2253 1520 2286 Pastillos
1554 2267 1573 2287 a

897 2308 1026 2340 Cosmo
1040 2307 1223 2352 myropola
1237 2307 1424 2339 confectos.
1438 2307 1571 2340 Pastilli

897 2368 981 2392 sunt
997 2360 1154 2392 massulae
1164 2358 1324 2392 rotundae
1340 2360 1535 2405 planaeque,
1553 2373 1572 2392 a

891 2425 975 2457 pane
995 2412 1207 2445 diminutive
1225 2411 1326 2445 dictae
1338 2438 1348 2454 ,
1363 2412 1457 2458 quod
1472 2413 1571 2458 parvi

896 2466 994 2510 panis
1026 2465 1174 2497 formam
1210 2466 1382 2505 referant;
1415 2478 1500 2511 quas
1529 2478 1571 2498 ex

896 2519 1100 2562 pulvisculis
1115 2517 1268 2551 odoratis
1288 2518 1453 2552 conflatas
1471 2532 1571 2551 vora-

899 2572 957 2604 bat
974 2571 1162 2604 Fescennia
1177 2595 1186 2612 ‚
1202 2579 1241 2604 ut
1253 2572 1380 2605 halitus
1395 2572 1573 2605 suaveole-

900 2632 964 2657 ret.
983 2625 1036 2657 De
1058 2625 1186 2657 cosmo
1207 2623 1278 2657 vid.
1300 2624 1362 2657 lib.
1388 2626 1440 2665 II,
1463 2625 1571 2670 epigr.

902 2691 962 2717 LV,
977 2690 1006 2710 ν.
1027 2686 1100 2719 1‚et
1118 2677 1208 2723 epig.
1224 2690 1345 2712 Lxxxu
1359 2705 1367 2719 ‚
1384 2691 1415 2711 v.
1436 2681 1494 2711 26.
1506 2677 1571 2709 En.

1308 2750 1365 2808 θ’
