2061 3288
465 234 1044 280 EPIGRAMMATUM
1084 235 1214 278 LIB.
1258 236 1342 278 lv.

1514 233 1611 296 373

405 324 652 370 Crudarum
686 322 854 368 nebulae
885 322 1003 384 quod
1032 321 1315 373 Albularum,

405 396 584 440 Piscinae
609 404 735 439 vetus
759 410 864 438 aura
888 394 1005 455 quod
1027 394 1226 447 marinae,

405 466 538 524 Quod
567 482 715 527 pressa
745 467 868 527 piger
897 465 1043 509 hircus
1076 467 1120 508 in
1150 464 1339 527 capella,

405 539 525 582 Lassi
554 537 782 581 bardiacus
812 536 929 598 quod
959 537 1151 591 evocati,

193 695 278 716 num
289 709 298 724 ‚
311 694 441 728 vapore
456 682 550 716 foetet
565 681 790 727 graveolenti.
804 681 871 714 En.

248 749 280 769 2.
300 735 479 769 Crudarum
497 736 618 768 nebulae
634 734 721 780 quod
734 734 873 767 Albula-

191 802 270 822 rum.
284 788 341 822 Ad
352 789 533 835 planitiem
545 788 670 821 Tiburi
681 788 871 832 subjectam

191 843 390 876 scaturiunt
425 855 521 888 aquae
557 842 712 875 salubres
728 866 736 880 ,
764 839 872 873 hodie

192 896 290 939 lmgm'
313 897 348 929 ιΙί
377 897 504 936 ΤίιόΙί,
532 908 608 941 quae
634 894 670 927 in
699 894 871 928 Anienem

190 947 339 982 fluvium
373 948 630 989 devolvuntur,
652 956 685 982 et
708 961 724 981 a
754 948 872 981 colore

190 1001 301 1035 lacteo
314 1015 418 1048 quem
429 1015 447 1036 a
463 1001 561 1036 venis
577 1001 709 1036 habent
724 1001 871 1047 sulphu-

189 1055 256 1088 reis
267 1081 276 1095 ‚
288 1056 423 1090 Albulae
443 1054 710 1089 dicuntur.Vid.
726 1055 870 1088 Vitruv.

189 1107 250 1141 lib.
263 1109 353 1141 VIII
365 1135 374 1150 ‚
389 1122 462 1154 cap.
481 1122 497 1142 2
517 1123 525 1151 ;
543 1117 577 1142 et
590 1109 775 1147 Nostrum,
793 1121 869 1153 sup.

189 1161 251 1195 lib.
270 1161 287 1193 I
301 1188 309 1204 ,
333 1163 443 1208 epigr.
462 1174 536 1195 x111
552 1188 560 1203 ‚
575 1174 628 1196 vs.
650 1175 667 1194 2
687 1174 694 1195 :
722 1179 734 1191 «
759 1161 870 1195 Cana-

189 1227 256 1259 que
266 1215 464 1261 sulphureis
475 1216 600 1248 Albula
612 1216 722 1248 fumat
732 1216 865 1260 aquis.»

188 1268 336 1301 Nebulae
356 1277 471 1302 autem
483 1295 491 1310 ,
506 1281 565 1302 seu
581 1280 726 1314 vapores
742 1280 782 1301 ex
802 1267 871 1301 illis

188 1321 287 1366 aquis
308 1322 442 1362 emissi,
463 1323 509 1355 ob
526 1322 676 1367 sulphur
692 1321 781 1353 male
798 1321 870 1355 ole—

187 1373 282 1407 bant.
301 1375 370 1408 Has
390 1383 505 1408 autem
523 1375 668 1408 nebulas
687 1382 788 1408 vocat
804 1387 872 1408 cru-

186 1427 264 1467 das,
297 1429 352 1461 vel
381 1441 422 1461 eo
450 1427 547 1473 quod
576 1440 673 1473 aquae
697 1427 869 1472 ejusmodi

186 1481 341 1515 referant
372 1482 578 1527 gravitatem
608 1494 646 1515 ac
669 1480 778 1514 veluti
803 1480 868 1514 du-

186 1533 304 1567 ritiem
315 1535 535 1568 metallorum
549 1543 583 1568 et
597 1534 767 1568 fossilium
781 1534 868 1575 aeris,

187 1586 289 1629 ferri,
299 1588 494 1634 sulphuris,
506 1601 523 1621 a
540 1588 672 1633 quibus
688 1587 760 1620 vim
771 1600 869 1621 suam

187 1640 318 1675 habent
332 1665 342 1681 ‚
366 1649 399 1674 et
421 1653 486 1686 per
505 1653 585 1687 quae
603 1641 712 1675 veluti
728 1653 793 1686 per
809 1653 869 1674 co-

188 1693 262 1726 lum
279 1694 589 1735 transmittuntur;
606 1695 681 1736 vel,
700 1703 740 1727 ut
755 1694 870 1739 placet

186 1747 382 1781 Ramiresio
393 1773 403 1789 ‚
418 1755 604 1793 propterea
617 1747 714 1793 quod
728 1747 794 1781 itlae
810 1759 869 1780 ne-

186 1800 278 1833 bulae
302 1813 402 1834 mane
430 1801 626 1834 excitantur
643 1827 652 1842 ,
681 1809 867 1846 antequam

186 1853 269 1886 solis
278 1853 868 1899 radiisvelutidecoquanturaquae‚

188 1914 223 1939 et
252 1907 427 1941 matutino
453 1915 612 1953 tempore
646 1916 728 1940 sunt
758 1907 866 1940 veluti

186 1959 304 1994 erudae
317 1986 326 2002 ,
344 1959 381 1993 id
397 1969 448 1995 est
464 1987 472 2003 ‚
492 1973 564 1994 non
587 1969 693 1994 coctae
709 1960 792 1994 solis
813 1973 868 1993 ar-

187 2011 296 2055 dore;
315 2026 398 2047 nam
423 2015 518 2048 calor
542 2013 701 2047 meridiei
724 2013 868 2047 discutit

186 2066 332 2100 nebulas
358 2067 434 2100 illas
466 2076 568 2113 atque
596 2067 701 2101 etiam
723 2067 865 2100 illarum

186 2120 468 2164 graveolentiam.
483 2142 535 2148 —-
549 2121 716 2162 Quamvis
730 2120 783 2154 hae
798 2121 867 2154 sint

187 2173 376 2217 ingeniosae
390 2174 655 2219 explicatione53
671 2174 789 2207 malim
807 2187 865 2207 ex-

185 2225 340 2260 istimare
349 2226 473 2261 crudas
481 2227 596 2260 vocari
606 2239 712 2272 aquas
720 2235 864 2273 propter

186 2277 315 2312 durum
349 2288 383 2313 et
412 2280 587 2325 ingratum
614 2280 711 2325 quasi
733 2281 863 2313 metalli

186 2344 347 2378 saporem
360 2346 369 2375 ;
388 2334 441 2366 vel
456 2346 518 2378 per
532 2333 742 2378 hypallagen
754 2358 763 2372 ‚
779 2334 863 2378 quia

186 2383 376 2419 cruditates
392 2399 515 2420 earum
530 2386 751 2432 potatoribus
768 2387 864 2431 inge-

186 2446 293 2481 runt3
320 2439 376 2471 vel
407 2439 510 2473 etiam
549 2448 735 2485 propterea
767 2438 864 2484 quod

186 2491 282 2525 olera
303 2500 336 2525 et
355 2492 420 2527 alia
443 2492 606 2526 alimenta
628 2501 807 2537 nequeunt
827 2492 863 2525 in

187 2544 242 2578 his
264 2546 451 2591 concoqui.
467 2546 532 2578 En.

242 2598 277 2631 3.
306 2599 442 2632 Piscium
479 2608 563 2631 vetus
595 2613 684 2632 amu.
716 2598 757 2631 Id
788 2607 837 2631 est
855 2626 862 2639 ‚

188 2651 283 2695 quod
305 2661 403 2685 tetus
431 2652 559 2697 piscina
584 2651 715 2686 redolet
742 2653 773 2685 in
798 2665 863 2697 qua

932 688 1012 713 sunt
1025 692 1122 726 aquae
1132 681 1287 714 marinae.
1301 702 1352 706 —
1370 681 1509 714 Pisa-ime
1525 690 1614 715 vetus

931 747 1011 766 aura
1042 733 1129 780 quod
1153 737 1294 767 marinoe.
1323 734 1390 767 Hic
1413 743 1504 767 ‘vetus
1534 749 1614 779 aura

931 799 995 832 per
1025 787 1233 833 hypallagen
1262 788 1412 821 sumitur
1437 801 1504 834 pro
1535 802 1614 822 αιινιι

935 842 1047 873 veteris
1065 840 1207 885 piscinae
1224 841 1378 874 marinae.
1396 863 1447 867 -—
1463 842 1613 877 Piscinae.

931 893 1067 927 Gallice
1092 896 1204 928 wlvier.
1233 894 1296 927 His
1325 893 1514 940 aliquando
1546 909 1614 941 pro

931 947 1064 980 balneis
1085 948 1234 981 Romani
1258 949 1459 982 utebantur.
1479 949 1545 982 En.
1562 972 1615 976 —

933 1000 1040 1034 Aura.
1068 1002 1189 1047 Vapor
1217 1001 1278 1047 qui
1303 1001 1477 1035 emittitur
1496 1014 1537 1035 ex
1560 1003 1614 1048 pi-

930 1054 1037 1088 scina.
1061 1055 1130 1088 En.
1158 1077 1210 1080 —
1233 1054 1384 1088 Marinae.
1410 1055 1545 1089 Piscina
1576 1056 1612 1089 in

931 1120 1000 1153 qua
1027 1117 1139 1142 essent
1165 1107 1269 1142 unclae
1294 1109 1446 1142 fontanae
1469 1109 1525 1141 vel
1544 1109 1613 1142 flu-

931 1161 1035 1195 viales
1051 1185 1061 1201 ‚
1085 1160 1145 1195 sed
1164 1171 1361 1207 corruptae‚
1376 1162 1465 1195 male
1485 1162 1613 1203 oleret;

930 1216 1030 1260 pejus
1052 1223 1168 1248 autem
1196 1215 1351 1260 piscina,
1378 1216 1414 1248 in
1442 1228 1508 1261 qua
1535 1228 1613 1249 cor·

930 1277 1043 1313 ruptae
1076 1276 1278 1314 stagnarent
1314 1281 1411 1313 aquae
1446 1270 1588 1303 marinae
1603 1295 1612 1310 ‚

932 1333 1008 1366 quae
1028 1323 1210 1355 crassiores
1235 1323 1377 1355 caeteris.
1401 1322 1469 1354 ΕΙ).

986 1379 1018 1414 4.
1042 1375 1141 1419 Quod
1153 1388 1264 1419 pressa
1283 1401 1292 1414 ,
1323 1383 1388 1408 etc.
1422 1375 1478 1408 Sic
1505 1388 1612 1421 supra

929 1426 990 1460 lib.
1019 1428 1074 1460 III
1090 1452 1099 1468 ‚
1124 1428 1233 1474 epigr.
1256 1439 1368 1469 xc111,
1393 1441 1442 1461 vs.
1469 1441 1481 1461 1
1496 1442 1507 1462 1
1528 1454 1538 1467 ,
1566 1427 1611 1461 de

930 1480 1116 1514 Vetustilla
1145 1493 1152 1515 ε
1183 1481 1259 1514 «Et
1283 1479 1372 1514 illud
1401 1482 1491 1514 oleas
1516 1481 1613 1527 quod

927 1532 996 1567 viri
1017 1534 1244 1580 capellarum.
1266 1551 1279 1564 u
1307 1554 1359 1561 —
1381 1535 1491 1579 Piger.
1510 1535 1610 1568 Hirci

929 1598 1001 1620 non
1019 1595 1069 1621 est
1083 1588 1366 1633 epithetonpigw·
1380 1597 1592 1634 perpetuum
1603 1614 1611 1629 ,

928 1652 1036 1685 quum
1057 1641 1148 1674 hirci
1170 1640 1379 1675 velocissimi
1402 1650 1436 1674 et
1460 1642 1611 1687 inquieti

928 1693 997 1726 sint
1013 1706 1022 1736 3
1041 1693 1103 1727 sed
1124 1694 1221 1740 piger
1236 1702 1287 1727 est
1303 1693 1445 1739 quando
1460 1695 1496 1728 in
1515 1695 1611 1729 coitu

928 1745 1061 1781 diutius
1083 1748 1305 1781 immoratur.

984 1799 1001 1833 5
1010 1827 1017 1834 .
1030 1801 1209 1834 Bardaicus
1224 1800 1293 1833 alii.
1306 1801 1399 1833 Lassi
1409 1801 1553 1833 bar-diacc'
1561 1814 1606 1841 os,

928 1854 1013 1898 quod
1031 1856 1150 1887 evocati
1177 1853 1313 1887 Ferrar.
1342 1853 1421 1886 Ald.
1447 1863 1481 1888 et
1508 1855 1609 1887 Junt.

927 1907 1022 1938 Lassi
1041 1907 1238 1946 bardincios,
1256 1906 1341 1952 quod
1354 1909 1475 1939 evocati
1492 1907 1608 1941 Coliu.

928 1972 1009 1992 aun.
1039 1959 1149 1994 1528.
1176 1961 1270 1992 Lassi
1285 1960 1427 1992 harduici
1447 1973 1480 1994 os
1494 1986 1504 2000 ‚
1527 1961 1615 2005 quod

927 2013 1042 2046 exoleti
1067 2012 1276 2046 Beverlandi
1305 2012 1382 2046 MS.
1403 2025 1483 2058 quae
1504 2013 1610 2046 lectio

927 2065 1077 2100 debetur
1109 2067 1291 2099 Turnebo.
1331 2067 1412 2098 Lazi
1441 2066 1609 2099 bat-diacus

926 2120 1013 2166 quod
1039 2122 1158 2153 evocati
1184 2121 1302 2165 legunt
1330 2119 1400 2152 alii.
1432 2140 1485 2148 —-
1517 2120 1609 2152 Lassi

926 2173 1093 2206 bat-diacus
1134 2173 1219 2219 quod
1256 2175 1385 2206 evocati.
1419 2171 1608 2206 Bardiacus

923 2235 995 2260 erat
1003 2225 1186 2260 sordidum
1200 2226 1304 2259 vestis
1315 2237 1437 2270 genus,
1453 2238 1522 2271 qua
1535 2234 1610 2259 ute-

923 2280 1052 2313 bantur
1086 2288 1208 2313 contra
1239 2279 1312 2312 caeli
1344 2279 1605 2312 inclementiam

924 2333 1076 2374 milites3
1103 2333 1175 2366 sive
1208 2345 1227 2365 a
1264 2331 1387 2364 Bardis
1423 2332 1606 2366 Gallorum

924 2386 1124 2419 cantoribus
1136 2410 1144 2421 ‚
1164 2386 1235 2419 sive
1253 2398 1270 2418 a
1289 2383 1458 2428 Bardaeis,
1475 2385 1607 2430 Illyriae

923 2439 1064 2485 populis
1076 2465 1084 2480 ‚
1101 2451 1251 2483 quorum
1269 2450 1375 2483 opera
1391 2437 1434 2471 ad
1451 2438 1606 2472 crudelia

923 2492 1115 2526 ministeria
1148 2504 1231 2532 sua,
1270 2491 1458 2524 Plutarcho
1489 2500 1574 2525 teste
1592 2514 1601 2526 η

925 2557 1007 2578 usus
1027 2553 1078 2578 est
1098 2545 1229 2578 Marius
1244 2571 1252 2585 ‚
1275 2543 1422 2578 (lictum.
1446 2545 1529 2578 Haec
1550 2558 1606 2578 ve-

924 2599 1002 2640 stis⁷
1020 2599 1047 2631 si
1064 2599 1204 2631 cucullo
1222 2598 1353 2632 munita
1372 2599 1481 2639 foret,
1501 2611 1604 2631 voca-

926 2652 1028 2685 batur
1048 2651 1322 2685 Bamlocucullus
1340 2665 1347 2684 :
1367 2650 1517 2684 diximus
1543 2664 1601 2684 :iur

1270 2726 1358 2778 2Q'
