2061 3288
430 218 526 272 408
810 216 870 259 M.
896 217 1037 260 VAL.
1078 217 1462 261 MARTIALIS

496 307 562 350 Tu
586 320 759 366 quoque
791 304 845 348 de
869 305 1027 348 nostris
1053 304 1215 366 releges
1241 320 1558 365 quemcumque
1583 303 1734 348 libellis
1750 340 1762 360 ‚

568 377 674 420 Esse
703 384 808 437 puta
831 373 969 419 solum
992 392 1000 417 :
1026 375 1084 419 sic
1110 375 1187 419 tibi
1207 373 1345 437 pluris
1369 376 1460 419 erit.

429 520 557 554 nullius
585 519 689 566 pretii
704 528 827 554 vocat:
852 532 955 565 quam
985 528 1104 554 notam

430 572 597 607 credibile
620 585 693 606 non
721 581 772 606 est
797 573 945 607 voluisse
964 573 1104 607 inurere

430 626 815 672 epigrammatographo
831 634 942 671 poetae
956 627 1052 672 cujus
1069 639 1104 660 se

429 680 578 713 similem
593 692 666 713 esse
678 688 866 725 optaverat.
883 680 1036 713 Ramires.
1054 701 1106 707 —

432 733 502 765 Alii
532 741 646 766 tamen
674 741 800 778 putant
829 733 887 766 hic
917 731 960 765 de
988 733 1104 767 Marso

431 786 818 831 epigrammatographo
839 786 898 831 qui
922 799 994 819 non
1013 787 1105 831 opti-

432 851 527 872 mum
552 839 669 873 forsan
691 839 875 884 scripserat
897 852 1019 884 poema
1045 839 1106 872 he-

1163 520 1316 562 roicum,
1331 533 1349 553 a
1366 532 1428 553 suo
1447 519 1587 565 ingenio
1607 521 1738 555 scilicet
1757 522 1838 555 alie-

1164 586 1262 607 num.
1284 572 1424 607 Judicet
1442 573 1560 607 lector.
1585 573 1652 606 En.

1219 640 1252 671 9.
1276 625 1368 660 Edd.
1392 635 1478 659 vett.
1504 639 1693 672 quaecunque
1713 626 1837 659 libellis,

1165 680 1285 713 Lectio
1311 687 1428 713 nostra
1454 677 1583 712 Raderi
1611 678 1753 724 ingenio
1778 678 1840 712 de-

1165 733 1278 766 betur.

1223 798 1277 819 10.
1319 786 1435 818 Pluris.
1482 784 1608 830 Majori
1648 784 1685 816 in
1729 783 1842 829 pretio

1167 848 1312 884 propter
1331 838 1449 872 fictam
1467 838 1654 871 raritatem.
1673 840 1735 869 Eo.

1037 987 1242 1046 XXX.

905 1147 967 1173 Al)
1018 1124 1387 1174 PISCATOREMf

648 1282 830 1322 Bimio
858 1277 1008 1339 procul
1033 1294 1056 1320 a
1080 1277 1176 1322 lacu
1199 1293 1450 1331 monemus,

649 1350 863 1401 Piscator,
891 1349 1016 1409 fuge,
1038 1365 1091 1392 ne
1117 1364 1277 1392 nocens
1302 1346 1493 1391 recedas.

649 1421 789 1464 Sacris
814 1419 1002 1480 piscibus
1025 1419 1091 1462 hae
1115 1428 1319 1462 natantur
1341 1417 1490 1472 undae,

650 1491 737 1546 Qui
761 1500 925 1533 norunt
946 1490 1207 1543 Dominum⁷
1232 1504 1496 1548 manumque
1521 1485 1718 1530 lambunt

649 1559 800 1615 Illam,
824 1577 909 1620 qua
936 1558 1041 1603 nihil
1067 1569 1130 1603 est
1153 1560 1196 1602 in
1224 1558 1328 1602 orbe
1354 1559 1504 1618 majus.

494 1703 506 1714 '¹
524 1704 847 1738 CelebratBaianos
867 1704 976 1749 pisces
999 1705 1116 1736 Domi-

441 1758 535 1791 tiano
553 1770 667 1791 sacros
681 1783 690 1799 ,
714 1766 748 1791 et
766 1765 885 1790 monet
906 1757 1116 1801 piscatorem

441 1820 480 1843 ut
500 1811 623 1855 procul
644 1811 686 1844 ab
706 1823 747 1844 eo
763 1810 840 1843 lacu
860 1808 1023 1851 recedat3
1046 1818 1116 1843 ter-

440 1872 563 1909 retque
582 1877 663 1897 eum
684 1863 764 1897 ficta
782 1863 1042 1896 narratiuncula
1061 1875 1119 1896 cu-

442 1916 575 1960 jusdam
595 1916 690 1958 Afri,
712 1916 773 1962 qui
794 1915 880 1949 dum
897 1916 1000 1949 hamo
1020 1916 1056 1949 in
1077 1929 1117 1949 eo

442 1970 518 2003 lacu
537 1983 639 2003 ausus
658 1977 709 2003 est
728 1969 878 2014 piscari,
899 1977 1042 2015 repente
1063 1981 1118 2003 ca-

442 2031 522 2067 ptus
543 2023 653 2057 oculis
673 2023 752 2056 fuit.
765 2023 919 2056 Ramires.

501 2089 531 2109 1.
551 2077 688 2110 Baiano.
704 2074 789 2108 Vid.
801 2076 863 2109 lib.
879 2076 896 2108 I
907 2101 917 2116 ‚
932 2075 1042 2121 epigr.
1055 2088 1119 2115 Lx,

444 2142 491 2162 vs.
519 2143 531 2162 1
553 2154 561 2166 ,
582 2138 617 2163 et
638 2129 758 2162 multis
777 2128 852 2162 aliis
867 2129 962 2162 locis.

501 2196 534 2215 α.
563 2182 697 2215 Nocens.
728 2182 884 2227 Impius,
913 2181 1117 2226 sacrilegus,

444 2235 580 2268 violatis
593 2235 748 2280 piscibus
763 2235 965 2268 Domitiano
979 2232 1046 2267 deo
1065 2232 1122 2267 de-

445 2286 581 2328 dicatis,
594 2300 683 2333 quos
696 2300 810 2334 neque
822 2287 986 2333 piscatori
1002 2287 1050 2320 sas
1059 2286 1121 2319 ha-

446 2349 541 2373 mato
560 2341 694 2374 ambire
716 2353 882 2381 munere,
902 2352 1014 2386 neque
1038 2352 1122 2373 coco

450 2393 553 2438 injus
573 2406 710 2427 vocare.
735 2393 803 2427 Sed
823 2393 908 2427 alibi
929 2393 1010 2426 item
1033 2392 1121 2426 sacri

447 2446 666 2480 habebantur
676 2446 817 2492 quidam
829 2446 942 2491 pisces
952 2458 959 2479 ε
969 2445 1121 2491 Oppian.

450 2507 483 2531 et
504 2499 585 2531 Ath.
607 2499 667 2532 lib.
693 2501 786 2541 VII;
812 2499 937 2532 lElian.
961 2499 1020 2532 lib.
1040 2499 1122 2538 XII,

452 2552 599 2584 Animal.
620 2564 649 2584 c.
672 2566 687 2585 2
702 2551 879 2592 ;Va1·r.de
898 2554 948 2585 Re
968 2552 1119 2585 Rustica.

504 2610 535 2644 [ι.
556 2606 733 2637 Βοιηίηιιηι.
751 2607 842 2639 Suet.
862 2606 894 2638 in
912 2605 1124 2641 Domitiano.

452 2670 524 2702 5211).
554 2663 590 2691 l]
618 2671 622 2689 .“
650 2679 660 2685 x>
686 2658 759 2690 Pari
791 2660 982 2703 artwgdllilit
1014 2670 1123 2702 quum

1175 1712 1444 1749 procuratorum
1460 1715 1608 1735 suorum
1623 1702 1765 1735 nomine
1781 1702 1850 1735 for-

1176 1756 1301 1788 malem
1310 1754 1458 1789 dictaret
1470 1755 1649 1801 epistolam
1659 1780 1668 1795 ,
1678 1755 1724 1787 sic
1734 1755 1849 1801 coepit:

1175 1810 1347 1842 Dominus
1364 1816 1397 1841 et
1414 1808 1499 1842 deus
1514 1817 1632 1841 noster
1644 1808 1693 1841 sic
1709 1807 1785 1840 fieri
1801 1809 1852 1852 ju-

1175 1863 1247 1895 bet.
1274 1880 1286 1892 ιι
1311 1863 1377 1896 ED.
1403 1883 1453 1888 —
1480 1862 1671 1907 ‚Manumque
1700 1861 1850 1894 lambant.

1176 1915 1322 1948 Manum
1338 1914 1529 1948 Domitiani
1548 1913 1708 1959 intelligit
1721 1939 1731 1954 ‚
1749 1922 1787 1947 ut
1799 1926 1854 1946 su-

1176 1981 1258 2014 pra,
1274 1968 1477 2014 epigramm.
1498 1980 1510 2000 1
1528 1979 1535 2000 :
1555 1968 1715 2012 «Perque
1730 1979 1852 1999 manus

1178 2030 1296 2067 tantas
1316 2021 1468 2067 plurima
1507 2032 1653 2065 quereus
1683 2028 1737 2053 eat
1757 2036 1770 2048 u
1787 2032 1797 2060 ;
1820 2028 1853 2053 et

1178 2074 1288 2120 epigr.
1308 2086 1397 2107 VIII:
1416 2091 1429 2103 ‹-
1448 2073 1656 2119 Ingentique
1677 2081 1771 2106 tenet
1789 2084 1852 2117 po-

1178 2128 1255 2161 cula
1288 2139 1392 2172 parca
1421 2139 1527 2160 manu
1547 2144 1576 2160 u.
1605 2147 1655 2152 ——
1685 2125 1853 2158 Lambunt.

1179 2181 1311 2213 Utrum
1341 2192 1463 2213 verum
1492 2180 1560 2213 hoc
1593 2179 1656 2219 sit,
1690 2179 1734 2211 sit
1766 2177 1853 2211 fides

1179 2246 1286 2278 penes
1306 2241 1444 2279 poetam
1460 2245 1519 2266 :ea
1533 2241 1646 2267 tamen
1664 2230 1758 2276 apud
1771 2231 1855 2264 alios

1180 2295 1338 2320 auctores
1355 2286 1501 2331 legimus
1518 2285 1562 2320 de
1578 2286 1644 2318 hoc
1662 2296 1802 2329 genere,
1815 2291 1856 2317 ut

1180 2339 1361 2385 probabile
1381 2338 1495 2371 videri
1519 2338 1637 2384 possit.
1661 2336 1744 2370 Vid.
1766 2336 1853 2369 Plin.

1181 2402 1213 2426 et
1238 2392 1365 2425 AElian.
1386 2392 1446 2424 lib.
1472 2392 1582 2432 VIII,
1602 2390 1750 2424 Animal.
1779 2401 1854 2434 cap.

1185 2451 1204 2485 4
1221 2459 1230 2487 ;
1253 2455 1286 2478 et
1306 2445 1473 2478 Nostrum
1491 2444 1554 2478 lib,
1572 2445 1605 2476 X
1618 2470 1626 2483 ‚
1648 2443 1758 2488 epigr.
1779 2455 1855 2480 xxx,

1184 2511 1230 2531 vs.
1248 2512 1290 2532 22
1307 2506 1340 2531 et
1357 2510 1429 2543 sqq.
1445 2496 1536 2530 Vide
1548 2496 1694 2530 Joannis
1711 2494 1854 2528 Meursii

1183 2551 1458 2585 dissertationem
1485 2550 1528 2583 de
1552 2551 1658 2582 Luxu
1682 2550 1855 2581 Romano-

1183 2618 1260 2638 rum
1278 2631 1285 2645 ‚
1318 2617 1419 2650 quain
1451 2604 1484 2636 iii
1515 2603 1616 2635 tertio
1644 2601 1753 2634 nostri
1777 2601 1852 2632 Vni.

1187 2658 1326 2691 Maximi
1346 2658 1461 2689 volum
1494 2655 1708 2689 inseruimus
1744 2654 1809 2686 Ei».
