<?xml version="1.0" encoding="UTF-8"?>
<!DOCTYPE html PUBLIC "-//W3C//DTD XHTML 1.0 Transitional//EN"
    "http://www.w3.org/TR/xhtml1/DTD/xhtml1-transitional.dtd">
<html xmlns="http://www.w3.org/1999/xhtml" xml:lang="en" lang="en">
 <head>
  <title>
</title>
<meta http-equiv="Content-Type" content="text/html;charset=utf-8" />
  <meta name='ocr-system' content='tesseract 3.04.00' />
  <meta name='ocr-capabilities' content='ocr_page ocr_carea ocr_par ocr_line ocrx_word'/>
</head>
<body>
  <div class='ocr_page' id='page_1' title='image "./epigrammata01martuoft_0704.png"; bbox 0 0 2061 3288; ppageno 0'>
   <div class='ocr_carea' id='block_1_1' title="bbox 440 160 463 187">
    <p class='ocr_par' dir='ltr' id='par_1_1' title="bbox 440 160 463 187">
     <span class='ocr_line' id='line_1_1' title="bbox 440 160 463 187; baseline 0 -17"><span class='ocrx_word' id='word_1_1' title='bbox 440 160 463 187; x_wconf 67' lang='lat' dir='ltr'>r</span> 
     </span>
    </p>
   </div>
   <div class='ocr_carea' id='block_1_2' title="bbox 438 163 658 282">
    <p class='ocr_par' dir='ltr' id='par_1_2' title="bbox 438 163 658 282">
     <span class='ocr_line' id='line_1_2' title="bbox 438 163 535 207; baseline 0 0"><span class='ocrx_word' id='word_1_2' title='bbox 438 180 463 207; x_wconf 69' lang='grc'>0</span> <span class='ocrx_word' id='word_1_3' title='bbox 478 178 490 206; x_wconf 87' lang='lat'>1</span> <span class='ocrx_word' id='word_1_4' title='bbox 509 163 535 207; x_wconf 84' lang='grc'>8</span> 
     </span>
     <span class='ocr_line' id='line_1_3' title="bbox 536 249 658 282; baseline -0.008 0"><span class='ocrx_word' id='word_1_5' title='bbox 536 249 658 282; x_wconf 88' lang='lat' dir='ltr'>XXIV</span> 
     </span>
    </p>
   </div>
   <div class='ocr_carea' id='block_1_3' title="bbox 459 303 675 2571">
    <p class='ocr_par' dir='ltr' id='par_1_3' title="bbox 463 303 675 1454">
     <span class='ocr_line' id='line_1_4' title="bbox 555 303 671 336; baseline -0.009 0"><span class='ocrx_word' id='word_1_6' title='bbox 555 303 671 336; x_wconf 91' lang='lat' dir='ltr'><strong>XXV.</strong></span> 
     </span>
     <span class='ocr_line' id='line_1_5' title="bbox 538 356 672 389; baseline -0.007 0"><span class='ocrx_word' id='word_1_7' title='bbox 538 356 672 389; x_wconf 85' lang='lat' dir='ltr'><strong>XXVI.</strong></span> 
     </span>
     <span class='ocr_line' id='line_1_6' title="bbox 519 409 671 442; baseline 0.007 -1"><span class='ocrx_word' id='word_1_8' title='bbox 519 409 671 442; x_wconf 90' lang='lat' dir='ltr'><strong>XXVII.</strong></span> 
     </span>
     <span class='ocr_line' id='line_1_7' title="bbox 499 462 671 495; baseline -0.006 0"><span class='ocrx_word' id='word_1_9' title='bbox 499 462 671 495; x_wconf 90' lang='lat' dir='ltr'><strong>XXVIII.</strong></span> 
     </span>
     <span class='ocr_line' id='line_1_8' title="bbox 537 516 672 548; baseline -0.007 0"><span class='ocrx_word' id='word_1_10' title='bbox 537 516 672 548; x_wconf 89' lang='lat' dir='ltr'><strong>XXIX.</strong></span> 
     </span>
     <span class='ocr_line' id='line_1_9' title="bbox 555 569 671 601; baseline -0.009 0"><span class='ocrx_word' id='word_1_11' title='bbox 555 569 671 601; x_wconf 91' lang='lat' dir='ltr'><strong>XXX.</strong></span> 
     </span>
     <span class='ocr_line' id='line_1_10' title="bbox 538 622 673 654; baseline 0 0"><span class='ocrx_word' id='word_1_12' title='bbox 538 622 673 654; x_wconf 89' lang='lat' dir='ltr'><strong>XXXI.</strong></span> 
     </span>
     <span class='ocr_line' id='line_1_11' title="bbox 522 675 672 708; baseline -0.007 0"><span class='ocrx_word' id='word_1_13' title='bbox 522 675 672 708; x_wconf 89' lang='lat' dir='ltr'><strong>XXXII.</strong></span> 
     </span>
     <span class='ocr_line' id='line_1_12' title="bbox 499 728 672 761; baseline 0.006 -1"><span class='ocrx_word' id='word_1_14' title='bbox 499 728 672 761; x_wconf 91' lang='lat' dir='ltr'><strong>XXXIII.</strong></span> 
     </span>
     <span class='ocr_line' id='line_1_13' title="bbox 501 781 671 814; baseline -0.006 0"><span class='ocrx_word' id='word_1_15' title='bbox 501 781 671 814; x_wconf 87' lang='lat' dir='ltr'><strong>XXXIV.</strong></span> 
     </span>
     <span class='ocr_line' id='line_1_14' title="bbox 518 835 673 869; baseline 0.013 -2"><span class='ocrx_word' id='word_1_16' title='bbox 518 835 673 869; x_wconf 92' lang='lat' dir='ltr'><strong>XXXV.</strong></span> 
     </span>
     <span class='ocr_line' id='line_1_15' title="bbox 500 888 672 922; baseline 0.012 -2"><span class='ocrx_word' id='word_1_17' title='bbox 500 888 672 922; x_wconf 87' lang='lat' dir='ltr'><strong>XXXVI.</strong></span> 
     </span>
     <span class='ocr_line' id='line_1_16' title="bbox 482 941 671 974; baseline 0.005 -1"><span class='ocrx_word' id='word_1_18' title='bbox 482 941 671 974; x_wconf 89' lang='lat' dir='ltr'><strong>XXXVII.</strong></span> 
     </span>
     <span class='ocr_line' id='line_1_17' title="bbox 463 994 672 1028; baseline 0.005 -1"><span class='ocrx_word' id='word_1_19' title='bbox 463 994 672 1028; x_wconf 82' lang='lat' dir='ltr'><strong>XXXVIII.</strong></span> 
     </span>
     <span class='ocr_line' id='line_1_18' title="bbox 505 1047 672 1081; baseline 0.006 -1"><span class='ocrx_word' id='word_1_20' title='bbox 505 1047 672 1081; x_wconf 90' lang='lat' dir='ltr'><strong>XXXIX.</strong></span> 
     </span>
     <span class='ocr_line' id='line_1_19' title="bbox 597 1101 672 1135; baseline 0.027 -2"><span class='ocrx_word' id='word_1_21' title='bbox 597 1101 672 1135; x_wconf 86' lang='lat' dir='ltr'><strong>XL.</strong></span> 
     </span>
     <span class='ocr_line' id='line_1_20' title="bbox 577 1154 675 1188; baseline 0.02 -2"><span class='ocrx_word' id='word_1_22' title='bbox 577 1154 675 1188; x_wconf 94' lang='lat' dir='ltr'><strong>XLI.</strong></span> 
     </span>
     <span class='ocr_line' id='line_1_21' title="bbox 558 1207 673 1241; baseline 0.017 -2"><span class='ocrx_word' id='word_1_23' title='bbox 558 1207 673 1241; x_wconf 88' lang='lat' dir='ltr'><strong>XLII.</strong></span> 
     </span>
     <span class='ocr_line' id='line_1_22' title="bbox 540 1260 674 1295; baseline 0.015 -3"><span class='ocrx_word' id='word_1_24' title='bbox 540 1260 674 1295; x_wconf 89' lang='lat' dir='ltr'><strong>XLIII.</strong></span> 
     </span>
     <span class='ocr_line' id='line_1_23' title="bbox 542 1313 671 1347; baseline 0.008 -1"><span class='ocrx_word' id='word_1_25' title='bbox 542 1313 671 1347; x_wconf 88' lang='lat' dir='ltr'><strong>XLIV.</strong></span> 
     </span>
     <span class='ocr_line' id='line_1_24' title="bbox 560 1366 672 1400; baseline 0.018 -2"><span class='ocrx_word' id='word_1_26' title='bbox 560 1366 672 1400; x_wconf 93' lang='lat' dir='ltr'><strong>XLV.</strong></span> 
     </span>
     <span class='ocr_line' id='line_1_25' title="bbox 541 1419 672 1454; baseline 0.023 -3"><span class='ocrx_word' id='word_1_27' title='bbox 541 1419 672 1454; x_wconf 83' lang='lat' dir='ltr'><strong>XLVI.</strong></span> 
     </span>
    </p>

    <p class='ocr_par' dir='ltr' id='par_1_4' title="bbox 459 1472 673 1666">
     <span class='ocr_line' id='line_1_26' title="bbox 459 1472 672 1508; baseline 0.023 -6"><span class='ocrx_word' id='word_1_28' title='bbox 459 1497 465 1502; x_wconf 89' lang='lat'><strong>.</strong></span> <span class='ocrx_word' id='word_1_29' title='bbox 523 1472 672 1508; x_wconf 89' lang='lat' dir='ltr'><strong>XLVII.</strong></span> 
     </span>
     <span class='ocr_line' id='line_1_27' title="bbox 510 1526 672 1560; baseline 0.025 -4"><span class='ocrx_word' id='word_1_30' title='bbox 510 1526 536 1557; x_wconf 60' lang='lat' dir='ltr'><strong>J&lt;</strong></span> <span class='ocrx_word' id='word_1_31' title='bbox 542 1526 672 1560; x_wconf 89' lang='lat' dir='ltr'><strong>LVIII.</strong></span> 
     </span>
     <span class='ocr_line' id='line_1_28' title="bbox 543 1579 673 1614; baseline 0.023 -3"><span class='ocrx_word' id='word_1_32' title='bbox 543 1579 673 1614; x_wconf 87' lang='lat' dir='ltr'><strong>XLIX.</strong></span> 
     </span>
     <span class='ocr_line' id='line_1_29' title="bbox 629 1633 671 1666; baseline 0.024 -1"><span class='ocrx_word' id='word_1_33' title='bbox 629 1633 671 1666; x_wconf 89' lang='lat' dir='ltr'><strong>L.</strong></span> 
     </span>
    </p>

    <p class='ocr_par' dir='ltr' id='par_1_5' title="bbox 613 1686 672 1720">
     <span class='ocr_line' id='line_1_30' title="bbox 613 1686 672 1720; baseline 0.051 -3"><span class='ocrx_word' id='word_1_34' title='bbox 613 1686 672 1720; x_wconf 94' lang='lat' dir='ltr'><strong>LI.</strong></span> 
     </span>
    </p>

    <p class='ocr_par' dir='ltr' id='par_1_6' title="bbox 595 1739 672 1772">
     <span class='ocr_line' id='line_1_31' title="bbox 595 1739 672 1772; baseline 0.013 -1"><span class='ocrx_word' id='word_1_35' title='bbox 595 1739 672 1772; x_wconf 91' lang='lat' dir='ltr'><strong>LII.</strong></span> 
     </span>
    </p>

    <p class='ocr_par' dir='ltr' id='par_1_7' title="bbox 526 1792 674 2571">
     <span class='ocr_line' id='line_1_32' title="bbox 576 1792 674 1826; baseline 0.02 -2"><span class='ocrx_word' id='word_1_36' title='bbox 576 1792 603 1824; x_wconf 92' lang='lat' dir='ltr'><strong>L</strong></span> <span class='ocrx_word' id='word_1_37' title='bbox 611 1793 641 1824; x_wconf 88' lang='lat' dir='ltr'><strong>II</strong></span> <span class='ocrx_word' id='word_1_38' title='bbox 649 1793 674 1826; x_wconf 93' lang='grc'><strong>[.</strong></span> 
     </span>
     <span class='ocr_line' id='line_1_33' title="bbox 576 1846 673 1880; baseline 0.031 -3"><span class='ocrx_word' id='word_1_39' title='bbox 576 1846 673 1880; x_wconf 90' lang='lat' dir='ltr'><strong>LIV.</strong></span> 
     </span>
     <span class='ocr_line' id='line_1_34' title="bbox 596 1899 673 1933; baseline 0.039 -3"><span class='ocrx_word' id='word_1_40' title='bbox 596 1899 673 1933; x_wconf 88' lang='lat' dir='ltr'><strong>LV.</strong></span> 
     </span>
     <span class='ocr_line' id='line_1_35' title="bbox 577 1952 671 1986; baseline 0.032 -3"><span class='ocrx_word' id='word_1_41' title='bbox 577 1952 671 1986; x_wconf 91' lang='lat' dir='ltr'><strong>LVI.</strong></span> 
     </span>
     <span class='ocr_line' id='line_1_36' title="bbox 558 2005 673 2040; baseline 0.026 -3"><span class='ocrx_word' id='word_1_42' title='bbox 558 2005 673 2040; x_wconf 89' lang='lat' dir='ltr'><strong>LVII.</strong></span> 
     </span>
     <span class='ocr_line' id='line_1_37' title="bbox 539 2058 671 2093; baseline 0.023 -3"><span class='ocrx_word' id='word_1_43' title='bbox 539 2058 671 2093; x_wconf 91' lang='lat' dir='ltr'><strong>LVIII.</strong></span> 
     </span>
     <span class='ocr_line' id='line_1_38' title="bbox 576 2112 671 2146; baseline 0.021 -2"><span class='ocrx_word' id='word_1_44' title='bbox 576 2112 671 2146; x_wconf 93' lang='lat' dir='ltr'><strong>LIX.</strong></span> 
     </span>
     <span class='ocr_line' id='line_1_39' title="bbox 596 2165 672 2198; baseline 0.013 -1"><span class='ocrx_word' id='word_1_45' title='bbox 596 2165 672 2198; x_wconf 90' lang='lat' dir='ltr'><strong>LX.</strong></span> 
     </span>
     <span class='ocr_line' id='line_1_40' title="bbox 579 2219 672 2253; baseline 0.022 -2"><span class='ocrx_word' id='word_1_46' title='bbox 579 2219 672 2253; x_wconf 91' lang='lat' dir='ltr'><strong>LXI.</strong></span> 
     </span>
     <span class='ocr_line' id='line_1_41' title="bbox 559 2271 671 2306; baseline 0.027 -3"><span class='ocrx_word' id='word_1_47' title='bbox 559 2271 671 2306; x_wconf 92' lang='lat' dir='ltr'><strong>LXII.</strong></span> 
     </span>
     <span class='ocr_line' id='line_1_42' title="bbox 541 2324 672 2359; baseline 0.031 -4"><span class='ocrx_word' id='word_1_48' title='bbox 541 2324 672 2359; x_wconf 85' lang='lat' dir='ltr'><strong>LXIII.</strong></span> 
     </span>
     <span class='ocr_line' id='line_1_43' title="bbox 541 2377 672 2412; baseline 0.023 -3"><span class='ocrx_word' id='word_1_49' title='bbox 541 2377 672 2412; x_wconf 90' lang='lat' dir='ltr'><strong>LXIV.</strong></span> 
     </span>
     <span class='ocr_line' id='line_1_44' title="bbox 561 2431 672 2464; baseline 0.018 -2"><span class='ocrx_word' id='word_1_50' title='bbox 561 2431 672 2464; x_wconf 81' lang='lat' dir='ltr'><strong>LXV.</strong></span> 
     </span>
     <span class='ocr_line' id='line_1_45' title="bbox 543 2483 673 2517; baseline 0.015 -2"><span class='ocrx_word' id='word_1_51' title='bbox 543 2483 673 2517; x_wconf 90' lang='lat' dir='ltr'><strong>LXVI.</strong></span> 
     </span>
     <span class='ocr_line' id='line_1_46' title="bbox 526 2536 672 2571; baseline 0.021 -4"><span class='ocrx_word' id='word_1_52' title='bbox 526 2536 623 2568; x_wconf 85' lang='lat' dir='ltr'><strong>LXV</strong></span> <span class='ocrx_word' id='word_1_53' title='bbox 628 2537 672 2571; x_wconf 92' lang='grc' dir='ltr'><strong>1Ι.</strong></span> 
     </span>
    </p>
   </div>
   <div class='ocr_carea' id='block_1_4' title="bbox 507 2589 661 2674">
    <p class='ocr_par' dir='ltr' id='par_1_8' title="bbox 507 2589 661 2674">
     <span class='ocr_line' id='line_1_47' title="bbox 507 2589 661 2622; baseline -0.006 0"><span class='ocrx_word' id='word_1_54' title='bbox 507 2589 661 2622; x_wconf 81' lang='lat' dir='ltr'><strong>LXVIII</strong></span> 
     </span>
     <span class='ocr_line' id='line_1_48' title="bbox 547 2642 661 2674; baseline 0.009 -1"><span class='ocrx_word' id='word_1_55' title='bbox 547 2642 661 2674; x_wconf 81' lang='lat' dir='ltr'><strong>LXIX</strong></span> 
     </span>
    </p>
   </div>
   <div class='ocr_carea' id='block_1_5' title="bbox 1003 167 1286 212">
    <p class='ocr_par' dir='ltr' id='par_1_9' title="bbox 1003 167 1286 212">
     <span class='ocr_line' id='line_1_49' title="bbox 1003 167 1286 212; baseline 0.011 -3"><span class='ocrx_word' id='word_1_56' title='bbox 1003 167 1286 212; x_wconf 89' lang='lat' dir='ltr'><strong>TABULA.</strong></span> 
     </span>
    </p>
   </div>
   <div class='ocr_carea' id='block_1_6' title="bbox 696 250 1851 2690">
    <p class='ocr_par' dir='ltr' id='par_1_10' title="bbox 696 250 1851 2690">
     <span class='ocr_line' id='line_1_50' title="bbox 697 250 1842 301; baseline 0.007 -19"><span class='ocrx_word' id='word_1_57' title='bbox 697 250 748 283; x_wconf 87' lang='lat' dir='ltr'><strong>De</strong></span> <span class='ocrx_word' id='word_1_58' title='bbox 764 251 892 297; x_wconf 86' lang='lat' dir='ltr'><strong>Lycori</strong></span> <span class='ocrx_word' id='word_1_59' title='bbox 903 276 914 293; x_wconf 90' lang='lat'>‚</span> <span class='ocrx_word' id='word_1_60' title='bbox 927 250 969 285; x_wconf 83' lang='lat' dir='ltr'>ad</span> <span class='ocrx_word' id='word_1_61' title='bbox 983 252 1177 287; x_wconf 83' lang='lat' dir='ltr'>Fabianum</span> <span class='ocrx_word' id='word_1_62' title='bbox 1198 277 1736 290; x_wconf 71' lang='lat'><strong>.....................</strong></span> <span class='ocrx_word' id='word_1_63' title='bbox 1776 265 1842 301; x_wconf 75' lang='lat'><strong>401</strong></span> 
     </span>
     <span class='ocr_line' id='line_1_51' title="bbox 697 304 1843 354; baseline 0.01 -19"><span class='ocrx_word' id='word_1_64' title='bbox 697 304 751 336; x_wconf 85' lang='lat' dir='ltr'><strong>De</strong></span> <span class='ocrx_word' id='word_1_65' title='bbox 766 304 927 338; x_wconf 87' lang='lat' dir='ltr'>litoribus</span> <span class='ocrx_word' id='word_1_66' title='bbox 944 305 1054 339; x_wconf 81' lang='lat' dir='ltr'><strong>Altini</strong></span> <span class='ocrx_word' id='word_1_67' title='bbox 1072 315 1106 340; x_wconf 88' lang='lat' dir='ltr'><strong>et</strong></span> <span class='ocrx_word' id='word_1_68' title='bbox 1123 308 1282 354; x_wconf 83' lang='lat' dir='ltr'>Aquileia</span> <span class='ocrx_word' id='word_1_69' title='bbox 1301 331 1734 343; x_wconf 69' lang='lat'><strong>.................</strong></span> <span class='ocrx_word' id='word_1_70' title='bbox 1771 317 1843 354; x_wconf 84' lang='grc'><strong>401</strong></span> 
     </span>
     <span class='ocr_line' id='line_1_52' title="bbox 698 355 1850 407; baseline 0.009 -19"><span class='ocrx_word' id='word_1_71' title='bbox 698 355 754 389; x_wconf 87' lang='lat' dir='ltr'><strong>Ad</strong></span> <span class='ocrx_word' id='word_1_72' title='bbox 769 357 1001 391; x_wconf 87' lang='lat' dir='ltr'>Posthumum</span> <span class='ocrx_word' id='word_1_73' title='bbox 1013 381 1739 397; x_wconf 87' lang='lat'><strong>............................</strong></span> <span class='ocrx_word' id='word_1_74' title='bbox 1778 366 1850 407; x_wconf 80' lang='lat'><strong>403</strong></span> 
     </span>
     <span class='ocr_line' id='line_1_53' title="bbox 698 408 1849 460; baseline 0.01 -18"><span class='ocrx_word' id='word_1_75' title='bbox 698 408 753 442; x_wconf 90' lang='lat' dir='ltr'><strong>Ad</strong></span> <span class='ocrx_word' id='word_1_76' title='bbox 770 410 941 444; x_wconf 85' lang='lat' dir='ltr'>Caesarem</span> <span class='ocrx_word' id='word_1_77' title='bbox 956 412 1155 458; x_wconf 87' lang='lat' dir='ltr'>Augustum</span> <span class='ocrx_word' id='word_1_78' title='bbox 1170 415 1410 449; x_wconf 84' lang='lat' dir='ltr'>Domitianum</span> <span class='ocrx_word' id='word_1_79' title='bbox 1435 438 1736 450; x_wconf 88' lang='grc'><strong>............</strong></span> <span class='ocrx_word' id='word_1_80' title='bbox 1774 423 1849 460; x_wconf 78' lang='grc'>404</span> 
     </span>
     <span class='ocr_line' id='line_1_54' title="bbox 696 461 1846 513; baseline 0.01 -18"><span class='ocrx_word' id='word_1_81' title='bbox 696 461 751 496; x_wconf 84' lang='lat' dir='ltr'><strong>Ad</strong></span> <span class='ocrx_word' id='word_1_82' title='bbox 772 463 907 498; x_wconf 87' lang='lat' dir='ltr'>Chloen</span> <span class='ocrx_word' id='word_1_83' title='bbox 929 486 1736 503; x_wconf 84' lang='grc'><strong>...............................</strong></span> <span class='ocrx_word' id='word_1_84' title='bbox 1772 471 1846 513; x_wconf 83' lang='grc'><strong>405</strong></span> 
     </span>
     <span class='ocr_line' id='line_1_55' title="bbox 697 515 1848 566; baseline 0.009 -18"><span class='ocrx_word' id='word_1_85' title='bbox 697 515 753 549; x_wconf 88' lang='lat' dir='ltr'><strong>Ad</strong></span> <span class='ocrx_word' id='word_1_86' title='bbox 770 516 966 551; x_wconf 82' lang='lat' dir='ltr'>Pudentem</span> <span class='ocrx_word' id='word_1_87' title='bbox 988 540 1738 556; x_wconf 85' lang='lat'><strong>.............................</strong></span> <span class='ocrx_word' id='word_1_88' title='bbox 1776 528 1848 566; x_wconf 87' lang='grc' dir='ltr'>4οὸ</span> 
     </span>
     <span class='ocr_line' id='line_1_56' title="bbox 697 569 1848 619; baseline 0.007 -17"><span class='ocrx_word' id='word_1_89' title='bbox 697 569 752 602; x_wconf 91' lang='lat' dir='ltr'><strong>Ad</strong></span> <span class='ocrx_word' id='word_1_90' title='bbox 769 570 979 615; x_wconf 87' lang='lat' dir='ltr'>piscatorem</span> <span class='ocrx_word' id='word_1_91' title='bbox 1008 593 1736 609; x_wconf 77' lang='lat'><strong>............................</strong></span> <span class='ocrx_word' id='word_1_92' title='bbox 1774 580 1848 619; x_wconf 90' lang='lat'><strong>408</strong></span> 
     </span>
     <span class='ocr_line' id='line_1_57' title="bbox 697 622 1849 672; baseline 0.008 -18"><span class='ocrx_word' id='word_1_93' title='bbox 697 622 752 656; x_wconf 86' lang='lat' dir='ltr'><strong>Ad</strong></span> <span class='ocrx_word' id='word_1_94' title='bbox 777 623 1043 670; x_wconf 86' lang='lat' dir='ltr'>Hippodamum</span> <span class='ocrx_word' id='word_1_95' title='bbox 1067 647 1738 661; x_wconf 88' lang='grc'><strong>..........................</strong></span> <span class='ocrx_word' id='word_1_96' title='bbox 1777 636 1849 672; x_wconf 84' lang='grc'><strong>410</strong></span> 
     </span>
     <span class='ocr_line' id='line_1_58' title="bbox 699 676 1846 724; baseline 0.007 -15"><span class='ocrx_word' id='word_1_97' title='bbox 699 676 751 709; x_wconf 85' lang='lat' dir='ltr'><strong>De</strong></span> <span class='ocrx_word' id='word_1_98' title='bbox 768 688 831 722; x_wconf 88' lang='lat' dir='ltr'>ape</span> <span class='ocrx_word' id='word_1_99' title='bbox 846 677 975 710; x_wconf 81' lang='lat' dir='ltr'>electro</span> <span class='ocrx_word' id='word_1_100' title='bbox 993 677 1125 713; x_wconf 87' lang='lat' dir='ltr'>inclusa</span> <span class='ocrx_word' id='word_1_101' title='bbox 1143 702 1500 713; x_wconf 84' lang='grc'><strong>..............</strong></span> <span class='ocrx_word' id='word_1_102' title='bbox 1521 712 1523 714; x_wconf 81' lang='grc'>,</span> <span class='ocrx_word' id='word_1_103' title='bbox 1545 705 1739 714; x_wconf 85' lang='grc'><strong>........</strong></span> <span class='ocrx_word' id='word_1_104' title='bbox 1777 687 1819 724; x_wconf 82' lang='grc'><strong>41</strong></span> <span class='ocrx_word' id='word_1_105' title='bbox 1832 696 1846 717; x_wconf 90' lang='grc'>1</span> 
     </span>
     <span class='ocr_line' id='line_1_59' title="bbox 697 727 1846 777; baseline 0.008 -16"><span class='ocrx_word' id='word_1_106' title='bbox 697 727 753 762; x_wconf 87' lang='lat' dir='ltr'><strong>Ad</strong></span> <span class='ocrx_word' id='word_1_107' title='bbox 775 729 997 764; x_wconf 84' lang='lat' dir='ltr'>Sosibianum</span> <span class='ocrx_word' id='word_1_108' title='bbox 1009 755 1734 768; x_wconf 83' lang='lat'><strong>............................</strong></span> <span class='ocrx_word' id='word_1_109' title='bbox 1775 741 1817 777; x_wconf 83' lang='lat'><strong>41</strong></span> <span class='ocrx_word' id='word_1_110' title='bbox 1828 749 1846 770; x_wconf 78' lang='lat'>2</span> 
     </span>
     <span class='ocr_line' id='line_1_60' title="bbox 697 781 1849 831; baseline 0.006 -17"><span class='ocrx_word' id='word_1_111' title='bbox 697 781 753 815; x_wconf 89' lang='lat' dir='ltr'><strong>Ad</strong></span> <span class='ocrx_word' id='word_1_112' title='bbox 771 783 928 817; x_wconf 85' lang='lat' dir='ltr'>Attalum</span> <span class='ocrx_word' id='word_1_113' title='bbox 953 807 1737 820; x_wconf 85' lang='grc'><strong>..............................</strong></span> <span class='ocrx_word' id='word_1_114' title='bbox 1777 788 1849 831; x_wconf 85' lang='grc'><strong>413</strong></span> 
     </span>
     <span class='ocr_line' id='line_1_61' title="bbox 697 835 1847 883; baseline 0.007 -17"><span class='ocrx_word' id='word_1_115' title='bbox 697 835 749 868; x_wconf 85' lang='lat' dir='ltr'><strong>De</strong></span> <span class='ocrx_word' id='word_1_116' title='bbox 765 849 884 882; x_wconf 85' lang='lat' dir='ltr'>pugna</span> <span class='ocrx_word' id='word_1_117' title='bbox 904 836 1087 872; x_wconf 77' lang='lat' dir='ltr'>damarum</span> <span class='ocrx_word' id='word_1_118' title='bbox 1117 861 1735 874; x_wconf 82' lang='lat'><strong>........................</strong></span> <span class='ocrx_word' id='word_1_119' title='bbox 1775 842 1847 883; x_wconf 77' lang='lat'><strong>413</strong></span> 
     </span>
     <span class='ocr_line' id='line_1_62' title="bbox 696 887 1849 936; baseline 0.007 -16"><span class='ocrx_word' id='word_1_120' title='bbox 696 887 753 922; x_wconf 89' lang='lat' dir='ltr'><strong>Ad</strong></span> <span class='ocrx_word' id='word_1_121' title='bbox 777 889 885 923; x_wconf 86' lang='lat' dir='ltr'>Olum</span> <span class='ocrx_word' id='word_1_122' title='bbox 905 913 1738 927; x_wconf 83' lang='grc'><strong>................................</strong></span> <span class='ocrx_word' id='word_1_123' title='bbox 1777 900 1796 936; x_wconf 93' lang='grc'>4</span> <span class='ocrx_word' id='word_1_124' title='bbox 1807 899 1849 936; x_wconf 88' lang='grc'><strong>14</strong></span> 
     </span>
     <span class='ocr_line' id='line_1_63' title="bbox 697 941 1848 989; baseline 0.006 -15"><span class='ocrx_word' id='word_1_125' title='bbox 697 941 753 975; x_wconf 88' lang='lat' dir='ltr'><strong>Ad</strong></span> <span class='ocrx_word' id='word_1_126' title='bbox 780 943 904 976; x_wconf 90' lang='lat' dir='ltr'>Afrum</span> <span class='ocrx_word' id='word_1_127' title='bbox 927 967 1735 980; x_wconf 77' lang='lat'><strong>...............................</strong></span> <span class='ocrx_word' id='word_1_128' title='bbox 1776 953 1795 989; x_wconf 98' lang='lat'><em>4</em></span> <span class='ocrx_word' id='word_1_129' title='bbox 1806 961 1818 982; x_wconf 91' lang='lat'>1</span> <span class='ocrx_word' id='word_1_130' title='bbox 1829 948 1848 982; x_wconf 84' lang='lat'><em>5</em></span> 
     </span>
     <span class='ocr_line' id='line_1_64' title="bbox 697 994 1848 1042; baseline 0.008 -16"><span class='ocrx_word' id='word_1_131' title='bbox 697 994 752 1029; x_wconf 92' lang='lat' dir='ltr'><strong>Ad</strong></span> <span class='ocrx_word' id='word_1_132' title='bbox 777 996 915 1030; x_wconf 86' lang='lat' dir='ltr'>Gallam</span> <span class='ocrx_word' id='word_1_133' title='bbox 937 1019 1742 1033; x_wconf 83' lang='lat'><strong>...............................</strong></span> <span class='ocrx_word' id='word_1_134' title='bbox 1780 1003 1848 1042; x_wconf 87' lang='grc'><strong>416</strong></span> 
     </span>
     <span class='ocr_line' id='line_1_65' title="bbox 696 1047 1848 1095; baseline 0.007 -14"><span class='ocrx_word' id='word_1_135' title='bbox 696 1047 751 1082; x_wconf 84' lang='lat' dir='ltr'><strong>Ad</strong></span> <span class='ocrx_word' id='word_1_136' title='bbox 777 1049 972 1083; x_wconf 84' lang='lat' dir='ltr'>Charinum</span> <span class='ocrx_word' id='word_1_137' title='bbox 983 1074 1736 1088; x_wconf 71' lang='lat'><strong>.............................</strong></span> <span class='ocrx_word' id='word_1_138' title='bbox 1775 1056 1848 1095; x_wconf 86' lang='lat'><strong>416</strong></span> 
     </span>
     <span class='ocr_line' id='line_1_66' title="bbox 698 1101 1849 1148; baseline 0.005 -14"><span class='ocrx_word' id='word_1_139' title='bbox 698 1101 752 1135; x_wconf 89' lang='lat' dir='ltr'><strong>Ad</strong></span> <span class='ocrx_word' id='word_1_140' title='bbox 775 1103 1007 1137; x_wconf 85' lang='lat' dir='ltr'>Posthumum</span> <span class='ocrx_word' id='word_1_141' title='bbox 1039 1126 1285 1137; x_wconf 84' lang='grc'><strong>..........</strong></span> <span class='ocrx_word' id='word_1_142' title='bbox 1305 1132 1310 1136; x_wconf 90' lang='grc'>.</span> <span class='ocrx_word' id='word_1_143' title='bbox 1331 1129 1736 1139; x_wconf 87' lang='grc'><strong>................</strong></span> <span class='ocrx_word' id='word_1_144' title='bbox 1776 1111 1818 1148; x_wconf 85' lang='grc'><strong>41</strong></span> <span class='ocrx_word' id='word_1_145' title='bbox 1829 1109 1849 1141; x_wconf 90' lang='grc'>8</span> 
     </span>
     <span class='ocr_line' id='line_1_67' title="bbox 698 1155 1850 1201; baseline 0.005 -14"><span class='ocrx_word' id='word_1_146' title='bbox 698 1155 740 1188; x_wconf 86' lang='lat' dir='ltr'><strong>In</strong></span> <span class='ocrx_word' id='word_1_147' title='bbox 763 1156 853 1189; x_wconf 88' lang='lat' dir='ltr'>male</span> <span class='ocrx_word' id='word_1_148' title='bbox 874 1157 1079 1192; x_wconf 81' lang='lat' dir='ltr'>recitantem</span> <span class='ocrx_word' id='word_1_149' title='bbox 1091 1180 1737 1192; x_wconf 85' lang='grc'><strong>.........................</strong></span> <span class='ocrx_word' id='word_1_150' title='bbox 1776 1165 1850 1201; x_wconf 78' lang='lat'><strong>420</strong></span> 
     </span>
     <span class='ocr_line' id='line_1_68' title="bbox 699 1207 1851 1253; baseline 0.005 -13"><span class='ocrx_word' id='word_1_151' title='bbox 699 1207 754 1241; x_wconf 92' lang='lat' dir='ltr'><strong>Ad</strong></span> <span class='ocrx_word' id='word_1_152' title='bbox 777 1209 938 1243; x_wconf 86' lang='lat' dir='ltr'>Flaccum</span> <span class='ocrx_word' id='word_1_153' title='bbox 958 1233 1739 1245; x_wconf 84' lang='lat'><strong>..............................</strong></span> <span class='ocrx_word' id='word_1_154' title='bbox 1781 1218 1851 1253; x_wconf 82' lang='lat'><strong>420</strong></span> 
     </span>
     <span class='ocr_line' id='line_1_69' title="bbox 699 1262 1848 1307; baseline 0.005 -14"><span class='ocrx_word' id='word_1_155' title='bbox 699 1263 740 1294; x_wconf 91' lang='lat' dir='ltr'><strong>In</strong></span> <span class='ocrx_word' id='word_1_156' title='bbox 765 1262 977 1296; x_wconf 86' lang='lat' dir='ltr'>Coracinum</span> <span class='ocrx_word' id='word_1_157' title='bbox 1011 1286 1736 1298; x_wconf 86' lang='grc'><em>............................</em></span> <span class='ocrx_word' id='word_1_158' title='bbox 1777 1270 1848 1307; x_wconf 79' lang='grc'>422</span> 
     </span>
     <span class='ocr_line' id='line_1_70' title="bbox 699 1316 1849 1360; baseline 0.003 -13"><span class='ocrx_word' id='word_1_159' title='bbox 699 1316 750 1347; x_wconf 89' lang='lat' dir='ltr'><strong>De</strong></span> <span class='ocrx_word' id='word_1_160' title='bbox 767 1316 922 1349; x_wconf 83' lang='lat' dir='ltr'><strong>Vesuvio</strong></span> <span class='ocrx_word' id='word_1_161' title='bbox 948 1325 1068 1351; x_wconf 77' lang='lat' dir='ltr'>monte</span> <span class='ocrx_word' id='word_1_162' title='bbox 1093 1342 1737 1351; x_wconf 79' lang='grc'><strong>.........................</strong></span> <span class='ocrx_word' id='word_1_163' title='bbox 1778 1324 1849 1360; x_wconf 77' lang='lat'><strong>424</strong></span> 
     </span>
     <span class='ocr_line' id='line_1_71' title="bbox 699 1369 1849 1419; baseline 0.007 -19"><span class='ocrx_word' id='word_1_164' title='bbox 699 1369 835 1401; x_wconf 88' lang='lat' dir='ltr'>Votum</span> <span class='ocrx_word' id='word_1_165' title='bbox 852 1369 1030 1404; x_wconf 79' lang='lat' dir='ltr'>Parthenii</span> <span class='ocrx_word' id='word_1_166' title='bbox 1049 1370 1093 1404; x_wconf 88' lang='lat' dir='ltr'>ad</span> <span class='ocrx_word' id='word_1_167' title='bbox 1112 1372 1281 1406; x_wconf 75' lang='lat' dir='ltr'>Phoebum</span> <span class='ocrx_word' id='word_1_168' title='bbox 1301 1386 1366 1419; x_wconf 90' lang='lat' dir='ltr'><strong>pro</strong></span> <span class='ocrx_word' id='word_1_169' title='bbox 1388 1373 1500 1407; x_wconf 90' lang='lat' dir='ltr'>Burro</span> <span class='ocrx_word' id='word_1_170' title='bbox 1519 1373 1592 1407; x_wconf 84' lang='lat' dir='ltr'>filio</span> <span class='ocrx_word' id='word_1_171' title='bbox 1619 1395 1734 1404; x_wconf 78' lang='lat'><strong>-----</strong></span> <span class='ocrx_word' id='word_1_172' title='bbox 1775 1374 1849 1412; x_wconf 74' lang='grc'><strong>426</strong></span> 
     </span>
     <span class='ocr_line' id='line_1_72' title="bbox 698 1422 1849 1465; baseline 0.003 -11"><span class='ocrx_word' id='word_1_173' title='bbox 698 1422 750 1454; x_wconf 82' lang='lat' dir='ltr'><strong>De</strong></span> <span class='ocrx_word' id='word_1_174' title='bbox 769 1422 906 1455; x_wconf 82' lang='lat' dir='ltr'>Sabello</span> <span class='ocrx_word' id='word_1_175' title='bbox 936 1445 1524 1456; x_wconf 77' lang='grc'><em>.......................</em></span> <span class='ocrx_word' id='word_1_176' title='bbox 1541 1447 1543 1449; x_wconf 96' lang='grc'>-</span> <span class='ocrx_word' id='word_1_177' title='bbox 1546 1448 1738 1456; x_wconf 89' lang='lat'><strong>........</strong></span> <span class='ocrx_word' id='word_1_178' title='bbox 1777 1425 1849 1465; x_wconf 82' lang='lat'><strong>428</strong></span> 
     </span>
     <span class='ocr_line' id='line_1_73' title="bbox 698 1474 1845 1517; baseline 0.003 -10"><span class='ocrx_word' id='word_1_179' title='bbox 698 1474 750 1507; x_wconf 88' lang='lat' dir='ltr'><strong>De</strong></span> <span class='ocrx_word' id='word_1_180' title='bbox 778 1475 995 1510; x_wconf 82' lang='lat' dir='ltr'><strong>Phaethonte</strong></span> <span class='ocrx_word' id='word_1_181' title='bbox 1014 1499 1735 1510; x_wconf 83' lang='grc'><em>..........................</em></span> <span class='ocrx_word' id='word_1_182' title='bbox 1776 1477 1845 1517; x_wconf 82' lang='lat'><strong>431</strong></span> 
     </span>
     <span class='ocr_line' id='line_1_74' title="bbox 698 1528 1847 1574; baseline 0.002 -15"><span class='ocrx_word' id='word_1_183' title='bbox 698 1528 739 1560; x_wconf 87' lang='lat' dir='ltr'><strong>In</strong></span> <span class='ocrx_word' id='word_1_184' title='bbox 756 1528 916 1574; x_wconf 85' lang='lat' dir='ltr'>Papilum</span> <span class='ocrx_word' id='word_1_185' title='bbox 937 1552 1207 1562; x_wconf 89' lang='grc'><em>...........</em></span> <span class='ocrx_word' id='word_1_186' title='bbox 1233 1558 1235 1560; x_wconf 97' lang='grc'>.</span> <span class='ocrx_word' id='word_1_187' title='bbox 1254 1553 1740 1562; x_wconf 85' lang='lat'><strong>..................</strong></span> <span class='ocrx_word' id='word_1_188' title='bbox 1776 1531 1847 1570; x_wconf 79' lang='lat'><strong>432</strong></span> 
     </span>
     <span class='ocr_line' id='line_1_75' title="bbox 699 1579 1848 1623; baseline 0.002 -10"><span class='ocrx_word' id='word_1_189' title='bbox 699 1579 756 1614; x_wconf 89' lang='lat' dir='ltr'><strong>Ad</strong></span> <span class='ocrx_word' id='word_1_190' title='bbox 780 1582 946 1615; x_wconf 80' lang='lat' dir='ltr'>Flaccum</span> <span class='ocrx_word' id='word_1_191' title='bbox 960 1606 1737 1615; x_wconf 85' lang='grc'><strong>..............................</strong></span> <span class='ocrx_word' id='word_1_192' title='bbox 1776 1583 1848 1623; x_wconf 78' lang='lat'><strong>432</strong></span> 
     </span>
     <span class='ocr_line' id='line_1_76' title="bbox 697 1634 1849 1676; baseline 0.001 -10"><span class='ocrx_word' id='word_1_193' title='bbox 697 1635 739 1666; x_wconf 89' lang='lat' dir='ltr'><strong>In</strong></span> <span class='ocrx_word' id='word_1_194' title='bbox 762 1634 936 1667; x_wconf 82' lang='lat' dir='ltr'>Thaidem</span> <span class='ocrx_word' id='word_1_195' title='bbox 947 1659 1737 1668; x_wconf 83' lang='lat'><strong>...............................</strong></span> <span class='ocrx_word' id='word_1_196' title='bbox 1776 1635 1849 1676; x_wconf 91' lang='grc'><strong>434</strong></span> 
     </span>
     <span class='ocr_line' id='line_1_77' title="bbox 698 1684 1849 1730; baseline 0.002 -11"><span class='ocrx_word' id='word_1_197' title='bbox 698 1684 755 1719; x_wconf 85' lang='lat' dir='ltr'><strong>Ad</strong></span> <span class='ocrx_word' id='word_1_198' title='bbox 775 1688 999 1721; x_wconf 84' lang='lat' dir='ltr'>Caecilianum</span> <span class='ocrx_word' id='word_1_199' title='bbox 1011 1713 1177 1720; x_wconf 86' lang='grc'><strong>.......</strong></span> <span class='ocrx_word' id='word_1_200' title='bbox 1197 1716 1202 1720; x_wconf 95' lang='grc'>.</span> <span class='ocrx_word' id='word_1_201' title='bbox 1224 1712 1737 1721; x_wconf 77' lang='grc'><strong>...................</strong></span> <span class='ocrx_word' id='word_1_202' title='bbox 1776 1689 1849 1730; x_wconf 84' lang='grc'><strong>434</strong></span> 
     </span>
     <span class='ocr_line' id='line_1_78' title="bbox 698 1738 1848 1787; baseline 0.001 -14"><span class='ocrx_word' id='word_1_203' title='bbox 698 1738 740 1773; x_wconf 85' lang='lat' dir='ltr'><strong>In</strong></span> <span class='ocrx_word' id='word_1_204' title='bbox 760 1740 941 1787; x_wconf 68' lang='lat' dir='ltr'>Hedylum</span> <span class='ocrx_word' id='word_1_205' title='bbox 974 1766 1325 1774; x_wconf 89' lang='grc'>..............</span> <span class='ocrx_word' id='word_1_206' title='bbox 1348 1773 1351 1775; x_wconf 86' lang='grc'>,</span> <span class='ocrx_word' id='word_1_207' title='bbox 1372 1767 1736 1774; x_wconf 90' lang='lat'><strong>...............</strong></span> <span class='ocrx_word' id='word_1_208' title='bbox 1777 1742 1848 1782; x_wconf 84' lang='grc'>435</span> 
     </span>
     <span class='ocr_line' id='line_1_79' title="bbox 699 1792 1850 1834; baseline 0.002 -9"><span class='ocrx_word' id='word_1_209' title='bbox 699 1792 755 1826; x_wconf 87' lang='lat' dir='ltr'><strong>Ad</strong></span> <span class='ocrx_word' id='word_1_210' title='bbox 781 1794 948 1827; x_wconf 75' lang='lat' dir='ltr'>Cosmum</span> <span class='ocrx_word' id='word_1_211' title='bbox 961 1819 1736 1827; x_wconf 86' lang='lat'><strong>..............................</strong></span> <span class='ocrx_word' id='word_1_212' title='bbox 1778 1794 1850 1834; x_wconf 83' lang='grc'>436</span> 
     </span>
     <span class='ocr_line' id='line_1_80' title="bbox 698 1845 1849 1892; baseline 0.002 -13"><span class='ocrx_word' id='word_1_213' title='bbox 698 1845 754 1879; x_wconf 86' lang='lat' dir='ltr'><strong>Ad</strong></span> <span class='ocrx_word' id='word_1_214' title='bbox 774 1847 940 1880; x_wconf 86' lang='lat' dir='ltr'>Colinum</span> <span class='ocrx_word' id='word_1_215' title='bbox 964 1870 1739 1880; x_wconf 79' lang='lat'><strong>............................</strong></span> <span class='ocrx_word' id='word_1_216' title='bbox 1780 1848 1849 1892; x_wconf 88' lang='grc'>437</span> 
     </span>
     <span class='ocr_line' id='line_1_81' title="bbox 699 1899 1849 1941; baseline 0.001 -9"><span class='ocrx_word' id='word_1_217' title='bbox 699 1899 755 1932; x_wconf 85' lang='lat' dir='ltr'><strong>Ad</strong></span> <span class='ocrx_word' id='word_1_218' title='bbox 777 1901 929 1934; x_wconf 85' lang='lat' dir='ltr'>Lucium</span> <span class='ocrx_word' id='word_1_219' title='bbox 958 1924 1498 1933; x_wconf 75' lang='lat'><strong>.....................</strong></span> <span class='ocrx_word' id='word_1_220' title='bbox 1520 1929 1523 1933; x_wconf 44' lang='lat'><strong>.</strong></span> <span class='ocrx_word' id='word_1_221' title='bbox 1544 1924 1736 1933; x_wconf 91' lang='lat'><strong>........</strong></span> <span class='ocrx_word' id='word_1_222' title='bbox 1776 1905 1849 1941; x_wconf 89' lang='grc'><strong>440</strong></span> 
     </span>
     <span class='ocr_line' id='line_1_82' title="bbox 698 1953 1850 1999; baseline 0 -14"><span class='ocrx_word' id='word_1_223' title='bbox 698 1953 740 1986; x_wconf 83' lang='grc' dir='ltr'><strong>Ι11</strong></span> <span class='ocrx_word' id='word_1_224' title='bbox 762 1953 1003 1999; x_wconf 80' lang='lat' dir='ltr'>Gargilianum</span> <span class='ocrx_word' id='word_1_225' title='bbox 1037 1978 1736 1990; x_wconf 76' lang='lat'><strong>..........................</strong></span> <span class='ocrx_word' id='word_1_226' title='bbox 1777 1958 1850 1994; x_wconf 85' lang='lat'><strong>444</strong></span> 
     </span>
     <span class='ocr_line' id='line_1_83' title="bbox 698 2005 1849 2047; baseline 0.001 -8"><span class='ocrx_word' id='word_1_227' title='bbox 698 2005 752 2039; x_wconf 88' lang='lat' dir='ltr'><strong>Ad</strong></span> <span class='ocrx_word' id='word_1_228' title='bbox 770 2007 978 2040; x_wconf 85' lang='lat' dir='ltr'>Faustinum</span> <span class='ocrx_word' id='word_1_229' title='bbox 990 2031 1742 2040; x_wconf 63' lang='lat'><strong>.............................</strong></span> <span class='ocrx_word' id='word_1_230' title='bbox 1781 2008 1849 2047; x_wconf 79' lang='grc'><strong>445</strong></span> 
     </span>
     <span class='ocr_line' id='line_1_84' title="bbox 698 2060 1847 2105; baseline -0.001 -13"><span class='ocrx_word' id='word_1_231' title='bbox 698 2060 740 2092; x_wconf 93' lang='lat' dir='ltr'><strong>In</strong></span> <span class='ocrx_word' id='word_1_232' title='bbox 762 2060 899 2093; x_wconf 81' lang='lat' dir='ltr'>Gallam</span> <span class='ocrx_word' id='word_1_233' title='bbox 932 2084 1714 2093; x_wconf 83' lang='lat'><strong>..............................</strong></span> <span class='ocrx_word' id='word_1_234' title='bbox 1777 2064 1847 2105; x_wconf 84' lang='lat'><strong>447</strong></span> 
     </span>
     <span class='ocr_line' id='line_1_85' title="bbox 698 2114 1848 2159; baseline 0.001 -13"><span class='ocrx_word' id='word_1_235' title='bbox 698 2114 750 2146; x_wconf 84' lang='lat' dir='ltr'><strong>De</strong></span> <span class='ocrx_word' id='word_1_236' title='bbox 774 2114 892 2159; x_wconf 82' lang='lat' dir='ltr'>vipera</span> <span class='ocrx_word' id='word_1_237' title='bbox 915 2114 1042 2147; x_wconf 81' lang='lat' dir='ltr'>el&#39;ectro</span> <span class='ocrx_word' id='word_1_238' title='bbox 1065 2115 1197 2150; x_wconf 84' lang='lat' dir='ltr'>inclusa</span> <span class='ocrx_word' id='word_1_239' title='bbox 1225 2138 1366 2146; x_wconf 81' lang='lat'><strong>------</strong></span> <span class='ocrx_word' id='word_1_240' title='bbox 1388 2143 1391 2145; x_wconf 90' lang='lat'><strong>.</strong></span> <span class='ocrx_word' id='word_1_241' title='bbox 1414 2137 1736 2145; x_wconf 79' lang='lat'><strong>-------------</strong></span> <span class='ocrx_word' id='word_1_242' title='bbox 1777 2117 1848 2158; x_wconf 81' lang='grc'><strong>447</strong></span> 
     </span>
     <span class='ocr_line' id='line_1_86' title="bbox 698 2167 1848 2211; baseline -0.003 -12"><span class='ocrx_word' id='word_1_243' title='bbox 698 2167 750 2199; x_wconf 88' lang='lat' dir='ltr'><strong>De</strong></span> <span class='ocrx_word' id='word_1_244' title='bbox 767 2167 924 2201; x_wconf 88' lang='lat' dir='ltr'>Curiatio</span> <span class='ocrx_word' id='word_1_245' title='bbox 935 2190 1683 2199; x_wconf 80' lang='lat'><strong>.............................</strong></span> <span class='ocrx_word' id='word_1_246' title='bbox 1731 2191 1736 2197; x_wconf 92' lang='lat'><strong>.</strong></span> <span class='ocrx_word' id='word_1_247' title='bbox 1777 2170 1848 2211; x_wconf 84' lang='lat'><strong>449</strong></span> 
     </span>
     <span class='ocr_line' id='line_1_87' title="bbox 697 2220 1851 2259; baseline -0.001 -9"><span class='ocrx_word' id='word_1_248' title='bbox 697 2220 739 2252; x_wconf 91' lang='lat' dir='ltr'><strong>In</strong></span> <span class='ocrx_word' id='word_1_249' title='bbox 763 2220 968 2254; x_wconf 65' lang='lat' dir='ltr'>RIancinum</span> <span class='ocrx_word' id='word_1_250' title='bbox 992 2243 1290 2252; x_wconf 87' lang='lat'><strong>............</strong></span> <span class='ocrx_word' id='word_1_251' title='bbox 1310 2248 1317 2251; x_wconf 82' lang='lat'><strong>.</strong></span> <span class='ocrx_word' id='word_1_252' title='bbox 1336 2243 1739 2252; x_wconf 87' lang='lat'><strong>................</strong></span> <span class='ocrx_word' id='word_1_253' title='bbox 1780 2220 1851 2259; x_wconf 82' lang='lat'><strong>450</strong></span> 
     </span>
     <span class='ocr_line' id='line_1_88' title="bbox 699 2272 1848 2318; baseline 0 -13"><span class='ocrx_word' id='word_1_254' title='bbox 699 2274 750 2305; x_wconf 91' lang='lat' dir='ltr'><strong>De</strong></span> <span class='ocrx_word' id='word_1_255' title='bbox 765 2273 915 2318; x_wconf 74' lang='lat' dir='ltr'><strong>Lycori.</strong></span> <span class='ocrx_word' id='word_1_256' title='bbox 934 2298 941 2304; x_wconf 94' lang='lat'><strong>.</strong></span> <span class='ocrx_word' id='word_1_257' title='bbox 961 2297 967 2302; x_wconf 94' lang='lat'><strong>.</strong></span> <span class='ocrx_word' id='word_1_258' title='bbox 987 2298 995 2305; x_wconf 91' lang='lat'>‚</span> <span class='ocrx_word' id='word_1_259' title='bbox 1014 2297 1021 2303; x_wconf 93' lang='lat'><strong>.</strong></span> <span class='ocrx_word' id='word_1_260' title='bbox 1040 2295 1738 2305; x_wconf 82' lang='lat'><strong>...........................</strong></span> <span class='ocrx_word' id='word_1_261' title='bbox 1776 2272 1848 2311; x_wconf 71' lang='lat'><strong>453</strong></span> 
     </span>
     <span class='ocr_line' id='line_1_89' title="bbox 699 2324 1848 2366; baseline -0.001 -8"><span class='ocrx_word' id='word_1_262' title='bbox 699 2327 752 2359; x_wconf 83' lang='lat' dir='ltr'><strong>De</strong></span> <span class='ocrx_word' id='word_1_263' title='bbox 777 2325 933 2360; x_wconf 78' lang='lat' dir='ltr'>Caerellia</span> <span class='ocrx_word' id='word_1_264' title='bbox 958 2348 1738 2358; x_wconf 86' lang='lat'><strong>..............................</strong></span> <span class='ocrx_word' id='word_1_265' title='bbox 1777 2324 1848 2366; x_wconf 82' lang='lat'><strong>453</strong></span> 
     </span>
     <span class='ocr_line' id='line_1_90' title="bbox 699 2378 1848 2418; baseline -0.003 -6"><span class='ocrx_word' id='word_1_266' title='bbox 699 2380 751 2412; x_wconf 80' lang='lat' dir='ltr'><strong>De</strong></span> <span class='ocrx_word' id='word_1_267' title='bbox 773 2379 885 2413; x_wconf 78' lang='lat' dir='ltr'>hortis</span> <span class='ocrx_word' id='word_1_268' title='bbox 907 2380 993 2413; x_wconf 86' lang='lat' dir='ltr'>Julii</span> <span class='ocrx_word' id='word_1_269' title='bbox 1018 2381 1188 2414; x_wconf 81' lang='lat' dir='ltr'>Martialis</span> <span class='ocrx_word' id='word_1_270' title='bbox 1200 2401 1737 2411; x_wconf 84' lang='grc'>.....................</span> <span class='ocrx_word' id='word_1_271' title='bbox 1778 2378 1848 2418; x_wconf 79' lang='grc'>455</span> 
     </span>
     <span class='ocr_line' id='line_1_91' title="bbox 698 2432 1848 2474; baseline -0.002 -8"><span class='ocrx_word' id='word_1_272' title='bbox 698 2433 750 2466; x_wconf 89' lang='lat' dir='ltr'><strong>De</strong></span> <span class='ocrx_word' id='word_1_273' title='bbox 769 2432 914 2466; x_wconf 75' lang='lat' dir='ltr'>Philaeni</span> <span class='ocrx_word' id='word_1_274' title='bbox 934 2455 1737 2464; x_wconf 83' lang='lat'><strong>..............................</strong></span> <span class='ocrx_word' id='word_1_275' title='bbox 1780 2432 1848 2474; x_wconf 78' lang='lat'><strong>459</strong></span> 
     </span>
     <span class='ocr_line' id='line_1_92' title="bbox 699 2485 1851 2523; baseline -0.002 -6"><span class='ocrx_word' id='word_1_276' title='bbox 699 2485 754 2518; x_wconf 87' lang='lat' dir='ltr'><strong>Ad</strong></span> <span class='ocrx_word' id='word_1_277' title='bbox 780 2487 909 2519; x_wconf 85' lang='lat' dir='ltr'>Linum</span> <span class='ocrx_word' id='word_1_278' title='bbox 939 2508 1741 2518; x_wconf 70' lang='lat'><strong>...............................</strong></span> <span class='ocrx_word' id='word_1_279' title='bbox 1784 2489 1851 2523; x_wconf 79' lang='grc'><strong>460</strong></span> 
     </span>
     <span class='ocr_line' id='line_1_93' title="bbox 700 2537 1847 2596; baseline -0.002 -26"><span class='ocrx_word' id='word_1_280' title='bbox 700 2539 741 2570; x_wconf 87' lang='lat' dir='ltr'><strong>Iu</strong></span> <span class='ocrx_word' id='word_1_281' title='bbox 769 2549 940 2584; x_wconf 68' lang='lat' dir='ltr'>praetoren</span> <span class='ocrx_word' id='word_1_282' title='bbox 946 2554 1575 2571; x_wconf 54' lang='lat'><strong>........................</strong></span> <span class='ocrx_word' id='word_1_283' title='bbox 1731 2561 1736 2566; x_wconf 88' lang='lat'><strong>.</strong></span> <span class='ocrx_word' id='word_1_284' title='bbox 1788 2537 1847 2596; x_wconf 55' lang='lat' dir='ltr'><strong>{ff}</strong></span> 
     </span>
     <span class='ocr_line' id='line_1_94' title="bbox 700 2591 1847 2632; baseline -0.002 -9"><span class='ocrx_word' id='word_1_285' title='bbox 700 2591 968 2625; x_wconf 59' lang='lat' dir='ltr'><strong>AtlSextum..</strong></span> <span class='ocrx_word' id='word_1_286' title='bbox 1780 2599 1847 2632; x_wconf 63' lang='lat'><strong>433)</strong></span> 
     </span>
     <span class='ocr_line' id='line_1_95' title="bbox 700 2644 1847 2690; baseline -0.003 -14"><span class='ocrx_word' id='word_1_287' title='bbox 700 2644 752 2676; x_wconf 68' lang='lat' dir='ltr'><strong>Ad</strong></span> <span class='ocrx_word' id='word_1_288' title='bbox 780 2646 996 2690; x_wconf 58' lang='lat' dir='ltr'>Pamphilum</span> <span class='ocrx_word' id='word_1_289' title='bbox 1036 2670 1040 2675; x_wconf 96' lang='lat'><strong>.</strong></span> <span class='ocrx_word' id='word_1_290' title='bbox 1063 2669 1067 2675; x_wconf 95' lang='lat'><strong>.</strong></span> <span class='ocrx_word' id='word_1_291' title='bbox 1089 2670 1094 2676; x_wconf 86' lang='lat'><strong>.</strong></span> <span class='ocrx_word' id='word_1_292' title='bbox 1116 2672 1118 2674; x_wconf 97' lang='lat'><strong>.</strong></span> <span class='ocrx_word' id='word_1_293' title='bbox 1142 2672 1146 2675; x_wconf 94' lang='lat'><strong>.</strong></span> <span class='ocrx_word' id='word_1_294' title='bbox 1167 2672 1172 2676; x_wconf 90' lang='lat'><strong>.</strong></span> <span class='ocrx_word' id='word_1_295' title='bbox 1301 2669 1682 2675; x_wconf 22' lang='grc'><strong>...............</strong></span> <span class='ocrx_word' id='word_1_296' title='bbox 1776 2646 1847 2681; x_wconf 57' lang='lat'><strong>4¹60</strong></span> 
     </span>
    </p>
   </div>
  </div>
 </body>
</html>
