2061 3288
430 217 1012 264 EPIGRAMMATUM
1051 217 1174 259 LIB.
1215 216 1279 258 ΙΙ.

353 310 545 352 Invitum
566 306 720 367 jubeas
747 305 893 349 subire
916 303 1111 348 Ladani?

353 381 500 440 Turpe
524 387 589 421 cst
609 375 808 420 difficiles
831 375 993 419 habere
1016 390 1155 435 nugas
1170 409 1182 428 ,

353 452 410 494 Et
424 448 590 493 >stultus
611 447 735 491 labor
760 456 824 491 est
845 446 1122 507 ineptiarum.

353 520 525 565 Scribat
549 519 744 563 carmina
772 516 943 562 circulis
967 515 1186 561 Palaemon
1209 532 1217 558 :

353 592 428 635 Me
453 591 561 634 raris
584 590 710 650 juvat
732 588 910 633 auribus
932 585 1119 649 placere.

144 739 238 766 nutae
264 730 332 764 illae
357 729 553 764 carminum
579 728 731 775 ineptiae.
752 728 820 762 En.

200 786 234 819 8.
256 783 390 817 Ladam.
416 783 547 816 Cursor
572 781 640 815 fuit
668 781 823 815 celeber·

144 837 253 871 rimus
270 862 280 878 ,
302 838 401 882 cujus
422 836 644 869 velocitatem
673 834 824 868 celebrat

145 890 331 924 Pausanias
365 889 403 922 in
437 889 600 923 Corinth.
635 896 670 921 et
698 886 822 922 Arcad.

145 945 255 990 epigr.
286 947 306 984 4
320 967 330 983 ,
351 942 496 976 Anthol.
517 942 643 975 Juven.
665 949 727 974 sat.
758 939 820 983 13,

144 1010 178 1030 v.
202 1009 272 1042 97;
293 996 417 1030 Cicero
432 1020 442 1037 ,
464 995 524 1028 lib.
551 999 590 1035 4,
613 993 656 1027 ad
685 994 823 1027 Heren-

144 1049 243 1083 nium
260 1062 270 1092 ;
290 1049 437 1089 Noster,
459 1048 520 1081 lib.
549 1049 603 1089 X,
626 1046 739 1093 epigr.
763 1059 794 1080 c.

203 1115 261 1136 11.
292 1102 404 1135 Scriba
430 1104 569 1133 carmina
594 1101 695 1134 Junt.
728 1112 822 1133 anno

150 1168 164 1189 1
175 1156 192 1189 5
203 1167 217 1188 1
228 1169 261 1189 2.
276 1175 326 1180 —
344 1155 490 1188 Cir-culis.
501 1155 578 1188 Hoc
590 1162 658 1195 est,
672 1153 825 1199 plebeio-

144 1221 225 1242 rum
250 1208 435 1241 hominum
458 1208 577 1241 otiosae
596 1219 753 1248 coronae,
774 1206 824 1239 le-

145 1269 282 1307 gentem
302 1260 460 1306 undique
480 1261 635 1306 cingenti
648 1285 658 1301 ‚
678 1268 717 1292 ut
735 1258 825 1293 dixit

144 1315 207 1348 lib.
234 1316 275 1353 I,
305 1315 416 1360 epigr.
445 1326 534 1347 XLII.
567 1335 618 1340 —
646 1313 823 1346 Palaemon.

145 1367 250 1401 Forte
268 1367 313 1408 Q.
334 1367 529 1400 Rhemnius
549 1366 726 1399 Palaemon
739 1392 747 1408 ‚
763 1365 825 1411 qui

145 1429 305 1465 poemata
330 1420 478 1454 faciebat
510 1432 552 1454 ex
583 1428 761 1465 tempore,
792 1425 827 1451 et

882 725 1022 772 scripsit
1037 725 1142 760 variis
1160 732 1195 758 et
1209 723 1412 770 vulgaribus
1431 724 1563 758 metris.

882 779 1201 814 Grammaticorum
1212 778 1482 823 superbissimus
1491 804 1500 819 ‚
1508 791 1566 812 cu-

881 834 938 879 jus
952 848 965 860 «
980 832 1180 878 arrogantia
1200 832 1267 865 fuit
1286 839 1380 864 tanta
1392 858 1400 874 ,
1420 840 1459 864 ut
1474 832 1571 864 Mar-

884 899 966 920 cum
980 887 1180 920 Varronem
1193 897 1344 931 porcum
1360 885 1567 931 appellaret,

882 951 1003 974 secum
1023 947 1057 972 et
1076 947 1174 973 natas
1193 947 1227 972 et
1245 939 1432 972 morituras
1449 938 1567 971 literas

880 995 1028 1038 jactaret
1042 1009 1054 1022 n
1064 1019 1071 1026 .
1086 992 1292 1033 Suetonius,
1311 990 1355 1025 de
1370 991 1566 1025 illustribus

883 1045 1128 1079 Grammaticis
1144 1072 1152 1086 ‚
1183 1058 1257 1091 cap.
1289 1044 1356 1087 233
1385 1045 1442 1078 vel
1473 1044 1565 1078 forte

885 1099 972 1133 alius
992 1099 1059 1132 fuit
1076 1099 1135 1132 hic
1156 1098 1342 1132 Palaemon.

941 1165 1000 1186 12.
1026 1153 1135 1185 Raris.
1163 1152 1239 1184 Hoc
1258 1160 1309 1184 est
1324 1177 1333 1193 ‚
1363 1151 1484 1196 paucis
1504 1149 1566 1184 sed

884 1204 1009 1239 doctis.
1028 1205 1194 1238 Horatius
1214 1206 1231 1237 I
1245 1231 1254 1246 ,
1275 1204 1386 1238 Serm.
1406 1212 1466 1237 sat.
1486 1204 1565 1236 ulti-

884 1271 940 1292 ma
951 1285 960 1300 ,
975 1271 1025 1291 vs.
1046 1258 1090 1303 73
1111 1270 1119 1291 :
1136 1275 1149 1288 «
1170 1270 1284 1303 neque
1295 1284 1303 1299 ,
1318 1266 1351 1290 te
1365 1265 1404 1290 ut
1418 1257 1567 1290 miretur

886 1312 989 1345 turba
1007 1336 1018 1352 ,
1038 1311 1175 1344 labores
1193 1337 1202 1355 ,
1222 1312 1422 1345 Contentus
1444 1310 1564 1355 paucis

885 1365 1087 1398 lectoribus.
1104 1382 1118 1394 n
1136 1365 1181 1398 Et
1191 1377 1289 1405 mox,
1300 1377 1350 1397 vs.
1366 1366 1411 1409 76
1426 1376 1434 1396 :
1454 1381 1466 1393 κ
1477 1364 1564 1397 Nam

887 1418 967 1451 satis
987 1425 1037 1451 est
1054 1417 1219 1463 Equitem
1239 1417 1327 1451 mihi
1347 1415 1528 1462 plaudere.
1547 1434 1559 1446 υ

640 1555 1055 1648 LXXXVII.

668 1713 726 1742 IN
775 1691 1051 1742 SEXTUMf

216 1840 354 1883 Dicis
384 1853 532 1882 amore
562 1837 626 1880 tui
651 1835 785 1881 bellas
816 1836 968 1880 ardere
997 1834 1188 1897 puellas,

287 1910 377 1967 Qui
402 1908 556 1953 faciem
580 1907 660 1952 sub
685 1923 820 1968 aqua,
839 1909 990 1963 Sexte,
1011 1907 1202 1951 natantis
1222 1906 1368 1950 habes.

199 2043 215 2059 *
235 2049 274 2082 In
289 2048 441 2082 Phoebum
458 2048 586 2081 lemma
606 2055 657 2081 est
678 2047 715 2080 in
736 2059 824 2080 non-

147 2101 252 2135 nullis
270 2101 373 2135 codd.
389 2109 423 2135 et
441 2100 520 2135 edd.
539 2109 621 2135 vett.
638 2109 673 2134 et
691 2100 739 2134 sic
755 2101 823 2146 legi

145 2155 247 2200 jussit
264 2154 439 2189 Schrevel.

205 2222 238 2241 2.
258 2205 494 2241 Reverlandus
508 2207 593 2252 legit
613 2218 620 2239 :
640 2206 696 2240 sub
717 2219 799 2252 aqua
812 2233 820 2246 ‚

149 2261 264 2293 Plurbe
283 2287 290 2300 ‚
323 2263 473 2300 niteam,
509 2272 589 2292 cum
617 2259 682 2293 hac
714 2267 823 2292 nota:

153 2331 167 2343 α
186 2314 259 2347 Niti
281 2312 367 2359 quid
384 2313 427 2346 sit
442 2339 452 2355 ,
477 2321 605 2346 notum
629 2324 673 2345 ex
697 2312 824 2345 Sueto-

149 2366 230 2407 nio,
261 2367 321 2412 qui
353 2365 607 2412 Vespasianum
645 2364 734 2398 dixit
762 2365 825 2399 ha-

148 2420 264 2453 huisse
277 2420 413 2453 vultum
429 2419 585 2452 nitentis.
603 2435 616 2447 ι»
634 2418 826 2451 Infeliciter

149 2473 206 2506 hic
227 2473 369 2518 conjicit
394 2470 654 2512 Beverlanclus3
677 2483 757 2503 nam
777 2473 826 2503 1ιὶ-

151 2529 241 2558 tentis
266 2534 417 2559 metrum
447 2538 518 2558 non
548 2525 702 2570 patitur,
724 2532 826 2569 atque

150 2590 188 2611 ea
214 2579 408 2612 mutatione
434 2578 525 2624 perit
553 2577 754 2620 antithesis,
773 2590 826 2609 ar-

883 2046 955 2079 dere
969 2046 1110 2091 puellas,
1131 2053 1165 2079 et
1178 2045 1294 2092 ipsum
1306 2071 1315 2087 ,
1331 2046 1388 2079 sub
1404 2059 1486 2092 aqua
1504 2060 1562 2079 ηα-

885 2101 992 2133 tantis.
1036 2121 1087 2125 --—
1130 2099 1197 2144 Qui
1226 2100 1356 2142 faciem.
1393 2099 1563 2134 Pallidam

884 2165 1014 2198 nempe
1028 2179 1037 2194 ,
1061 2160 1094 2185 et
1110 2151 1284 2198 turgidam
1299 2179 1308 2194 ,
1328 2165 1369 2185 ex
1390 2165 1431 2186 eo
1447 2152 1545 2198 quod
1556 2179 1565 2195 ‚

883 2215 923 2239 ut
946 2206 1064 2247 aiunt,
1092 2206 1156 2239 sub
1177 2218 1264 2251 aqua
1285 2215 1468 2251 augescant
1489 2219 1564 2239 om-

885 2260 953 2292 nia.
977 2257 1086 2292 Ludit
1112 2259 1241 2300 Poeta,
1269 2259 1385 2304 inquit
1407 2260 1564 2293 Ramire-

885 2313 954 2346 sius
966 2339 975 2353 ,
989 2313 1025 2344 in
1036 2312 1094 2344 illa
1108 2311 1271 2345 antithesi
1284 2339 1292 2353 ‚
1307 2312 1416 2344 ardere
1425 2314 1561 2358 puellas,

886 2374 919 2398 et
956 2365 1079 2398 faciem
1119 2366 1269 2398 natantis
1302 2365 1432 2399 habere
1455 2392 1464 2408 ‚
1507 2367 1563 2399 vix

887 2418 981 2451 enim
1000 2416 1173 2463 ejusmodi
1194 2418 1314 2451 vultus
1336 2417 1490 2453 flammas
1508 2432 1564 2452 ac-

888 2470 1024 2504 cendat.
1052 2470 1087 2503 Si
1110 2471 1178 2503 hoc
1201 2471 1413 2517 epigramma
1442 2472 1564 2506 inscri-

886 2524 1000 2557 bimus
1031 2523 1075 2556 ad
1108 2524 1304 2565 Phoebum,
1334 2533 1384 2558 est
1415 2525 1562 2558 alterum

887 2576 929 2610 ad
941 2575 1105 2610 eumdem
1115 2602 1125 2618 ‚
1141 2577 1203 2611 lib.
1217 2578 1288 2618 III,
1300 2578 1408 2623 epigr.
1424 2591 1561 2613 Lxxxix.
