<?xml version="1.0" encoding="UTF-8"?>
<!DOCTYPE html PUBLIC "-//W3C//DTD XHTML 1.0 Transitional//EN"
    "http://www.w3.org/TR/xhtml1/DTD/xhtml1-transitional.dtd">
<html xmlns="http://www.w3.org/1999/xhtml" xml:lang="en" lang="en">
 <head>
  <title>
</title>
<meta http-equiv="Content-Type" content="text/html;charset=utf-8" />
  <meta name='ocr-system' content='tesseract 3.04.00' />
  <meta name='ocr-capabilities' content='ocr_page ocr_carea ocr_par ocr_line ocrx_word'/>
</head>
<body>
  <div class='ocr_page' id='page_1' title='image "./epigrammata01martuoft_0455.png"; bbox 0 0 2061 3288; ppageno 0'>
   <div class='ocr_carea' id='block_1_1' title="bbox 445 202 1314 246">
    <p class='ocr_par' dir='ltr' id='par_1_1' title="bbox 445 202 1314 246">
     <span class='ocr_line' id='line_1_1' title="bbox 445 202 1314 246; baseline 0 -2"><span class='ocrx_word' id='word_1_1' title='bbox 445 202 947 246; x_wconf 87' lang='lat' dir='ltr'>EPIGRAMMATU</span> <span class='ocrx_word' id='word_1_2' title='bbox 963 203 1011 245; x_wconf 89' lang='lat' dir='ltr'><strong>M</strong></span> <span class='ocrx_word' id='word_1_3' title='bbox 1051 203 1173 245; x_wconf 83' lang='lat' dir='ltr'>LIB.</span> <span class='ocrx_word' id='word_1_4' title='bbox 1216 203 1314 245; x_wconf 88' lang='lat' dir='ltr'>III.</span> 
     </span>
    </p>
   </div>
   <div class='ocr_carea' id='block_1_2' title="bbox 1489 202 1587 262">
    <p class='ocr_par' dir='ltr' id='par_1_2' title="bbox 1489 202 1587 262">
     <span class='ocr_line' id='line_1_2' title="bbox 1489 202 1587 262; baseline 0.01 -17"><span class='ocrx_word' id='word_1_5' title='bbox 1489 202 1587 262; x_wconf 84' lang='lat'>289</span> 
     </span>
    </p>
   </div>
   <div class='ocr_carea' id='block_1_3' title="bbox 759 360 995 416">
    <p class='ocr_par' dir='ltr' id='par_1_3' title="bbox 759 360 995 416">
     <span class='ocr_line' id='line_1_3' title="bbox 759 360 995 416; baseline -0.013 0"><span class='ocrx_word' id='word_1_6' title='bbox 759 360 995 416; x_wconf 81' lang='lat' dir='ltr'>XXVI.</span> 
     </span>
    </p>
   </div>
   <div class='ocr_carea' id='block_1_4' title="bbox 648 494 1109 542">
    <p class='ocr_par' dir='ltr' id='par_1_4' title="bbox 648 494 1109 542">
     <span class='ocr_line' id='line_1_4' title="bbox 648 494 1109 542; baseline -0.002 0"><span class='ocrx_word' id='word_1_7' title='bbox 648 514 698 541; x_wconf 69' lang='lat' dir='ltr'>:N</span> <span class='ocrx_word' id='word_1_8' title='bbox 749 513 1069 542; x_wconf 73' lang='lat' dir='ltr'><strong>CANfflDUM.</strong></span> <span class='ocrx_word' id='word_1_9' title='bbox 1093 494 1109 507; x_wconf 60' lang='lat'>⁴</span> 
     </span>
    </p>
   </div>
   <div class='ocr_carea' id='block_1_5' title="bbox 241 637 1488 912">
    <p class='ocr_par' dir='ltr' id='par_1_5' title="bbox 241 637 1488 912">
     <span class='ocr_line' id='line_1_5' title="bbox 241 637 1488 694; baseline -0.002 -9"><span class='ocrx_word' id='word_1_10' title='bbox 241 641 431 685; x_wconf 73' lang='lat' dir='ltr'>PRAEDIA</span> <span class='ocrx_word' id='word_1_11' title='bbox 455 638 571 683; x_wconf 88' lang='lat' dir='ltr'>solus</span> <span class='ocrx_word' id='word_1_12' title='bbox 593 639 752 694; x_wconf 81' lang='lat' dir='ltr'>habes,</span> <span class='ocrx_word' id='word_1_13' title='bbox 773 649 816 683; x_wconf 88' lang='lat' dir='ltr'>et</span> <span class='ocrx_word' id='word_1_14' title='bbox 837 638 976 693; x_wconf 83' lang='lat' dir='ltr'>solus,</span> <span class='ocrx_word' id='word_1_15' title='bbox 1006 637 1226 691; x_wconf 80' lang='lat' dir='ltr'>Candide,</span> <span class='ocrx_word' id='word_1_16' title='bbox 1250 654 1453 682; x_wconf 85' lang='lat' dir='ltr'>nummos</span> <span class='ocrx_word' id='word_1_17' title='bbox 1477 673 1488 693; x_wconf 87' lang='lat'>,</span> 
     </span>
     <span class='ocr_line' id='line_1_6' title="bbox 307 707 1360 770; baseline -0.002 -17"><span class='ocrx_word' id='word_1_18' title='bbox 307 712 453 753; x_wconf 87' lang='lat' dir='ltr'>Aurea</span> <span class='ocrx_word' id='word_1_19' title='bbox 478 708 594 753; x_wconf 86' lang='lat' dir='ltr'>solus</span> <span class='ocrx_word' id='word_1_20' title='bbox 620 709 776 763; x_wconf 71' lang='lat' dir='ltr'>habes,</span> <span class='ocrx_word' id='word_1_21' title='bbox 798 709 1022 770; x_wconf 86' lang='lat' dir='ltr'>myrrhina</span> <span class='ocrx_word' id='word_1_22' title='bbox 1049 707 1166 752; x_wconf 84' lang='lat' dir='ltr'>solus</span> <span class='ocrx_word' id='word_1_23' title='bbox 1191 707 1325 752; x_wconf 81' lang='lat' dir='ltr'>habes</span> <span class='ocrx_word' id='word_1_24' title='bbox 1348 726 1360 765; x_wconf 88' lang='lat'>;</span> 
     </span>
     <span class='ocr_line' id='line_1_7' title="bbox 241 778 1390 841; baseline -0.002 -17"><span class='ocrx_word' id='word_1_25' title='bbox 241 781 429 825; x_wconf 87' lang='lat' dir='ltr'>Massica</span> <span class='ocrx_word' id='word_1_26' title='bbox 454 779 569 824; x_wconf 86' lang='lat' dir='ltr'>solus</span> <span class='ocrx_word' id='word_1_27' title='bbox 595 780 729 824; x_wconf 85' lang='lat' dir='ltr'>habes</span> <span class='ocrx_word' id='word_1_28' title='bbox 744 815 755 835; x_wconf 89' lang='lat'>‚</span> <span class='ocrx_word' id='word_1_29' title='bbox 779 789 823 824; x_wconf 87' lang='lat' dir='ltr'>et</span> <span class='ocrx_word' id='word_1_30' title='bbox 852 781 1001 841; x_wconf 85' lang='lat' dir='ltr'>Opimi</span> <span class='ocrx_word' id='word_1_31' title='bbox 1025 779 1213 824; x_wconf 83' lang='lat' dir='ltr'>Caecuba</span> <span class='ocrx_word' id='word_1_32' title='bbox 1240 778 1357 823; x_wconf 86' lang='lat' dir='ltr'>solus</span> <span class='ocrx_word' id='word_1_33' title='bbox 1379 797 1390 835; x_wconf 89' lang='lat'>;</span> 
     </span>
     <span class='ocr_line' id='line_1_8' title="bbox 308 850 1268 912; baseline -0.002 -18"><span class='ocrx_word' id='word_1_34' title='bbox 308 852 366 895; x_wconf 84' lang='lat' dir='ltr'>Et</span> <span class='ocrx_word' id='word_1_35' title='bbox 395 867 472 895; x_wconf 91' lang='lat' dir='ltr'>cor</span> <span class='ocrx_word' id='word_1_36' title='bbox 498 850 613 894; x_wconf 86' lang='lat' dir='ltr'>solus</span> <span class='ocrx_word' id='word_1_37' title='bbox 643 851 796 906; x_wconf 87' lang='lat' dir='ltr'>habes,</span> <span class='ocrx_word' id='word_1_38' title='bbox 821 850 938 895; x_wconf 89' lang='lat' dir='ltr'>solus</span> <span class='ocrx_word' id='word_1_39' title='bbox 966 859 1010 894; x_wconf 85' lang='lat' dir='ltr'>et</span> <span class='ocrx_word' id='word_1_40' title='bbox 1032 851 1268 912; x_wconf 80' lang='lat' dir='ltr'>ingenium.</span> 
     </span>
    </p>
   </div>
   <div class='ocr_carea' id='block_1_6' title="bbox 159 991 844 2680">
    <p class='ocr_par' dir='ltr' id='par_1_6' title="bbox 162 991 844 1407">
     <span class='ocr_line' id='line_1_9' title="bbox 219 991 844 1031; baseline -0.003 -1"><span class='ocrx_word' id='word_1_41' title='bbox 219 991 232 1006; x_wconf 68' lang='grc'><em>“</em></span> <span class='ocrx_word' id='word_1_42' title='bbox 245 993 442 1031; x_wconf 85' lang='lat' dir='ltr'>Candidum</span> <span class='ocrx_word' id='word_1_43' title='bbox 464 995 626 1029; x_wconf 87' lang='lat' dir='ltr'>eumdem</span> <span class='ocrx_word' id='word_1_44' title='bbox 647 1008 791 1028; x_wconf 83' lang='lat' dir='ltr'>avarum</span> <span class='ocrx_word' id='word_1_45' title='bbox 810 1004 844 1029; x_wconf 90' lang='lat' dir='ltr'>et</span> 
     </span>
     <span class='ocr_line' id='line_1_10' title="bbox 167 1048 843 1095; baseline 0.001 -14"><span class='ocrx_word' id='word_1_46' title='bbox 167 1048 218 1081; x_wconf 88' lang='lat' dir='ltr'>sui</span> <span class='ocrx_word' id='word_1_47' title='bbox 254 1048 358 1082; x_wconf 88' lang='lat' dir='ltr'>unius</span> <span class='ocrx_word' id='word_1_48' title='bbox 393 1057 566 1082; x_wconf 79' lang='lat' dir='ltr'>amantem</span> <span class='ocrx_word' id='word_1_49' title='bbox 582 1073 592 1089; x_wconf 90' lang='lat'>‚</span> <span class='ocrx_word' id='word_1_50' title='bbox 630 1061 734 1094; x_wconf 90' lang='lat' dir='ltr'>quem</span> <span class='ocrx_word' id='word_1_51' title='bbox 771 1050 843 1095; x_wconf 79' lang='lat' dir='ltr'>jam</span> 
     </span>
     <span class='ocr_line' id='line_1_11' title="bbox 167 1098 841 1147; baseline 0 -13"><span class='ocrx_word' id='word_1_52' title='bbox 167 1098 254 1141; x_wconf 85' lang='lat' dir='ltr'>(lib.</span> <span class='ocrx_word' id='word_1_53' title='bbox 290 1103 326 1134; x_wconf 93' lang='lat' dir='ltr'>II</span> <span class='ocrx_word' id='word_1_54' title='bbox 341 1126 352 1142; x_wconf 88' lang='lat'>‚</span> <span class='ocrx_word' id='word_1_55' title='bbox 384 1102 492 1147; x_wconf 86' lang='lat' dir='ltr'>epigr.</span> <span class='ocrx_word' id='word_1_56' title='bbox 522 1114 604 1134; x_wconf 79' lang='lat' dir='ltr'>xxiv</span> <span class='ocrx_word' id='word_1_57' title='bbox 635 1110 668 1135; x_wconf 90' lang='lat' dir='ltr'>et</span> <span class='ocrx_word' id='word_1_58' title='bbox 699 1114 790 1134; x_wconf 78' lang='lat' dir='ltr'>xL111</span> <span class='ocrx_word' id='word_1_59' title='bbox 808 1100 841 1142; x_wconf 89' lang='lat'>),</span> 
     </span>
     <span class='ocr_line' id='line_1_12' title="bbox 164 1153 839 1200; baseline 0 -13"><span class='ocrx_word' id='word_1_60' title='bbox 164 1155 360 1200; x_wconf 80' lang='lat' dir='ltr'>suggillavit</span> <span class='ocrx_word' id='word_1_61' title='bbox 372 1181 381 1196; x_wconf 93' lang='lat'>,</span> <span class='ocrx_word' id='word_1_62' title='bbox 400 1153 493 1200; x_wconf 90' lang='lat' dir='ltr'>quod</span> <span class='ocrx_word' id='word_1_63' title='bbox 511 1168 589 1187; x_wconf 88' lang='lat' dir='ltr'>suas</span> <span class='ocrx_word' id='word_1_64' title='bbox 607 1155 671 1187; x_wconf 90' lang='lat' dir='ltr'>sibi</span> <span class='ocrx_word' id='word_1_65' title='bbox 686 1167 839 1188; x_wconf 85' lang='lat' dir='ltr'>reserva-</span> 
     </span>
     <span class='ocr_line' id='line_1_13' title="bbox 163 1207 839 1247; baseline 0 -7"><span class='ocrx_word' id='word_1_66' title='bbox 163 1216 217 1241; x_wconf 87' lang='lat' dir='ltr'>ret</span> <span class='ocrx_word' id='word_1_67' title='bbox 239 1207 399 1247; x_wconf 80' lang='lat' dir='ltr'>delicias,</span> <span class='ocrx_word' id='word_1_68' title='bbox 419 1220 482 1240; x_wconf 91' lang='lat' dir='ltr'>nec</span> <span class='ocrx_word' id='word_1_69' title='bbox 507 1208 625 1240; x_wconf 84' lang='lat' dir='ltr'>amicis</span> <span class='ocrx_word' id='word_1_70' title='bbox 644 1208 839 1240; x_wconf 88' lang='lat' dir='ltr'>communi-</span> 
     </span>
     <span class='ocr_line' id='line_1_14' title="bbox 164 1259 839 1304; baseline -0.001 -11"><span class='ocrx_word' id='word_1_71' title='bbox 164 1269 276 1301; x_wconf 84' lang='lat' dir='ltr'>caret,</span> <span class='ocrx_word' id='word_1_72' title='bbox 296 1272 392 1293; x_wconf 90' lang='lat' dir='ltr'>nunc</span> <span class='ocrx_word' id='word_1_73' title='bbox 420 1259 556 1293; x_wconf 80' lang='lat' dir='ltr'>deridet</span> <span class='ocrx_word' id='word_1_74' title='bbox 578 1262 724 1298; x_wconf 62' lang='lat' dir='ltr'>Noster,</span> <span class='ocrx_word' id='word_1_75' title='bbox 744 1260 839 1304; x_wconf 88' lang='lat' dir='ltr'>quod</span> 
     </span>
     <span class='ocr_line' id='line_1_15' title="bbox 164 1312 839 1346; baseline 0 0"><span class='ocrx_word' id='word_1_76' title='bbox 164 1325 268 1346; x_wconf 86' lang='lat' dir='ltr'>unam</span> <span class='ocrx_word' id='word_1_77' title='bbox 289 1321 423 1346; x_wconf 85' lang='lat' dir='ltr'>tantum</span> <span class='ocrx_word' id='word_1_78' title='bbox 443 1325 515 1345; x_wconf 86' lang='lat' dir='ltr'>rem</span> <span class='ocrx_word' id='word_1_79' title='bbox 538 1312 663 1345; x_wconf 86' lang='lat' dir='ltr'>habeat</span> <span class='ocrx_word' id='word_1_80' title='bbox 681 1325 839 1346; x_wconf 87' lang='lat' dir='ltr'>cominu-</span> 
     </span>
     <span class='ocr_line' id='line_1_16' title="bbox 162 1366 684 1407; baseline -0.002 -9"><span class='ocrx_word' id='word_1_81' title='bbox 162 1378 243 1398; x_wconf 89' lang='lat' dir='ltr'>nem</span> <span class='ocrx_word' id='word_1_82' title='bbox 258 1392 267 1407; x_wconf 92' lang='lat'><strong><em>,</em></strong></span> <span class='ocrx_word' id='word_1_83' title='bbox 289 1366 419 1399; x_wconf 89' lang='lat' dir='ltr'>scilicet</span> <span class='ocrx_word' id='word_1_84' title='bbox 439 1378 598 1398; x_wconf 87' lang='lat' dir='ltr'>uxorem.</span> <span class='ocrx_word' id='word_1_85' title='bbox 618 1366 684 1398; x_wconf 73' lang='grc' dir='ltr'>ΕΒ.</span> 
     </span>
    </p>

    <p class='ocr_par' dir='ltr' id='par_1_7' title="bbox 162 1415 839 1622">
     <span class='ocr_line' id='line_1_17' title="bbox 221 1415 839 1452; baseline -0.003 0"><span class='ocrx_word' id='word_1_86' title='bbox 221 1431 251 1452; x_wconf 84' lang='grc'>1.</span> <span class='ocrx_word' id='word_1_87' title='bbox 269 1418 360 1452; x_wconf 80' lang='lat' dir='ltr'>Solus</span> <span class='ocrx_word' id='word_1_88' title='bbox 378 1418 481 1451; x_wconf 75' lang='lat' dir='ltr'>habes.</span> <span class='ocrx_word' id='word_1_89' title='bbox 503 1415 633 1451; x_wconf 79' lang='lat' dir='ltr'>Sensus</span> <span class='ocrx_word' id='word_1_90' title='bbox 655 1425 705 1451; x_wconf 88' lang='lat' dir='ltr'>est</span> <span class='ocrx_word' id='word_1_91' title='bbox 725 1430 733 1451; x_wconf 79' lang='lat' dir='ltr'><em>z</em></span> <span class='ocrx_word' id='word_1_92' title='bbox 755 1417 839 1450; x_wconf 86' lang='lat' dir='ltr'>Tibi</span> 
     </span>
     <span class='ocr_line' id='line_1_18' title="bbox 162 1471 838 1516; baseline -0.003 -11"><span class='ocrx_word' id='word_1_93' title='bbox 162 1472 227 1505; x_wconf 81' lang='lat' dir='ltr'>soli</span> <span class='ocrx_word' id='word_1_94' title='bbox 243 1472 347 1505; x_wconf 85' lang='lat' dir='ltr'>habes</span> <span class='ocrx_word' id='word_1_95' title='bbox 361 1498 370 1513; x_wconf 86' lang='lat'>,</span> <span class='ocrx_word' id='word_1_96' title='bbox 385 1472 466 1504; x_wconf 87' lang='lat' dir='ltr'>licet</span> <span class='ocrx_word' id='word_1_97' title='bbox 483 1472 551 1504; x_wconf 86' lang='lat' dir='ltr'>hoc</span> <span class='ocrx_word' id='word_1_98' title='bbox 565 1471 838 1516; x_wconf 68' lang='lat' dir='ltr'>Pythagoricum</span> 
     </span>
     <span class='ocr_line' id='line_1_19' title="bbox 162 1524 836 1570; baseline -0.001 -13"><span class='ocrx_word' id='word_1_99' title='bbox 162 1537 298 1570; x_wconf 87' lang='lat' dir='ltr'>semper</span> <span class='ocrx_word' id='word_1_100' title='bbox 318 1525 444 1557; x_wconf 86' lang='lat' dir='ltr'>habeas</span> <span class='ocrx_word' id='word_1_101' title='bbox 461 1524 497 1557; x_wconf 89' lang='lat' dir='ltr'>in</span> <span class='ocrx_word' id='word_1_102' title='bbox 517 1536 578 1557; x_wconf 88' lang='lat' dir='ltr'>ore</span> <span class='ocrx_word' id='word_1_103' title='bbox 598 1532 836 1569; x_wconf 70' lang='lat' dir='ltr'>praeceptum:</span> 
     </span>
     <span class='ocr_line' id='line_1_20' title="bbox 162 1577 470 1622; baseline 0 -12"><span class='ocrx_word' id='word_1_104' title='bbox 162 1577 252 1610; x_wconf 76' lang='grc' dir='ltr'>κοινὰ</span> <span class='ocrx_word' id='word_1_105' title='bbox 274 1578 380 1622; x_wconf 76' lang='grc' dir='ltr'>φίλων.</span> <span class='ocrx_word' id='word_1_106' title='bbox 402 1578 470 1611; x_wconf 89' lang='lat' dir='ltr'>ED.</span> 
     </span>
    </p>

    <p class='ocr_par' dir='ltr' id='par_1_8' title="bbox 159 1629 838 2517">
     <span class='ocr_line' id='line_1_21' title="bbox 219 1629 836 1675; baseline -0.002 -12"><span class='ocrx_word' id='word_1_107' title='bbox 219 1643 254 1664; x_wconf 81' lang='lat'>2.</span> <span class='ocrx_word' id='word_1_108' title='bbox 275 1631 385 1663; x_wconf 83' lang='lat' dir='ltr'>Aurea</span> <span class='ocrx_word' id='word_1_109' title='bbox 398 1657 407 1670; x_wconf 89' lang='lat'><em>,</em></span> <span class='ocrx_word' id='word_1_110' title='bbox 437 1631 606 1675; x_wconf 64' lang='lat' dir='ltr'>trefrrln&#39;na.</span> <span class='ocrx_word' id='word_1_111' title='bbox 626 1631 741 1671; x_wconf 74' lang='lat' dir='ltr'>Vasa3</span> <span class='ocrx_word' id='word_1_112' title='bbox 764 1629 836 1663; x_wconf 86' lang='lat' dir='ltr'>vid.</span> 
     </span>
     <span class='ocr_line' id='line_1_22' title="bbox 161 1683 838 1728; baseline -0.001 -13"><span class='ocrx_word' id='word_1_113' title='bbox 161 1683 261 1724; x_wconf 82' lang='lat' dir='ltr'>XIV,</span> <span class='ocrx_word' id='word_1_114' title='bbox 277 1683 504 1728; x_wconf 77' lang='lat' dir='ltr'>epigr.cn11.</span> <span class='ocrx_word' id='word_1_115' title='bbox 523 1684 578 1716; x_wconf 89' lang='lat' dir='ltr'>Sic</span> <span class='ocrx_word' id='word_1_116' title='bbox 598 1684 670 1716; x_wconf 78' lang='lat' dir='ltr'>fere</span> <span class='ocrx_word' id='word_1_117' title='bbox 684 1683 838 1727; x_wconf 67' lang='lat' dir='ltr'>myrrhi-</span> 
     </span>
     <span class='ocr_line' id='line_1_23' title="bbox 161 1734 838 1777; baseline 0 -9"><span class='ocrx_word' id='word_1_118' title='bbox 161 1748 205 1768; x_wconf 86' lang='lat' dir='ltr'>na</span> <span class='ocrx_word' id='word_1_119' title='bbox 222 1734 387 1769; x_wconf 82' lang='lat' dir='ltr'>describit</span> <span class='ocrx_word' id='word_1_120' title='bbox 400 1736 532 1768; x_wconf 82' lang='lat' dir='ltr'>Plinius</span> <span class='ocrx_word' id='word_1_121' title='bbox 547 1762 557 1775; x_wconf 81' lang='grc'>,</span> <span class='ocrx_word' id='word_1_122' title='bbox 575 1737 636 1769; x_wconf 92' lang='lat' dir='ltr'>lib.</span> <span class='ocrx_word' id='word_1_123' title='bbox 650 1736 838 1777; x_wconf 65' lang='lat' dir='ltr'>XXXYII,</span> 
     </span>
     <span class='ocr_line' id='line_1_24' title="bbox 161 1788 837 1834; baseline -0.001 -13"><span class='ocrx_word' id='word_1_124' title='bbox 161 1800 235 1833; x_wconf 86' lang='lat' dir='ltr'>cap.</span> <span class='ocrx_word' id='word_1_125' title='bbox 254 1802 270 1821; x_wconf 86' lang='lat'><strong>2</strong></span> <span class='ocrx_word' id='word_1_126' title='bbox 287 1801 318 1820; x_wconf 74' lang='lat'>2«</span> <span class='ocrx_word' id='word_1_127' title='bbox 331 1788 456 1821; x_wconf 83' lang='lat' dir='ltr'>Oriens</span> <span class='ocrx_word' id='word_1_128' title='bbox 472 1815 480 1830; x_wconf 87' lang='lat'>‚</span> <span class='ocrx_word' id='word_1_129' title='bbox 498 1789 636 1834; x_wconf 81' lang='lat' dir='ltr'>inquit,</span> <span class='ocrx_word' id='word_1_130' title='bbox 655 1789 837 1833; x_wconf 55' lang='lat' dir='ltr'>myri-hina</span> 
     </span>
     <span class='ocr_line' id='line_1_25' title="bbox 160 1841 836 1875; baseline -0.001 -1"><span class='ocrx_word' id='word_1_131' title='bbox 160 1841 269 1874; x_wconf 85' lang='lat' dir='ltr'>mittit</span> <span class='ocrx_word' id='word_1_132' title='bbox 291 1853 332 1874; x_wconf 76' lang='lat' dir='ltr'>ex</span> <span class='ocrx_word' id='word_1_133' title='bbox 354 1841 502 1874; x_wconf 86' lang='lat' dir='ltr'>humore</span> <span class='ocrx_word' id='word_1_134' title='bbox 521 1842 584 1874; x_wconf 86' lang='lat' dir='ltr'>sub</span> <span class='ocrx_word' id='word_1_135' title='bbox 608 1850 699 1875; x_wconf 84' lang='lat' dir='ltr'>terra</span> <span class='ocrx_word' id='word_1_136' title='bbox 722 1842 836 1874; x_wconf 85' lang='lat' dir='ltr'>calore</span> 
     </span>
     <span class='ocr_line' id='line_1_26' title="bbox 161 1893 835 1940; baseline 0 -14"><span class='ocrx_word' id='word_1_137' title='bbox 161 1893 314 1928; x_wconf 80' lang='lat' dir='ltr'>densata.</span> <span class='ocrx_word' id='word_1_138' title='bbox 335 1894 376 1927; x_wconf 92' lang='lat' dir='ltr'>In</span> <span class='ocrx_word' id='word_1_139' title='bbox 393 1895 507 1940; x_wconf 87' lang='lat' dir='ltr'>pretio</span> <span class='ocrx_word' id='word_1_140' title='bbox 523 1903 602 1928; x_wconf 88' lang='lat' dir='ltr'>sunt</span> <span class='ocrx_word' id='word_1_141' title='bbox 622 1896 667 1927; x_wconf 88' lang='lat' dir='ltr'>ob</span> <span class='ocrx_word' id='word_1_142' title='bbox 682 1895 835 1927; x_wconf 86' lang='lat' dir='ltr'>nitorem</span> 
     </span>
     <span class='ocr_line' id='line_1_27' title="bbox 161 1947 835 1993; baseline 0 -13"><span class='ocrx_word' id='word_1_143' title='bbox 161 1955 195 1980; x_wconf 91' lang='lat' dir='ltr'>et</span> <span class='ocrx_word' id='word_1_144' title='bbox 225 1947 351 1980; x_wconf 87' lang='lat' dir='ltr'>coloris</span> <span class='ocrx_word' id='word_1_145' title='bbox 383 1948 584 1980; x_wconf 79' lang='lat' dir='ltr'>varietatem</span> <span class='ocrx_word' id='word_1_146' title='bbox 605 1974 613 1989; x_wconf 94' lang='lat'>‚</span> <span class='ocrx_word' id='word_1_147' title='bbox 642 1948 811 1993; x_wconf 83' lang='lat' dir='ltr'>purpurei</span> <span class='ocrx_word' id='word_1_148' title='bbox 826 1973 835 1987; x_wconf 87' lang='lat'>‚</span> 
     </span>
     <span class='ocr_line' id='line_1_28' title="bbox 161 1998 835 2046; baseline 0 -14"><span class='ocrx_word' id='word_1_149' title='bbox 161 1998 325 2041; x_wconf 86' lang='lat' dir='ltr'>candidi,</span> <span class='ocrx_word' id='word_1_150' title='bbox 349 2008 382 2033; x_wconf 86' lang='lat' dir='ltr'>et</span> <span class='ocrx_word' id='word_1_151' title='bbox 407 2001 502 2033; x_wconf 89' lang='lat' dir='ltr'>tertii</span> <span class='ocrx_word' id='word_1_152' title='bbox 524 2001 740 2046; x_wconf 85' lang='lat' dir='ltr'>ignescentis.</span> <span class='ocrx_word' id='word_1_153' title='bbox 762 2000 835 2033; x_wconf 80' lang='lat' dir='ltr'>Ali-</span> 
     </span>
     <span class='ocr_line' id='line_1_29' title="bbox 161 2052 836 2098; baseline 0 -12"><span class='ocrx_word' id='word_1_154' title='bbox 161 2065 231 2098; x_wconf 85' lang='lat' dir='ltr'>qua</span> <span class='ocrx_word' id='word_1_155' title='bbox 256 2061 290 2086; x_wconf 90' lang='lat' dir='ltr'>et</span> <span class='ocrx_word' id='word_1_156' title='bbox 308 2053 345 2085; x_wconf 89' lang='lat' dir='ltr'>in</span> <span class='ocrx_word' id='word_1_157' title='bbox 364 2052 471 2086; x_wconf 91' lang='lat' dir='ltr'>odore</span> <span class='ocrx_word' id='word_1_158' title='bbox 486 2053 743 2087; x_wconf 85' lang='lat' dir='ltr'>commendatio</span> <span class='ocrx_word' id='word_1_159' title='bbox 762 2061 836 2095; x_wconf 88' lang='lat' dir='ltr'>est,</span> 
     </span>
     <span class='ocr_line' id='line_1_30' title="bbox 160 2105 834 2152; baseline 0.001 -14"><span class='ocrx_word' id='word_1_160' title='bbox 160 2113 224 2138; x_wconf 87' lang='lat' dir='ltr'>etc.</span> <span class='ocrx_word' id='word_1_161' title='bbox 247 2121 261 2135; x_wconf 62' lang='grc' dir='ltr'>υ</span> <span class='ocrx_word' id='word_1_162' title='bbox 283 2106 356 2138; x_wconf 90' lang='lat' dir='ltr'>Jos.</span> <span class='ocrx_word' id='word_1_163' title='bbox 383 2106 504 2152; x_wconf 82' lang='lat' dir='ltr'>Scalig.</span> <span class='ocrx_word' id='word_1_164' title='bbox 523 2105 565 2139; x_wconf 88' lang='lat' dir='ltr'>ad</span> <span class='ocrx_word' id='word_1_165' title='bbox 583 2119 723 2140; x_wconf 82' lang='lat' dir='ltr'>versum</span> <span class='ocrx_word' id='word_1_166' title='bbox 735 2106 834 2139; x_wconf 87' lang='lat' dir='ltr'>illum</span> 
     </span>
     <span class='ocr_line' id='line_1_31' title="bbox 162 2158 833 2205; baseline 0.001 -14"><span class='ocrx_word' id='word_1_167' title='bbox 162 2158 340 2203; x_wconf 87' lang='lat' dir='ltr'>Propertii</span> <span class='ocrx_word' id='word_1_168' title='bbox 366 2159 427 2192; x_wconf 88' lang='lat' dir='ltr'>lib.</span> <span class='ocrx_word' id='word_1_169' title='bbox 449 2160 514 2200; x_wconf 72' lang='lat' dir='ltr'>IV,</span> <span class='ocrx_word' id='word_1_170' title='bbox 535 2177 548 2189; x_wconf 71' lang='grc' dir='ltr'><strong>α</strong></span> <span class='ocrx_word' id='word_1_171' title='bbox 565 2160 776 2205; x_wconf 82' lang='lat' dir='ltr'>Murreaque</span> <span class='ocrx_word' id='word_1_172' title='bbox 795 2160 833 2192; x_wconf 90' lang='lat' dir='ltr'>in</span> 
     </span>
     <span class='ocr_line' id='line_1_32' title="bbox 160 2211 835 2256; baseline 0.003 -13"><span class='ocrx_word' id='word_1_173' title='bbox 160 2211 298 2244; x_wconf 71' lang='lat' dir='ltr'>Parthis</span> <span class='ocrx_word' id='word_1_174' title='bbox 310 2212 436 2256; x_wconf 83' lang='lat' dir='ltr'>pocula</span> <span class='ocrx_word' id='word_1_175' title='bbox 451 2220 547 2245; x_wconf 84' lang='lat' dir='ltr'>cocta</span> <span class='ocrx_word' id='word_1_176' title='bbox 566 2213 651 2246; x_wconf 86' lang='lat' dir='ltr'>focis</span> <span class='ocrx_word' id='word_1_177' title='bbox 664 2230 676 2243; x_wconf 73' lang='lat' dir='ltr'>n</span> <span class='ocrx_word' id='word_1_178' title='bbox 690 2239 698 2253; x_wconf 87' lang='lat'><strong><em>,</em></strong></span> <span class='ocrx_word' id='word_1_179' title='bbox 711 2212 835 2246; x_wconf 83' lang='lat' dir='ltr'>adver-</span> 
     </span>
     <span class='ocr_line' id='line_1_33' title="bbox 160 2264 836 2310; baseline 0.003 -14"><span class='ocrx_word' id='word_1_180' title='bbox 160 2272 255 2297; x_wconf 82' lang='lat' dir='ltr'>satur</span> <span class='ocrx_word' id='word_1_181' title='bbox 276 2264 390 2296; x_wconf 88' lang='lat' dir='ltr'>Plinio</span> <span class='ocrx_word' id='word_1_182' title='bbox 405 2290 415 2305; x_wconf 85' lang='lat'>,</span> <span class='ocrx_word' id='word_1_183' title='bbox 439 2265 627 2310; x_wconf 82' lang='lat' dir='ltr'>asseritque</span> <span class='ocrx_word' id='word_1_184' title='bbox 654 2267 836 2299; x_wconf 80' lang='lat' dir='ltr'>murrhina</span> 
     </span>
     <span class='ocr_line' id='line_1_34' title="bbox 159 2316 836 2364; baseline 0.003 -14"><span class='ocrx_word' id='word_1_185' title='bbox 159 2317 285 2362; x_wconf 83' lang='lat' dir='ltr'>pocula</span> <span class='ocrx_word' id='word_1_186' title='bbox 301 2329 341 2349; x_wconf 81' lang='lat' dir='ltr'>ex</span> <span class='ocrx_word' id='word_1_187' title='bbox 357 2316 499 2361; x_wconf 83' lang='lat' dir='ltr'>Signino</span> <span class='ocrx_word' id='word_1_188' title='bbox 518 2327 616 2351; x_wconf 83' lang='lat' dir='ltr'>cocto</span> <span class='ocrx_word' id='word_1_189' title='bbox 630 2318 723 2364; x_wconf 82' lang='lat' dir='ltr'>apud</span> <span class='ocrx_word' id='word_1_190' title='bbox 740 2319 836 2352; x_wconf 89' lang='lat' dir='ltr'>Sinas</span> 
     </span>
     <span class='ocr_line' id='line_1_35' title="bbox 160 2370 838 2416; baseline 0.001 -14"><span class='ocrx_word' id='word_1_191' title='bbox 160 2370 248 2403; x_wconf 78' lang='lat' dir='ltr'>facta</span> <span class='ocrx_word' id='word_1_192' title='bbox 280 2382 352 2403; x_wconf 86' lang='lat' dir='ltr'>esse</span> <span class='ocrx_word' id='word_1_193' title='bbox 368 2396 377 2410; x_wconf 88' lang='lat'>‚</span> <span class='ocrx_word' id='word_1_194' title='bbox 409 2383 487 2415; x_wconf 83' lang='lat' dir='ltr'>quae</span> <span class='ocrx_word' id='word_1_195' title='bbox 514 2371 633 2416; x_wconf 83' lang='lat' dir='ltr'>gallice</span> <span class='ocrx_word' id='word_1_196' title='bbox 659 2373 838 2416; x_wconf 70' lang='lat' dir='ltr'>porcelaine</span> 
     </span>
     <span class='ocr_line' id='line_1_36' title="bbox 160 2421 838 2466; baseline 0.004 -12"><span class='ocrx_word' id='word_1_197' title='bbox 160 2431 317 2456; x_wconf 76' lang='lat' dir='ltr'>vocatur.</span> <span class='ocrx_word' id='word_1_198' title='bbox 339 2421 432 2455; x_wconf 68' lang='lat' dir='ltr'>Vide</span> <span class='ocrx_word' id='word_1_199' title='bbox 451 2423 673 2457; x_wconf 87' lang='lat' dir='ltr'>Pancirolum</span> <span class='ocrx_word' id='word_1_200' title='bbox 688 2449 697 2466; x_wconf 90' lang='lat'>,</span> <span class='ocrx_word' id='word_1_201' title='bbox 716 2433 750 2457; x_wconf 81' lang='lat' dir='ltr'>et</span> <span class='ocrx_word' id='word_1_202' title='bbox 763 2451 771 2464; x_wconf 90' lang='lat'><em>‚</em></span> <span class='ocrx_word' id='word_1_203' title='bbox 795 2423 838 2457; x_wconf 87' lang='lat' dir='ltr'>ad</span> 
     </span>
     <span class='ocr_line' id='line_1_37' title="bbox 163 2475 471 2517; baseline 0 -8"><span class='ocrx_word' id='word_1_204' title='bbox 163 2488 244 2509; x_wconf 87' lang='lat' dir='ltr'>eum</span> <span class='ocrx_word' id='word_1_205' title='bbox 261 2500 271 2517; x_wconf 92' lang='lat'>‚</span> <span class='ocrx_word' id='word_1_206' title='bbox 297 2475 471 2509; x_wconf 87' lang='lat' dir='ltr'>Salmuth.</span> 
     </span>
    </p>

    <p class='ocr_par' dir='ltr' id='par_1_9' title="bbox 167 2528 844 2680">
     <span class='ocr_line' id='line_1_38' title="bbox 221 2528 840 2562; baseline 0.002 -1"><span class='ocrx_word' id='word_1_207' title='bbox 221 2528 256 2561; x_wconf 85' lang='grc'>3.</span> <span class='ocrx_word' id='word_1_208' title='bbox 291 2528 442 2562; x_wconf 72' lang='lat' dir='ltr'>Massica.</span> <span class='ocrx_word' id='word_1_209' title='bbox 476 2529 643 2562; x_wconf 76' lang='lat' dir='ltr'>Massicus</span> <span class='ocrx_word' id='word_1_210' title='bbox 673 2542 772 2562; x_wconf 79' lang='lat' dir='ltr'>mons</span> <span class='ocrx_word' id='word_1_211' title='bbox 805 2530 840 2562; x_wconf 89' lang='lat' dir='ltr'>in</span> 
     </span>
     <span class='ocr_line' id='line_1_39' title="bbox 168 2581 842 2627; baseline 0.003 -13"><span class='ocrx_word' id='word_1_212' title='bbox 168 2581 360 2626; x_wconf 76' lang='lat' dir='ltr'>Campania</span> <span class='ocrx_word' id='word_1_213' title='bbox 377 2581 441 2614; x_wconf 88' lang='lat' dir='ltr'>fuit</span> <span class='ocrx_word' id='word_1_214' title='bbox 455 2608 462 2621; x_wconf 87' lang='lat'>,</span> <span class='ocrx_word' id='word_1_215' title='bbox 475 2582 546 2614; x_wconf 78' lang='lat' dir='ltr'>vini</span> <span class='ocrx_word' id='word_1_216' title='bbox 563 2583 720 2627; x_wconf 86' lang='lat' dir='ltr'>generosi</span> <span class='ocrx_word' id='word_1_217' title='bbox 736 2586 842 2616; x_wconf 81' lang='lat' dir='ltr'>ferax.</span> 
     </span>
     <span class='ocr_line' id='line_1_40' title="bbox 167 2634 844 2680; baseline 0.004 -14"><span class='ocrx_word' id='word_1_218' title='bbox 167 2634 271 2667; x_wconf 79' lang='lat' dir='ltr'>Nunc</span> <span class='ocrx_word' id='word_1_219' title='bbox 285 2643 335 2667; x_wconf 85' lang='lat' dir='ltr'>est</span> <span class='ocrx_word' id='word_1_220' title='bbox 350 2634 385 2668; x_wconf 89' lang='lat' dir='ltr'>in</span> <span class='ocrx_word' id='word_1_221' title='bbox 405 2647 441 2667; x_wconf 87' lang='lat' dir='ltr'>ea</span> <span class='ocrx_word' id='word_1_222' title='bbox 458 2643 555 2679; x_wconf 85' lang='lat' dir='ltr'>parte</span> <span class='ocrx_word' id='word_1_223' title='bbox 571 2635 678 2668; x_wconf 67' lang='lat' dir='ltr'>Italiae</span> <span class='ocrx_word' id='word_1_224' title='bbox 695 2648 771 2680; x_wconf 77' lang='lat' dir='ltr'>qnae</span> <span class='ocrx_word' id='word_1_225' title='bbox 787 2649 844 2669; x_wconf 82' lang='lat' dir='ltr'>vo-</span> 
     </span>
    </p>
   </div>
   <div class='ocr_carea' id='block_1_7' title="bbox 258 2708 293 2748">
    <p class='ocr_par' dir='ltr' id='par_1_10' title="bbox 258 2708 293 2748">
     <span class='ocr_line' id='line_1_41' title="bbox 258 2708 293 2748; baseline -0.029 0"><span class='ocrx_word' id='word_1_226' title='bbox 258 2708 293 2748; x_wconf 82' lang='lat' dir='ltr'>J.</span> 
     </span>
    </p>
   </div>
   <div class='ocr_carea' id='block_1_8' title="bbox 892 993 1616 2681">
    <p class='ocr_par' dir='ltr' id='par_1_11' title="bbox 892 993 1616 2087">
     <span class='ocr_line' id='line_1_42' title="bbox 904 993 1581 1038; baseline -0.003 -10"><span class='ocrx_word' id='word_1_227' title='bbox 904 1003 1005 1028; x_wconf 84' lang='lat' dir='ltr'>catur</span> <span class='ocrx_word' id='word_1_228' title='bbox 1019 995 1129 1028; x_wconf 90' lang='lat' dir='ltr'>Terra</span> <span class='ocrx_word' id='word_1_229' title='bbox 1139 994 1286 1027; x_wconf 79' lang='lat' dir='ltr'>Laboris</span> <span class='ocrx_word' id='word_1_230' title='bbox 1305 994 1343 1026; x_wconf 88' lang='lat' dir='ltr'>in</span> <span class='ocrx_word' id='word_1_231' title='bbox 1365 1005 1475 1038; x_wconf 84' lang='lat' dir='ltr'>regno</span> <span class='ocrx_word' id='word_1_232' title='bbox 1492 993 1581 1026; x_wconf 80' lang='lat' dir='ltr'>Nea-</span> 
     </span>
     <span class='ocr_line' id='line_1_43' title="bbox 903 1046 1582 1094; baseline -0.004 -13"><span class='ocrx_word' id='word_1_233' title='bbox 903 1049 1072 1094; x_wconf 87' lang='lat' dir='ltr'>politano,</span> <span class='ocrx_word' id='word_1_234' title='bbox 1089 1048 1200 1080; x_wconf 38' lang='lat' dir='ltr'>*Monte</span> <span class='ocrx_word' id='word_1_235' title='bbox 1218 1047 1359 1080; x_wconf 54' lang='lat' dir='ltr'>illm-sico</span> <span class='ocrx_word' id='word_1_236' title='bbox 1379 1046 1582 1092; x_wconf 87' lang='lat' dir='ltr'>appellatus,</span> 
     </span>
     <span class='ocr_line' id='line_1_44' title="bbox 901 1098 1579 1135; baseline -0.004 0"><span class='ocrx_word' id='word_1_237' title='bbox 901 1102 993 1135; x_wconf 87' lang='lat' dir='ltr'>inter</span> <span class='ocrx_word' id='word_1_238' title='bbox 1015 1101 1213 1134; x_wconf 74' lang='lat' dir='ltr'>Minturnas</span> <span class='ocrx_word' id='word_1_239' title='bbox 1231 1107 1263 1133; x_wconf 86' lang='lat' dir='ltr'>et</span> <span class='ocrx_word' id='word_1_240' title='bbox 1281 1100 1462 1133; x_wconf 85' lang='lat' dir='ltr'>Calenum.</span> <span class='ocrx_word' id='word_1_241' title='bbox 1484 1098 1579 1132; x_wconf 81' lang='lat' dir='ltr'>Vide</span> 
     </span>
     <span class='ocr_line' id='line_1_45' title="bbox 901 1152 1576 1198; baseline -0.004 -11"><span class='ocrx_word' id='word_1_242' title='bbox 901 1154 961 1187; x_wconf 88' lang='lat' dir='ltr'>lib.</span> <span class='ocrx_word' id='word_1_243' title='bbox 993 1154 1082 1187; x_wconf 82' lang='lat' dir='ltr'>XIII</span> <span class='ocrx_word' id='word_1_244' title='bbox 1100 1178 1109 1193; x_wconf 67' lang='grc'>,</span> <span class='ocrx_word' id='word_1_245' title='bbox 1142 1153 1250 1198; x_wconf 86' lang='lat' dir='ltr'>epigr.</span> <span class='ocrx_word' id='word_1_246' title='bbox 1280 1165 1340 1186; x_wconf 85' lang='lat'>111.</span> <span class='ocrx_word' id='word_1_247' title='bbox 1374 1173 1424 1179; x_wconf 53' lang='grc'>»-</span> <span class='ocrx_word' id='word_1_248' title='bbox 1457 1152 1576 1197; x_wconf 72' lang='lat' dir='ltr'>Opimi.</span> 
     </span>
     <span class='ocr_line' id='line_1_46' title="bbox 899 1206 1576 1252; baseline -0.003 -12"><span class='ocrx_word' id='word_1_249' title='bbox 899 1207 1008 1241; x_wconf 88' lang='lat' dir='ltr'>Lucio</span> <span class='ocrx_word' id='word_1_250' title='bbox 1041 1207 1184 1252; x_wconf 90' lang='lat' dir='ltr'>Opimio</span> <span class='ocrx_word' id='word_1_251' title='bbox 1212 1207 1354 1239; x_wconf 82' lang='lat' dir='ltr'>consule</span> <span class='ocrx_word' id='word_1_252' title='bbox 1372 1231 1382 1247; x_wconf 90' lang='lat'>‚</span> <span class='ocrx_word' id='word_1_253' title='bbox 1414 1218 1506 1238; x_wconf 87' lang='lat' dir='ltr'>anno</span> <span class='ocrx_word' id='word_1_254' title='bbox 1533 1206 1576 1238; x_wconf 89' lang='lat' dir='ltr'>ab</span> 
     </span>
     <span class='ocr_line' id='line_1_47' title="bbox 899 1258 1576 1301; baseline -0.001 -9"><span class='ocrx_word' id='word_1_255' title='bbox 899 1261 997 1293; x_wconf 84' lang='lat' dir='ltr'>Urbe</span> <span class='ocrx_word' id='word_1_256' title='bbox 1011 1258 1153 1292; x_wconf 80' lang='lat' dir='ltr'>condita</span> <span class='ocrx_word' id='word_1_257' title='bbox 1172 1259 1243 1292; x_wconf 77' lang='lat'>(333</span> <span class='ocrx_word' id='word_1_258' title='bbox 1260 1285 1268 1299; x_wconf 83' lang='lat'>‚</span> <span class='ocrx_word' id='word_1_259' title='bbox 1287 1267 1364 1291; x_wconf 87' lang='lat' dir='ltr'>ante</span> <span class='ocrx_word' id='word_1_260' title='bbox 1380 1259 1412 1291; x_wconf 89' lang='lat' dir='ltr'>J.</span> <span class='ocrx_word' id='word_1_261' title='bbox 1430 1259 1470 1291; x_wconf 88' lang='lat' dir='ltr'>C.</span> <span class='ocrx_word' id='word_1_262' title='bbox 1492 1270 1504 1290; x_wconf 94' lang='lat'>1</span> <span class='ocrx_word' id='word_1_263' title='bbox 1518 1271 1576 1301; x_wconf 85' lang='lat'>19,</span> 
     </span>
     <span class='ocr_line' id='line_1_48' title="bbox 896 1311 1575 1357; baseline 0 -13"><span class='ocrx_word' id='word_1_264' title='bbox 896 1312 967 1345; x_wconf 64' lang='lat' dir='ltr'>vini</span> <span class='ocrx_word' id='word_1_265' title='bbox 984 1313 1109 1357; x_wconf 82' lang='lat' dir='ltr'>optimi</span> <span class='ocrx_word' id='word_1_266' title='bbox 1128 1312 1210 1344; x_wconf 78' lang='lat' dir='ltr'>felix</span> <span class='ocrx_word' id='word_1_267' title='bbox 1229 1319 1262 1343; x_wconf 86' lang='lat' dir='ltr'>et</span> <span class='ocrx_word' id='word_1_268' title='bbox 1281 1312 1401 1356; x_wconf 87' lang='lat' dir='ltr'>ingens</span> <span class='ocrx_word' id='word_1_269' title='bbox 1418 1311 1453 1343; x_wconf 84' lang='lat' dir='ltr'>in</span> <span class='ocrx_word' id='word_1_270' title='bbox 1474 1311 1575 1344; x_wconf 83' lang='lat' dir='ltr'>Italia</span> 
     </span>
     <span class='ocr_line' id='line_1_49' title="bbox 897 1363 1575 1410; baseline -0.001 -12"><span class='ocrx_word' id='word_1_271' title='bbox 897 1373 968 1398; x_wconf 83' lang='lat' dir='ltr'>tota</span> <span class='ocrx_word' id='word_1_272' title='bbox 985 1373 1176 1410; x_wconf 73' lang='lat' dir='ltr'>proventus</span> <span class='ocrx_word' id='word_1_273' title='bbox 1197 1364 1263 1396; x_wconf 75' lang='lat' dir='ltr'>fuit</span> <span class='ocrx_word' id='word_1_274' title='bbox 1278 1376 1287 1405; x_wconf 89' lang='lat'>;</span> <span class='ocrx_word' id='word_1_275' title='bbox 1304 1363 1397 1408; x_wconf 86' lang='lat' dir='ltr'>quod</span> <span class='ocrx_word' id='word_1_276' title='bbox 1416 1363 1450 1395; x_wconf 88' lang='lat' dir='ltr'>in</span> <span class='ocrx_word' id='word_1_277' title='bbox 1474 1371 1575 1397; x_wconf 85' lang='lat' dir='ltr'>testas</span> 
     </span>
     <span class='ocr_line' id='line_1_50' title="bbox 897 1416 1571 1462; baseline 0 -12"><span class='ocrx_word' id='word_1_278' title='bbox 897 1430 957 1450; x_wconf 85' lang='lat' dir='ltr'>seu</span> <span class='ocrx_word' id='word_1_279' title='bbox 979 1418 1165 1462; x_wconf 75' lang='lat' dir='ltr'>amphoras</span> <span class='ocrx_word' id='word_1_280' title='bbox 1185 1416 1352 1449; x_wconf 84' lang='lat' dir='ltr'>diffusum</span> <span class='ocrx_word' id='word_1_281' title='bbox 1369 1442 1378 1457; x_wconf 87' lang='lat'><em>,</em></span> <span class='ocrx_word' id='word_1_282' title='bbox 1402 1416 1437 1448; x_wconf 88' lang='lat' dir='ltr'>in</span> <span class='ocrx_word' id='word_1_283' title='bbox 1461 1429 1571 1450; x_wconf 84' lang='lat' dir='ltr'>annos</span> 
     </span>
     <span class='ocr_line' id='line_1_51' title="bbox 898 1469 1572 1504; baseline -0.001 -1"><span class='ocrx_word' id='word_1_284' title='bbox 898 1483 968 1503; x_wconf 82' lang='lat'>200</span> <span class='ocrx_word' id='word_1_285' title='bbox 988 1470 1138 1504; x_wconf 79' lang='lat' dir='ltr'>duravit.</span> <span class='ocrx_word' id='word_1_286' title='bbox 1151 1490 1195 1496; x_wconf 85' lang='lat'>-—</span> <span class='ocrx_word' id='word_1_287' title='bbox 1217 1470 1364 1503; x_wconf 67' lang='lat' dir='ltr'>Coecuba.</span> <span class='ocrx_word' id='word_1_288' title='bbox 1383 1469 1572 1503; x_wconf 83' lang='lat' dir='ltr'>Caecnbnrn</span> 
     </span>
     <span class='ocr_line' id='line_1_52' title="bbox 895 1523 1570 1567; baseline 0.001 -12"><span class='ocrx_word' id='word_1_289' title='bbox 895 1524 951 1556; x_wconf 86' lang='lat' dir='ltr'>vel</span> <span class='ocrx_word' id='word_1_290' title='bbox 975 1524 1165 1562; x_wconf 86' lang='lat' dir='ltr'>Caecubus,</span> <span class='ocrx_word' id='word_1_291' title='bbox 1185 1536 1288 1555; x_wconf 83' lang='lat' dir='ltr'>mons</span> <span class='ocrx_word' id='word_1_292' title='bbox 1307 1531 1340 1556; x_wconf 89' lang='lat' dir='ltr'>et</span> <span class='ocrx_word' id='word_1_293' title='bbox 1356 1535 1436 1567; x_wconf 85' lang='lat' dir='ltr'>ager</span> <span class='ocrx_word' id='word_1_294' title='bbox 1459 1530 1509 1555; x_wconf 81' lang='lat' dir='ltr'>est</span> <span class='ocrx_word' id='word_1_295' title='bbox 1533 1523 1570 1556; x_wconf 89' lang='lat' dir='ltr'>in</span> 
     </span>
     <span class='ocr_line' id='line_1_53' title="bbox 895 1572 1616 1621; baseline -0.001 -11"><span class='ocrx_word' id='word_1_296' title='bbox 895 1577 1016 1616; x_wconf 78' lang='lat' dir='ltr'>Latio,</span> <span class='ocrx_word' id='word_1_297' title='bbox 1038 1577 1113 1610; x_wconf 79' lang='lat' dir='ltr'>vini</span> <span class='ocrx_word' id='word_1_298' title='bbox 1135 1577 1261 1621; x_wconf 84' lang='lat' dir='ltr'>optimi</span> <span class='ocrx_word' id='word_1_299' title='bbox 1286 1576 1431 1616; x_wconf 80' lang='lat' dir='ltr'>fertilis,</span> <span class='ocrx_word' id='word_1_300' title='bbox 1459 1588 1570 1621; x_wconf 87' lang='lat' dir='ltr'>prope</span> <span class='ocrx_word' id='word_1_301' title='bbox 1603 1572 1616 1587; x_wconf 68' lang='lat'>⁸</span> 
     </span>
     <span class='ocr_line' id='line_1_54' title="bbox 896 1627 1568 1674; baseline -0.003 -12"><span class='ocrx_word' id='word_1_302' title='bbox 896 1629 1040 1663; x_wconf 87' lang='lat' dir='ltr'>Fundos</span> <span class='ocrx_word' id='word_1_303' title='bbox 1054 1639 1088 1663; x_wconf 83' lang='lat' dir='ltr'>et</span> <span class='ocrx_word' id='word_1_304' title='bbox 1098 1630 1259 1674; x_wconf 63' lang='lat' dir='ltr'>Amyclas</span> <span class='ocrx_word' id='word_1_305' title='bbox 1272 1631 1385 1669; x_wconf 87' lang='lat' dir='ltr'>nrbes,</span> <span class='ocrx_word' id='word_1_306' title='bbox 1397 1627 1441 1661; x_wconf 83' lang='lat' dir='ltr'>ad</span> <span class='ocrx_word' id='word_1_307' title='bbox 1452 1629 1568 1661; x_wconf 82' lang='lat' dir='ltr'>sinum</span> 
     </span>
     <span class='ocr_line' id='line_1_55' title="bbox 897 1683 1568 1716; baseline -0.004 0"><span class='ocrx_word' id='word_1_308' title='bbox 897 1684 1110 1716; x_wconf 80' lang='lat' dir='ltr'>Caietanum.</span> <span class='ocrx_word' id='word_1_309' title='bbox 1129 1683 1234 1716; x_wconf 78' lang='lat' dir='ltr'>Mons</span> <span class='ocrx_word' id='word_1_310' title='bbox 1248 1683 1306 1715; x_wconf 87' lang='lat' dir='ltr'>ille</span> <span class='ocrx_word' id='word_1_311' title='bbox 1317 1694 1412 1714; x_wconf 88' lang='lat' dir='ltr'>nunc</span> <span class='ocrx_word' id='word_1_312' title='bbox 1426 1691 1568 1714; x_wconf 71' lang='lat' dir='ltr'>vocatur</span> 
     </span>
     <span class='ocr_line' id='line_1_56' title="bbox 896 1734 1565 1775; baseline -0.003 -7"><span class='ocrx_word' id='word_1_313' title='bbox 896 1737 1006 1768; x_wconf 71' lang='lat' dir='ltr'>Illonte</span> <span class='ocrx_word' id='word_1_314' title='bbox 1021 1737 1058 1769; x_wconf 60' lang='lat' dir='ltr'>di</span> <span class='ocrx_word' id='word_1_315' title='bbox 1082 1736 1200 1770; x_wconf 59' lang='grc' dir='ltr'>(Συρία.</span> <span class='ocrx_word' id='word_1_316' title='bbox 1217 1736 1405 1768; x_wconf 83' lang='lat' dir='ltr'>Caecubum</span> <span class='ocrx_word' id='word_1_317' title='bbox 1421 1734 1545 1767; x_wconf 84' lang='lat' dir='ltr'>vinum</span> <span class='ocrx_word' id='word_1_318' title='bbox 1556 1760 1565 1775; x_wconf 90' lang='lat'>‚</span> 
     </span>
     <span class='ocr_line' id='line_1_57' title="bbox 894 1786 1566 1834; baseline -0.001 -13"><span class='ocrx_word' id='word_1_319' title='bbox 894 1801 957 1834; x_wconf 91' lang='lat' dir='ltr'>per</span> <span class='ocrx_word' id='word_1_320' title='bbox 970 1801 1005 1822; x_wconf 92' lang='lat' dir='ltr'>se</span> <span class='ocrx_word' id='word_1_321' title='bbox 1019 1789 1130 1834; x_wconf 79' lang='lat' dir='ltr'>ipsum</span> <span class='ocrx_word' id='word_1_322' title='bbox 1146 1791 1215 1833; x_wconf 88' lang='lat' dir='ltr'>jam</span> <span class='ocrx_word' id='word_1_323' title='bbox 1237 1800 1461 1833; x_wconf 82' lang='lat' dir='ltr'>generosum,</span> <span class='ocrx_word' id='word_1_324' title='bbox 1484 1786 1566 1820; x_wconf 88' lang='lat' dir='ltr'>inde</span> 
     </span>
     <span class='ocr_line' id='line_1_58' title="bbox 894 1840 1567 1887; baseline -0.003 -13"><span class='ocrx_word' id='word_1_325' title='bbox 894 1842 1034 1886; x_wconf 83' lang='lat' dir='ltr'>majoris</span> <span class='ocrx_word' id='word_1_326' title='bbox 1044 1842 1148 1887; x_wconf 81' lang='lat' dir='ltr'>pretii</span> <span class='ocrx_word' id='word_1_327' title='bbox 1157 1849 1206 1874; x_wconf 80' lang='lat' dir='ltr'>est</span> <span class='ocrx_word' id='word_1_328' title='bbox 1219 1840 1312 1886; x_wconf 85' lang='lat' dir='ltr'>quod</span> <span class='ocrx_word' id='word_1_329' title='bbox 1327 1841 1470 1886; x_wconf 85' lang='lat' dir='ltr'>Opimio</span> <span class='ocrx_word' id='word_1_330' title='bbox 1483 1852 1567 1873; x_wconf 90' lang='lat' dir='ltr'>con-</span> 
     </span>
     <span class='ocr_line' id='line_1_59' title="bbox 893 1893 1569 1928; baseline -0.003 -1"><span class='ocrx_word' id='word_1_331' title='bbox 893 1895 969 1927; x_wconf 87' lang='lat' dir='ltr'>sule</span> <span class='ocrx_word' id='word_1_332' title='bbox 987 1895 1091 1928; x_wconf 79' lang='lat' dir='ltr'>fuerit</span> <span class='ocrx_word' id='word_1_333' title='bbox 1112 1894 1337 1927; x_wconf 82' lang='lat' dir='ltr'>recollectum</span> <span class='ocrx_word' id='word_1_334' title='bbox 1358 1905 1366 1927; x_wconf 89' lang='lat'>:</span> <span class='ocrx_word' id='word_1_335' title='bbox 1384 1893 1466 1925; x_wconf 84' lang='lat' dir='ltr'>hinc</span> <span class='ocrx_word' id='word_1_336' title='bbox 1491 1905 1569 1925; x_wconf 88' lang='lat' dir='ltr'>ava-</span> 
     </span>
     <span class='ocr_line' id='line_1_60' title="bbox 892 1945 1570 1992; baseline -0.003 -12"><span class='ocrx_word' id='word_1_337' title='bbox 892 1947 1008 1980; x_wconf 75' lang='lat' dir='ltr'>ritIam</span> <span class='ocrx_word' id='word_1_338' title='bbox 1048 1945 1199 1981; x_wconf 81' lang='lat' dir='ltr'>Candidi</span> <span class='ocrx_word' id='word_1_339' title='bbox 1240 1946 1377 1992; x_wconf 81' lang='lat' dir='ltr'>gravius</span> <span class='ocrx_word' id='word_1_340' title='bbox 1411 1946 1570 1990; x_wconf 81' lang='lat' dir='ltr'>increpat</span> 
     </span>
     <span class='ocr_line' id='line_1_61' title="bbox 893 1998 1568 2046; baseline -0.004 -13"><span class='ocrx_word' id='word_1_341' title='bbox 893 2001 1019 2033; x_wconf 88' lang='lat' dir='ltr'>Noster</span> <span class='ocrx_word' id='word_1_342' title='bbox 1047 2001 1105 2046; x_wconf 87' lang='lat' dir='ltr'>qui</span> <span class='ocrx_word' id='word_1_343' title='bbox 1140 2013 1274 2033; x_wconf 86' lang='lat' dir='ltr'>merum</span> <span class='ocrx_word' id='word_1_344' title='bbox 1306 2008 1376 2033; x_wconf 85' lang='lat' dir='ltr'>tam</span> <span class='ocrx_word' id='word_1_345' title='bbox 1401 1998 1568 2031; x_wconf 84' lang='lat' dir='ltr'>eximium</span> 
     </span>
     <span class='ocr_line' id='line_1_62' title="bbox 893 2053 1311 2087; baseline -0.005 -1"><span class='ocrx_word' id='word_1_346' title='bbox 893 2054 958 2087; x_wconf 84' lang='lat' dir='ltr'>sibi</span> <span class='ocrx_word' id='word_1_347' title='bbox 979 2054 1043 2087; x_wconf 88' lang='lat' dir='ltr'>soli</span> <span class='ocrx_word' id='word_1_348' title='bbox 1062 2060 1228 2086; x_wconf 70' lang='lat' dir='ltr'>reservat.</span> <span class='ocrx_word' id='word_1_349' title='bbox 1246 2053 1311 2085; x_wconf 72' lang='lat' dir='ltr'>Er).</span> 
     </span>
    </p>

    <p class='ocr_par' dir='ltr' id='par_1_12' title="bbox 893 2104 1578 2681">
     <span class='ocr_line' id='line_1_63' title="bbox 949 2104 1568 2149; baseline -0.005 -10"><span class='ocrx_word' id='word_1_350' title='bbox 949 2111 981 2146; x_wconf 66' lang='grc'>4.</span> <span class='ocrx_word' id='word_1_351' title='bbox 1013 2108 1061 2139; x_wconf 67' lang='lat' dir='ltr'>Ec</span> <span class='ocrx_word' id='word_1_352' title='bbox 1084 2120 1147 2139; x_wconf 71' lang='lat' dir='ltr'>cor.</span> <span class='ocrx_word' id='word_1_353' title='bbox 1169 2106 1269 2138; x_wconf 83' lang='lat' dir='ltr'>Solus</span> <span class='ocrx_word' id='word_1_354' title='bbox 1290 2105 1354 2138; x_wconf 81' lang='lat' dir='ltr'>tibi</span> <span class='ocrx_word' id='word_1_355' title='bbox 1376 2117 1495 2149; x_wconf 81' lang='lat' dir='ltr'>sapere</span> <span class='ocrx_word' id='word_1_356' title='bbox 1517 2104 1568 2136; x_wconf 87' lang='lat' dir='ltr'>vi-</span> 
     </span>
     <span class='ocr_line' id='line_1_64' title="bbox 893 2158 1568 2202; baseline -0.006 -10"><span class='ocrx_word' id='word_1_357' title='bbox 893 2159 1008 2200; x_wconf 78' lang='lat' dir='ltr'>deri53</span> <span class='ocrx_word' id='word_1_358' title='bbox 1026 2159 1156 2193; x_wconf 75' lang='lat' dir='ltr'>cordati</span> <span class='ocrx_word' id='word_1_359' title='bbox 1179 2158 1344 2192; x_wconf 84' lang='lat' dir='ltr'>dicuntur</span> <span class='ocrx_word' id='word_1_360' title='bbox 1358 2158 1417 2202; x_wconf 82' lang='lat' dir='ltr'>qui</span> <span class='ocrx_word' id='word_1_361' title='bbox 1431 2158 1568 2202; x_wconf 79' lang='lat' dir='ltr'>sapien-</span> 
     </span>
     <span class='ocr_line' id='line_1_65' title="bbox 894 2208 1566 2247; baseline -0.006 -1"><span class='ocrx_word' id='word_1_362' title='bbox 894 2213 976 2247; x_wconf 82' lang='lat' dir='ltr'>tiam</span> <span class='ocrx_word' id='word_1_363' title='bbox 989 2222 1046 2246; x_wconf 84' lang='lat' dir='ltr'>aut</span> <span class='ocrx_word' id='word_1_364' title='bbox 1063 2211 1304 2245; x_wconf 78' lang='lat' dir='ltr'>fortitudinem</span> <span class='ocrx_word' id='word_1_365' title='bbox 1322 2211 1463 2244; x_wconf 84' lang='lat' dir='ltr'>habent.</span> <span class='ocrx_word' id='word_1_366' title='bbox 1482 2208 1566 2242; x_wconf 84' lang='lat' dir='ltr'>Vid.</span> 
     </span>
     <span class='ocr_line' id='line_1_66' title="bbox 894 2260 1568 2311; baseline -0.004 -13"><span class='ocrx_word' id='word_1_367' title='bbox 894 2267 1002 2311; x_wconf 75' lang='lat' dir='ltr'>epigr.</span> <span class='ocrx_word' id='word_1_368' title='bbox 1023 2278 1122 2299; x_wconf 65' lang='lat' dir='ltr'>xxvu</span> <span class='ocrx_word' id='word_1_369' title='bbox 1143 2265 1226 2298; x_wconf 86' lang='lat' dir='ltr'>infr.</span> <span class='ocrx_word' id='word_1_370' title='bbox 1247 2278 1279 2298; x_wconf 81' lang='lat' dir='ltr'>v.</span> <span class='ocrx_word' id='word_1_371' title='bbox 1300 2269 1332 2304; x_wconf 72' lang='grc'>4.</span> <span class='ocrx_word' id='word_1_372' title='bbox 1353 2263 1408 2296; x_wconf 82' lang='lat' dir='ltr'>Sic</span> <span class='ocrx_word' id='word_1_373' title='bbox 1427 2271 1459 2295; x_wconf 87' lang='lat' dir='ltr'>et</span> <span class='ocrx_word' id='word_1_374' title='bbox 1473 2260 1568 2307; x_wconf 86' lang='lat' dir='ltr'>apud</span> 
     </span>
     <span class='ocr_line' id='line_1_67' title="bbox 893 2315 1569 2363; baseline -0.007 -11"><span class='ocrx_word' id='word_1_375' title='bbox 893 2319 1046 2352; x_wconf 80' lang='lat' dir='ltr'>Ennium</span> <span class='ocrx_word' id='word_1_376' title='bbox 1066 2332 1072 2352; x_wconf 89' lang='lat'>:</span> <span class='ocrx_word' id='word_1_377' title='bbox 1095 2337 1107 2347; x_wconf 75' lang='grc' dir='ltr'>«ι</span> <span class='ocrx_word' id='word_1_378' title='bbox 1124 2318 1272 2363; x_wconf 81' lang='lat' dir='ltr'>Egregie</span> <span class='ocrx_word' id='word_1_379' title='bbox 1287 2315 1447 2350; x_wconf 80' lang='lat' dir='ltr'>cordatus</span> <span class='ocrx_word' id='word_1_380' title='bbox 1463 2316 1569 2349; x_wconf 88' lang='lat' dir='ltr'>homo</span> 
     </span>
     <span class='ocr_line' id='line_1_68' title="bbox 897 2369 1569 2404; baseline -0.004 0"><span class='ocrx_word' id='word_1_381' title='bbox 897 2371 1001 2404; x_wconf 83' lang='lat' dir='ltr'>Catus</span> <span class='ocrx_word' id='word_1_382' title='bbox 1019 2371 1123 2404; x_wconf 68' lang='lat' dir='ltr'>sEliu&#39;</span> <span class='ocrx_word' id='word_1_383' title='bbox 1140 2373 1273 2404; x_wconf 53' lang='lat' dir='ltr'>Sextus</span> <span class='ocrx_word' id='word_1_384' title='bbox 1290 2387 1302 2399; x_wconf 73' lang='lat' dir='ltr'>n</span> <span class='ocrx_word' id='word_1_385' title='bbox 1318 2369 1439 2401; x_wconf 59' lang='lat' dir='ltr'>-Ezt</span> <span class='ocrx_word' id='word_1_386' title='bbox 1458 2377 1569 2402; x_wconf 87' lang='lat' dir='ltr'>meto-</span> 
     </span>
     <span class='ocr_line' id='line_1_69' title="bbox 895 2422 1569 2470; baseline -0.004 -13"><span class='ocrx_word' id='word_1_387' title='bbox 895 2425 1025 2470; x_wconf 62' lang='lat' dir='ltr'>nymian</span> <span class='ocrx_word' id='word_1_388' title='bbox 1059 2436 1168 2469; x_wconf 73' lang='lat' dir='ltr'>genus</span> <span class='ocrx_word' id='word_1_389' title='bbox 1201 2422 1297 2456; x_wconf 81' lang='lat' dir='ltr'>haud</span> <span class='ocrx_word' id='word_1_390' title='bbox 1333 2422 1536 2467; x_wconf 87' lang='lat' dir='ltr'>infrequens</span> <span class='ocrx_word' id='word_1_391' title='bbox 1559 2447 1569 2458; x_wconf 85' lang='lat'>..</span> 
     </span>
     <span class='ocr_line' id='line_1_70' title="bbox 897 2475 1568 2522; baseline -0.003 -13"><span class='ocrx_word' id='word_1_392' title='bbox 897 2490 966 2522; x_wconf 88' lang='lat' dir='ltr'>quo</span> <span class='ocrx_word' id='word_1_393' title='bbox 989 2478 1090 2510; x_wconf 75' lang='lat' dir='ltr'>variae</span> <span class='ocrx_word' id='word_1_394' title='bbox 1113 2485 1224 2522; x_wconf 83' lang='lat' dir='ltr'>partes</span> <span class='ocrx_word' id='word_1_395' title='bbox 1246 2475 1403 2521; x_wconf 81' lang='lat' dir='ltr'>corporis</span> <span class='ocrx_word' id='word_1_396' title='bbox 1425 2488 1568 2508; x_wconf 82' lang='lat' dir='ltr'>sumun-</span> 
     </span>
     <span class='ocr_line' id='line_1_71' title="bbox 900 2528 1576 2575; baseline -0.003 -13"><span class='ocrx_word' id='word_1_397' title='bbox 900 2539 959 2563; x_wconf 84' lang='lat' dir='ltr'>tur</span> <span class='ocrx_word' id='word_1_398' title='bbox 979 2543 1044 2575; x_wconf 87' lang='lat' dir='ltr'>pro</span> <span class='ocrx_word' id='word_1_399' title='bbox 1065 2528 1276 2575; x_wconf 85' lang='lat' dir='ltr'>quibusdam</span> <span class='ocrx_word' id='word_1_400' title='bbox 1307 2528 1412 2561; x_wconf 83' lang='lat' dir='ltr'>animi</span> <span class='ocrx_word' id='word_1_401' title='bbox 1442 2528 1576 2562; x_wconf 84' lang='lat' dir='ltr'>affecti-</span> 
     </span>
     <span class='ocr_line' id='line_1_72' title="bbox 900 2581 1578 2627; baseline -0.004 -12"><span class='ocrx_word' id='word_1_402' title='bbox 900 2584 982 2621; x_wconf 72' lang='lat' dir='ltr'>bus,</span> <span class='ocrx_word' id='word_1_403' title='bbox 998 2592 1054 2616; x_wconf 81' lang='lat' dir='ltr'>aut</span> <span class='ocrx_word' id='word_1_404' title='bbox 1073 2582 1200 2615; x_wconf 75' lang='lat' dir='ltr'>indolis</span> <span class='ocrx_word' id='word_1_405' title='bbox 1215 2582 1459 2627; x_wconf 62' lang='lat' dir='ltr'>(pialitatibusz</span> <span class='ocrx_word' id='word_1_406' title='bbox 1480 2581 1578 2613; x_wconf 67' lang='lat' dir='ltr'>xcrlii</span> 
     </span>
     <span class='ocr_line' id='line_1_73' title="bbox 904 2635 1534 2681; baseline -0.005 -13"><span class='ocrx_word' id='word_1_407' title='bbox 904 2648 1003 2669; x_wconf 77' lang='lat' dir='ltr'>causa</span> <span class='ocrx_word' id='word_1_408' title='bbox 1017 2661 1025 2677; x_wconf 74' lang='lat'>‚</span> <span class='ocrx_word' id='word_1_409' title='bbox 1043 2644 1161 2681; x_wconf 77' lang='lat' dir='ltr'>pectus</span> <span class='ocrx_word' id='word_1_410' title='bbox 1175 2661 1182 2670; x_wconf 86' lang='grc'>,</span> <span class='ocrx_word' id='word_1_411' title='bbox 1200 2636 1342 2681; x_wconf 63' lang='lat' dir='ltr'>spiritus·</span> <span class='ocrx_word' id='word_1_412' title='bbox 1356 2661 1365 2673; x_wconf 81' lang='lat'>,</span> <span class='ocrx_word' id='word_1_413' title='bbox 1386 2642 1450 2667; x_wconf 75' lang='lat' dir='ltr'>etc.</span> <span class='ocrx_word' id='word_1_414' title='bbox 1469 2635 1534 2667; x_wconf 73' lang='lat' dir='ltr'>En.</span> 
     </span>
    </p>
   </div>
   <div class='ocr_carea' id='block_1_9' title="bbox 1330 2722 1384 2766">
    <p class='ocr_par' dir='ltr' id='par_1_13' title="bbox 1330 2722 1384 2766">
     <span class='ocr_line' id='line_1_74' title="bbox 1330 2722 1384 2766; baseline 0 -17"><span class='ocrx_word' id='word_1_415' title='bbox 1330 2722 1384 2766; x_wconf 49' lang='lat' dir='ltr'>is)</span> 
     </span>
    </p>
   </div>
  </div>
 </body>
</html>
