2061 3288
425 217 1015 263 EPIGRAMMATUM
1055 216 1179 259 LIB,
1220 216 1253 258 I.

1453 214 1543 271 145

275 308 331 351 Et
360 317 401 351 te
430 316 668 368 patronum
699 303 1056 364 causidicumque
1086 311 1225 364 putas.

206 380 300 423 Hac
330 378 497 437 ratione
526 386 671 439 potest
695 392 824 420 nemo
853 391 943 419 non
972 390 1062 418 esse
1089 373 1289 418 disertus.

276 451 391 494 Ecce
411 457 562 494 *tacent
586 464 738 491 omnes
764 464 772 490 :
799 444 1002 502 Naevole‚
1025 444 1095 489 dic
1125 443 1301 506 aliquid.

138 589 187 622 bit
199 600 206 622 ζ
219 601 299 622 ecce
309 590 379 634 jam
392 587 531 622 silentio
546 588 656 629 facto,
669 586 816 622 ostende
876 588 905 620 si
923 598 995 619 non
1018 585 1140 619 feceris
1156 610 1166 626 ‚
1189 593 1223 619 te
1241 594 1388 632 propter
1414 586 1557 632 imperi-

139 654 243 687 quam
265 641 416 676 disertus
438 642 481 675 sis
507 649 696 686 patronu33
719 639 817 686 quod
877 639 961 674 tiam
984 647 1099 673 tacere
1120 638 1297 672 fateberis.

730 774 968 832 XCIX.

649 920 720 948 AD
768 919 1057 948 FLACCUM.

216 1047 440 1101 L1T1GAT,
465 1055 508 1088 et
532 1044 726 1106 podagra
748 1043 970 1089 Diodorus
986 1080 997 1101 ‚
1021 1046 1054 1088 F
1057 1043 1198 1102 lacce,
1227 1045 1407 1091 laborat.

287 1116 372 1160 Sed
401 1115 460 1160 nil
489 1125 677 1177 patrono
705 1116 893 1177 porrigit
917 1133 926 1158 :
953 1115 1046 1160 haec
1073 1116 1275 1179 chiragra
1305 1129 1380 1162 est.

205 1268 237 1288 2.
261 1255 330 1287 Alii
351 1255 473 1300 legunt
495 1255 670 1299 cheragra,
687 1262 727 1288 ut
749 1267 832 1287 con-

149 1316 215 1341 stet
247 1320 385 1351 versus,
408 1306 505 1353 quod
537 1316 570 1340 et
605 1307 680 1340 fieri
716 1316 831 1353 potest

149 1361 274 1394 extrita
290 1361 458 1394 alterutra
475 1359 689 1406 diphthongi
705 1361 831 1402 vocali,

150 1426 191 1447 ex
219 1426 304 1447 voce
326 1414 494 1460 χειροίγρα.
512 1434 565 1440 —-
586 1414 748 1458 Chiragm
774 1422 830 1447 est.

151 1466 310 1513 Podagra
338 1469 483 1501 morbus
510 1475 561 1500 est
586 1466 736 1513 pedum,
758 1467 832 1500 chi-

151 1532 250 1566 ragra
262 1533 344 1555 vero
358 1533 526 1555 manuum
540 1532 671 1566 :quum
683 1529 833 1566 patrono

890 1255 981 1288 nihil
995 1254 1094 1288 daret·
1111 1254 1309 1297 Diodorus,
1326 1269 1397 1290 nou
1415 1256 1570 1303 podagra

890 1307 989 1340 illum
1005 1334 1014 1350 ‚
1037 1308 1096 1341 sed
1118 1309 1275 1354 chiragra
1301 1310 1458 1344 laborare
1484 1311 1572 1346 dicit

890 1361 1015 1402 Poeta,
1042 1374 1120 1407 quae
1142 1362 1172 1394 ei
1200 1374 1343 1396 manum
1370 1365 1571 1406 contrahat,

891 1427 956 1447 nec
975 1415 1066 1448 sinat
1085 1427 1161 1448 eam
1172 1415 1338 1462 protendi
1355 1416 1397 1450 ad
1408 1430 1572 1451 nummos

893 1467 1152 1509 numerandos,
1182 1481 1271 1514 quos
1310 1480 1484 1505 meruerat
1518 1471 1573 1505 di-

895 1519 1007 1554 cendo
1028 1529 1210 1567 patronus.
1230 1522 1298 1555 En.

835 1656 899 1713 C.

527 1800 596 1828 AD
635 1799 896 1829 CALENUM
935 1781 1212 1830 sumnum*

371 1927 480 1971 NON
512 1924 688 1986 plenum
722 1922 853 1967 modo
879 1925 1010 1968 vicies
1036 1925 1251 1981 habebas5

373 1997 457 2041 Sed
487 2006 574 2040 tam
604 1995 836 2056 prodigus,
863 2004 993 2056 atque
1023 1994 1234 2053 liberalis,

375 2070 431 2112 Et
461 2077 551 2111 tam
580 2066 723 2110 lautus
753 2082 873 2122 eras,
898 2065 1084 2121 Calene,
1114 2077 1163 2111 ut
1194 2085 1346 2113 omnes

376 2140 597 2199 Optarent
623 2137 702 2181 tibi
733 2137 896 2181 centies
927 2138 1065 2181 amici.

220 2274 316 2312 *Hoc
329 2280 580 2324 epigrammate
591 2286 625 2310 et
640 2277 759 2311 multis
770 2277 845 2311 aliis

168 2330 259 2373 (vid.
282 2332 373 2365 infra
393 2344 447 2376 ep.
466 2343 523 2364 etv
536 2355 547 2371 ‚
568 2331 629 2364 lib.
652 2331 718 2371 IV,
732 2331 843 2376 epigr.

169 2399 204 2420 LI
219 2411 229 2427 ‚
242 2395 275 2419 et
289 2386 348 2418 lib.
362 2386 413 2417 VI
425 2410 434 2426 ‚
445 2384 535 2430 epig.
556 2379 683 2425 anx)
696 2384 773 2416 illos
783 2383 844 2416 de-

168 2439 279 2481 ridet,
309 2438 369 2484 qui
397 2438 433 2471 in
469 2450 506 2470 re
546 2436 748 2470 tenuissima
776 2436 847 2469 laeti

170 2492 401 2537 liberalesque
421 2498 523 2531 sunt;
544 2489 603 2522 ubi
621 2498 733 2522 autem
752 2502 846 2522 com-

170 2558 337 2590 paravere
351 2544 491 2577 divitias
503 2570 510 2584 ‚
524 2543 707 2583 amittunt,
722 2550 760 2575 ut
775 2555 848 2575 cer-

173 2598 219 2631 do
246 2599 305 2631 ille
326 2598 436 2630 nostri
458 2596 622 2630 Fontanii
637 2622 645 2637 ,
669 2594 794 2640 gaudia
817 2604 851 2627 et

175 2664 334 2689 somnos,
369 2651 403 2683 in
432 2651 563 2683 tristem
601 2647 851 2692 sordidamque

251 2726 286 2765 l.

905 2278 1085 2311 avaritiam
1105 2279 1208 2313 versi.
1229 2280 1369 2314 Etenim
1393 2296 1398 2313 t
1426 2283 1588 2320 «Crescit

906 2343 1003 2363 amor
1021 2333 1177 2373 nummi,
1194 2342 1367 2377 quantum
1386 2335 1460 2381 ipsa
1477 2350 1585 2382 pecu-

906 2383 963 2416 nia
982 2385 1115 2418 crescit.
1133 2403 1146 2414 »
1168 2386 1235 2419 En.

966 2450 979 2470 1
990 2465 997 2470 .
1031 2438 1162 2470 Plenum
1198 2441 1305 2472 vicies.
1338 2440 1379 2473 Id
1409 2450 1459 2475 est
1470 2469 1479 2484 ‚
1510 2457 1582 2477 non

908 2490 1054 2522 omnino
1068 2491 1172 2524 vicies
1188 2501 1332 2526 centena
1346 2495 1449 2529 millia
1460 2506 1583 2531 sester-

910 2544 1020 2576 tium:
1038 2552 1116 2588 post
1132 2544 1297 2579 adverbia
1314 2546 1445 2589 decim,
1462 2550 1584 2591 vicies,

910 2604 944 2629 et
975 2604 1098 2630 caetera
1130 2598 1335 2642 ejusmodi,
1366 2602 1585 2648 subinteiligt²

911 2657 1037 2681 centena
1058 2651 1166 2684 nullia.

1326 2741 1378 2769 [Ο
