2061 3288
460 201 551 245 DE
590 199 856 244 METRIS
894 199 1300 242 MARTIALIS.
1472 214 1586 243 xcni

241 291 396 333 Nonne
411 289 587 333 demum
609 290 652 332 in
674 288 759 333 hoc
785 286 929 332 ‹licolo
954 303 977 330 e
999 286 1172 331 duobus
1198 286 1395 331 versibus
1420 303 1591 349 semper

171 359 280 403 altor
306 360 508 405 undecim
540 359 724 422 syllabas
752 359 912 402 habet:

383 483 469 518 Nou
489 480 586 518 ebur
605 493 728 530 neque
752 491 909 517 aureum

488 549 575 583 Mea
592 545 742 582 renidet
762 545 799 581 in
820 543 935 581 domo
956 544 1129 588 lacunar,

385 613 467 646 Non
485 609 610 647 trabes
626 611 827 659 Hymettiae

487 677 668 711 Prcmuut
685 673 882 710 columnas
903 672 1034 709 ultima
1055 671 1193 708 recisas

382 739 525 785 Africa3
545 752 670 789 neque
689 738 808 776 Attali

489 807 646 854 Ignotus
661 803 782 839 haeres
800 802 944 852 regiam
963 800 1172 851 occupavi;

384 870 464 906 Nec
483 868 692 905 Laconicas
714 865 808 903 mihi

488 933 663 970 Trahunt
681 932 851 969 honestae
869 944 1062 982 purpuras
1079 929 1239 972 clientae,

521 1004 675 1054 (Idem,
694 1002 762 1041 lib.
780 1006 839 1048 II,
859 1001 935 1041 Od.
954 1016 1142 1049 xV111‚vs.
1164 1017 1178 1039 1
1199 1003 1297 1053 sqq.)

241 1118 375 1175 Quod
407 1118 440 1161 si
471 1133 520 1162 ea
549 1131 668 1161 nunc
691 1117 871 1161 nomina
900 1117 1103 1177 respicis,
1127 1133 1222 1177 quae
1254 1116 1309 1160 ab
1340 1127 1520 1162 auctore
1549 1129 1590 1162 et

173 1190 400 1233 inventore
421 1198 551 1250 poeta
576 1188 852 1243 derivantur,
873 1187 942 1232 his
968 1187 1082 1231 idem
1112 1188 1267 1232 vitium
1295 1188 1487 1249 objicies.
1514 1191 1593 1235 Ex,

172 1276 257 1320 gn,
285 1260 404 1304 hunc
434 1257 721 1309 versiculum,
753 1261 908 1302 Horat.
938 1257 1012 1301 lib.
1042 1260 1086 1315 I,
1119 1274 1183 1313 IV,
1218 1275 1233 1302 1
1264 1276 1272 1302 ε

285 1387 457 1426 Solvitur
474 1387 570 1424 acris
585 1386 720 1436 hyems
735 1394 841 1436 grata
858 1385 942 1422 vice
965 1384 1066 1422 veris
1086 1393 1123 1422 et
1141 1385 1288 1423 Favoni
1303 1396 1314 1433 ‚‘

171 1519 530 1580 Aristophanium
567 1527 728 1562 vocant
754 1534 762 1560 ε
791 1532 892 1560 nam
919 1516 1235 1578 Aristophanes
1269 1517 1387 1562 hunc
1425 1520 1592 1579 primus

170 1590 358 1640 invenit,
381 1590 500 1633 hunc
522 1588 726 1650 frequens
753 1587 995 1649 usurpavit.
1022 1588 1077 1631 At
1097 1598 1204 1648 quot
1230 1598 1274 1632 et
1293 1605 1424 1649 quam
1447 1592 1591 1634 varios

172 1657 512 1721 Aristophanes!
561 1659 836 1704 Evolvantur
876 1675 1036 1719 nempe
1086 1659 1222 1719 ipsius
1275 1660 1499 1705 comoediae
1547 1663 1589 1705 in

170 1730 315 1775 choris
331 1766 342 1786 ‚
369 1741 412 1776 et
439 1730 509 1775 vel
540 1730 722 1792 stropha
748 1746 835 1774 una
863 1728 1164 1774 exscribatur:

593 1863 679 1896 Ζῆνα
695 1860 844 1904 τύραννον
866 1860 895 1898 ἐς
914 1861 1004 1904 χορὸν

596 1915 717 1958 Πρῶτα
735 1914 836 1957 μέγαν
855 1913 1034 1952 κικλήσκω,

487 1967 547 2000 Τόν
566 1980 600 1999 τε
619 1969 800 2011 μεγασθενῆ
814 1966 955 2010 τριαίνης
971 1964 1109 2009 ταμίαν,

700 2022 763 2057 Γῆς
780 2031 816 2051 τε
834 2017 888 2051 καὶ
907 2018 1049 2063 ἁλμυρᾶς

592 2075 772 2110 Θαλάσσης
790 2071 895 2117 ἄγριον
916 2070 1106 2115 μοχλευτήν.

486 2127 551 2159 Καὶ
569 2125 800 2170 μεγαλώνυμον
813 2125 968 2169 ἡμέτερον
984 2124 1114 2168 πατέρ’,

488 2179 605 2223 Αἰθέρα
622 2180 820 2222 σεμνότατον
831 2203 840 2218 ,
854 2175 1070 2222 ἕιοθρέμμονα
1086 2177 1216 2210 πάντων
1231 2203 1239 2215 ,

590 2232 650 2264 Τόν
667 2231 912 2275 θ’ἱππονώμαν,
929 2231 960 2268 ἒς
977 2231 1075 2274 ὑπερ-

587 2284 748 2329 λάμπροις
764 2284 888 2317 ἀκτῖσιν
905 2284 1036 2326 κατέχει

593 2340 655 2374 Γῆς
673 2333 790 2371 πέδον,
810 2338 913 2381 μέγας
931 2337 960 2369 ἐν
978 2336 1056 2373 Θεοῖς
1069 2358 1079 2370 a

589 2381 628 2421 Ev
644 2391 782 2424 θνητοῖσι
796 2402 831 2421 τε
846 2385 990 2433 δαίμων.

846 2445 1030 2474 ΑΡΙΣΤΟΦ.
1046 2442 1163 2486 Νεφέλ.

239 2564 307 2606 En
330 2559 534 2605 versiculi
565 2558 769 2603 undecim
795 2558 869 2619 qui
901 2574 1052 2602 omnes
1078 2557 1285 2619 rhythmo
1311 2560 1586 2623 discrepant:

168 2649 376 2693 namque,
403 2633 436 2676 si
466 2647 619 2675 omnes
640 2630 833 2674 breviter
859 2627 963 2672 libet
988 2645 1269 2688 percurrere,
