2061 3288
449 225 1036 270 EPIGRAMMATUM
1076 225 1200 268 Lln.
1242 225 1306 267 Il.

1493 242 1580 270 221

814 348 947 406 LII.

737 508 802 536 DE
843 485 1050 536 nAs10.*

241 617 397 660 NoviT
421 614 585 658 loturas
606 615 767 659 Dasius
792 630 1023 658 numerare
1050 631 1058 657 :
1086 614 1286 674 poposcit

313 687 605 729 Mammosam
635 684 839 747 Spatalen
866 702 946 746 pro
967 685 1131 741 tribus3
1156 684 1223 728 illa
1252 684 1381 728 dedit.

227 808 240 822 ³
253 812 317 845 Hic
331 812 473 854 Dasius,
487 812 614 846 balneo
629 812 835 858 praepositus
845 836 855 852 ‚

174 866 326 912 pretium
350 867 507 911 exigebat
527 866 569 898 ab
596 866 637 899 iis
659 866 717 911 qui
740 866 855 899 lavare

174 920 356 961 volebant,
374 919 471 965 quod
495 919 650 965 pretium
673 931 744 951 non
770 931 854 962 qua-

174 972 337 1006 drantem
351 974 558 1018 superabat,
572 981 610 1005 ut
627 980 772 1005 testatur
786 973 856 1005 Ho-

173 1027 304 1065 ratius,
330 1035 394 1059 sat.
417 1026 471 1058 IlI
494 1026 529 1060 in
556 1026 637 1058 fine.
658 1024 750 1058 Vide
780 1026 852 1059 Cic.

175 1092 241 1125 pro
263 1080 374 1113 Coelio
391 1091 398 1112 z
418 1094 430 1105 α
449 1079 523 1112 Nisi
544 1080 633 1112 forte
651 1079 776 1112 mulier
791 1092 855 1125 po-

174 1142 249 1166 tens
266 1131 505 1178 quadrantana
523 1133 578 1165 illa
599 1133 856 1178 permutatione

175 1186 356 1219 familiaris
368 1186 455 1219 facta
469 1196 541 1219 erat
550 1186 742 1219 balneatori
753 1198 761 1227 3
774 1186 857 1231 Spa-

175 1239 242 1273 tale
260 1239 432 1272 continuo
455 1248 524 1273 tres
544 1238 754 1285 quadrantes
775 1252 855 1285 per-

174 1293 288 1326 solvit.
308 1309 321 1322 n

228 1367 279 1371 —-
288 1346 340 1378 De
348 1345 480 1391 Spatale
494 1344 697 1378 inscribitur
709 1344 854 1377 inJuut.

175 1411 254 1432 ann.
284 1402 401 1440 1512,
431 1407 464 1432 et
486 1398 601 1431 Colin.
629 1411 710 1432 ann.
741 1399 852 1431 1528.

233 1464 263 1485 1.
284 1452 382 1485 Novit
404 1452 521 1485 loturos
539 1451 575 1484 in
596 1450 733 1485 iisdem.
757 1452 857 1485 Novit

175 1507 305 1538 liam-as
329 1505 365 1538 in
397 1505 483 1538 aliis.
513 1505 664 1550 Scaliger
693 1503 736 1537 ad
768 1505 855 1537 Pro-

176 1567 264 1604 pert.
295 1559 361 1598 IV,
387 1558 424 1594 3,
454 1558 523 1599 36,
553 1558 661 1604 legit:
688 1557 787 1591 Novit
808 1558 855 1590 lo-

176 1620 285 1652 tar-as,
317 1624 396 1644 cum
421 1612 485 1645 hac
512 1622 618 1644 nota:
644 1629 658 1639 α
680 1611 746 1645 Hic
772 1611 856 1644 sim·

175 1665 313 1709 pliciter
345 1665 468 1697 loturae
496 1674 578 1698 sunt
607 1665 759 1710 οὐρήσεις·
795 1663 856 1698 sed

177 1717 342 1751 tralatitie
368 1730 433 1762 pro
461 1730 520 1759 eo,
544 1717 639 1763 quod
665 1719 735 1763 jam
763 1717 857 1759 dixi,

177 1779 211 1804 et
231 1770 330 1816 quod
349 1783 420 1804 uon
445 1771 647 1804 nominabo.
668 1772 781 1804 Locus
801 1771 858 1804 ille

915 811 1084 845 Martialis
1111 811 1232 852 aliter,
1257 819 1289 844 et
1315 810 1459 851 vitiose,
1483 810 1597 845 editus

915 874 977 899 est.
1000 883 1012 894 n
1049 865 1147 898 Novit
1176 878 1348 897 nantel-are.
1379 864 1497 906 Quum
1527 873 1595 898 tres

914 931 981 964 pro
992 927 1230 952 unanumeret
1243 944 1252 958 ,
1267 918 1466 964 triplexque
1478 926 1594 963 poscat

915 972 1090 1017 pretium,
1112 973 1202 1004 bene
1231 981 1393 1005 numerat
1424 971 1459 1005 in
1494 984 1595 1005 suum

915 1026 1064 1058 lucrum.
1087 1026 1152 1058 En.

972 1092 1003 1112 2.
1024 1079 1241 1111 ili'ammosam.
1261 1078 1416 1124 Spatales
1435 1090 1597 1112 mammae

917 1140 1019 1165 tantae
1031 1140 1129 1165 erant
1141 1131 1391 1177 magnitudinis
1403 1157 1411 1172 ‚
1436 1140 1475 1165 ut
1490 1131 1596 1165 trium

917 1185 1107 1219 mulierum
1130 1185 1245 1219 locum
1266 1194 1472 1231 occuparet,
1496 1194 1599 1231 atquc

918 1239 963 1272 ita
981 1238 1156 1284 triplicem
1172 1238 1370 1272 mercedem
1388 1239 1431 1273 ab
1450 1239 1520 1284 ipsa
1540 1251 1599 1272 ex»

917 1291 985 1336 egit
1015 1292 1210 1326 balneator.
1241 1292 1297 1326 Sic
1334 1291 1377 1325 de
1415 1292 1571 1325 Labieno
1589 1318 1598 1332 ‚

917 1345 977 1378 lib.
1007 1346 1052 1386 V,
1077 1345 1186 1391 epigr.
1222 1359 1253 1379 1..
1282 1345 1348 1378 Hic
1380 1358 1498 1379 sensus
1527 1358 1599 1391 prae

917 1397 983 1431 alia
1009 1399 1172 1432 obscoena
1200 1399 1432 1444 explicatione
1456 1397 1600 1444 quidem

916 1451 1027 1497 placet
1043 1464 1189 1497 :nempe
1206 1452 1347 1498 Spatale
1362 1460 1397 1485 et
1410 1451 1488 1486 duae
1506 1452 1598 1485 illius

917 1517 1076 1538 mammae
1098 1505 1207 1538 trium
1225 1506 1344 1539 locum
1367 1506 1598 1551 occupabant.

917 1559 1131 1592 Ramiresius
1151 1559 1257 1592 alium
1278 1572 1416 1593 sensum
1438 1559 1600 1604 intelligit

919 1621 950 1645 et
970 1621 1070 1657 putat
1090 1613 1232 1645 Dasium
1251 1613 1481 1658 postulavisse
1495 1625 1512 1645 a
1532 1625 1601 1645 me-

917 1665 1043 1699 retrice
1060 1665 1198 1710 Spatale
1214 1667 1279 1700 tria
1295 1666 1530 1700 obscoenitatis
1545 1678 1602 1711 ge-

917 1732 1022 1759 nera,
1046 1732 1123 1764 quae
1152 1720 1209 1753 illa
1239 1720 1390 1753 libenter
1417 1720 1596 1753 concessit.

919 1771 1001 1805 Vid.
1017 1772 1078 1806 lib.
1100 1773 1174 1815 IX,
1194 1773 1303 1819 epigr.
1325 1785 1454 1806 xxxin.

800 1889 974 1945 LIII.

685 2041 740 2069 IN
784 2020 1101 2071 MAXIMUMf

259 2144 345 2186 Vis
371 2142 462 2185 fieri
486 2141 618 2185 liber?
645 2144 864 2198 mentiris,
897 2144 1110 2200 Maxime3
1141 2162 1229 2189 non
1257 2147 1318 2189 vis
1344 2163 1351 2188 :

233 2257 247 2271 ¹
264 2263 384 2303 Quum
395 2261 567 2295 Maximus
578 2274 612 2294 se
627 2262 779 2295 liberum
789 2274 860 2296 esse

180 2327 308 2361 cupere
328 2314 480 2355 diceret,
502 2327 566 2347 nec
594 2326 632 2347 ea
655 2315 767 2348 facere
790 2315 861 2348 vel-

179 2368 227 2401 let
249 2381 326 2414 quae
345 2367 388 2400 ad
412 2380 530 2400 veram
556 2367 752 2401 libertatem
778 2381 862 2401 con·

180 2420 393 2467 sequendam
420 2421 597 2466 pertinent
613 2447 622 2461 ‚
644 2421 739 2454 hunc
757 2420 862 2455 docet

181 2474 308 2508 Noster
327 2487 406 2507 eum
422 2474 572 2507 liberum
595 2486 667 2506 esse
681 2499 690 2514 ‚
711 2475 773 2519 qui
789 2487 860 2507 am-

180 2527 324 2562 bitionis
358 2528 542 2573 omnisque
572 2526 771 2572 cupiditatis
800 2540 860 2560 ex-

181 2592 280 2625 pers,
304 2593 412 2626 parvo
435 2580 521 2613 vivit
536 2603 545 2619 ‚
569 2592 634 2613 nec
659 2580 784 2613 culinae
810 2580 863 2614 di-

185 2633 262 2666 vitis
281 2646 445 2678 vaporem
464 2632 635 2667 odoratur
647 2659 656 2675 ‚
677 2647 740 2667 nec
758 2634 860 2667 nohi-

183 2685 224 2719 lis
240 2684 394 2720 dominae
412 2687 607 2732 perpetitur
628 2687 748 2721 fastus.
770 2688 834 2720 En.

980 2276 1009 2296 1.
1030 2265 1105 2297 Non
1120 2268 1182 2299 vis.
1201 2265 1290 2299 Nam
1307 2266 1333 2299 si
1349 2276 1551 2302 constanter
1570 2279 1603 2304 et

923 2325 1015 2350 certe
1030 2318 1136 2352 velles
1149 2344 1157 2359 ‚
1177 2331 1215 2352 ea
1236 2319 1366 2353 faceres
1388 2333 1464 2366 quae
1484 2335 1601 2357 neces·

923 2369 1009 2403 saria
1040 2380 1122 2405 sunt
1151 2370 1194 2404 ad
1223 2381 1256 2405 te
1284 2372 1540 2409 vindicandum
1564 2378 1602 2410 in

923 2423 1119 2457 libertatem
1137 2438 1146 2466 3
1170 2437 1235 2459 nec
1258 2438 1317 2460 eos
1336 2427 1521 2463 imitareris
1542 2431 1602 2475 qui

921 2477 976 2509 vel
1010 2478 1141 2511 ventris
1159 2504 1167 2519 ‚
1194 2479 1247 2511 vel
1277 2480 1478 2515 ambitionis
1501 2495 1602 2517 causa

922 2529 1116 2564 libertatem
1132 2532 1237 2576 plane
1253 2533 1432 2578 perditum
1448 2545 1552 2577 eunt,
1570 2546 1603 2570 et

924 2581 967 2616 ad
986 2593 1111 2617 nutum
1127 2585 1279 2619 alienum
1292 2587 1414 2622 vivunt
1427 2602 1435 2630 ;
1450 2590 1504 2622 cui
1523 2590 1602 2635 qui-

923 2635 1003 2668 dem
1026 2638 1115 2670 malo
1140 2639 1280 2672 obviam
1301 2641 1341 2674 iri
1362 2655 1462 2687 posse
1480 2643 1547 2683 ait,
1575 2644 1602 2676 si

927 2698 1018 2723 sorte
1038 2700 1158 2725 nostra
1182 2695 1337 2727 contenti
1351 2720 1358 2732 ,
1385 2708 1498 2740 neque
1517 2695 1605 2728 deli-
