2061 3288
426 216 507 257 ET
547 214 907 257 OPERIBUS
947 214 1352 260 MARTIALIS.
1556 236 1601 265 121

177 304 273 366 quis
295 304 652 364 praetereuntium
675 302 815 346 forma
838 303 1047 363 insignior
1063 312 1139 347 aut
1160 320 1348 365 corpore
1368 306 1606 365 robustior,

178 374 362 418 subinde
391 374 446 417 ab
475 390 527 418 eo
557 383 732 418 noctem
763 382 1029 435 precaretur.

248 445 382 503 Quod
403 446 437 489 si
462 446 559 505 quis
589 461 707 488 nunc
739 461 764 488 a
795 444 920 488 nobis
950 446 1166 505 quaesierit
1195 463 1326 507 quem
1355 450 1518 493 Nostro
1543 449 1605 496 lo-

179 532 280 559 cum
302 517 415 560 inter
433 532 508 559 eos
529 517 799 577 assignemus
822 516 895 576 qui
915 516 1247 576 Epigrammata
1277 519 1607 580 scriptitarunt,

180 587 424 648 principem
449 603 550 630 eum
572 586 712 630 videri
738 585 1072 630 declarabimus.
1109 588 1154 631 Si
1184 587 1378 649 leporem
1416 601 1606 652 spectes,

180 657 378 713 Catullo,
407 658 698 713 Anacreonti,
724 667 768 702 et
789 657 975 701 Eroticis
999 658 1204 703 omnibus
1228 661 1368 720 poetis
1394 678 1507 723 saepe
1528 680 1609 725 par

181 738 272 784 est;
294 729 327 773 si
354 729 570 790 argutiam
593 738 637 773 et
665 727 774 773 sales
803 738 846 773 et
870 728 1041 772 nativos
1062 729 1210 789 jocos,
1237 731 1460 776 Catullum
1484 750 1605 778 eum-

181 799 284 843 dem
298 798 516 844 antecellit
527 836 538 857 ,
553 809 766 844 nostrates
783 809 946 860 aequat3
963 799 996 842 si
1012 798 1272 862 elegantiam
1286 812 1330 846 et
1349 803 1607 864 rhythmum

181 880 225 914 et
261 887 393 931 quam
431 881 592 915 vocant
636 871 882 915 technicam
921 870 1223 929 harmoniam,
1265 890 1355 918 non
1390 884 1456 919 est
1489 877 1609 937 quod

180 943 413 986 Maronem
439 942 604 1003 ipsum,
636 951 712 986 aut
743 942 977 985 Horatium
1006 942 1232 1003 praeferas,
1258 945 1292 988 si
1325 961 1447 990 venae
1478 948 1610 991 uber-

183 1022 344 1066 tatem,
377 1012 522 1057 nullus
554 1023 619 1057 tot
652 1011 886 1074 opuscula,
919 1022 984 1056 tot
1012 1011 1156 1070 lusus,
1188 1024 1254 1059 tot
1283 1015 1392 1061 sales
1432 1017 1612 1077 effudit,

183 1099 324 1144 neque
358 1093 447 1127 tam
474 1083 635 1128 similes
665 1101 733 1128 res
757 1093 846 1127 tam
879 1084 1010 1127 variis
1039 1084 1180 1129 modis
1211 1087 1399 1131 cecinit:
1430 1098 1526 1134 tum
1554 1091 1610 1135 ab

185 1171 237 1197 eo
269 1154 370 1197 data
392 1164 458 1198 est
486 1155 804 1216 Epigrammati
835 1171 911 1199 sua
942 1154 1106 1212 forma,
1130 1172 1208 1200 sua
1240 1157 1452 1203 hodierna
1483 1161 1612 1205 mali-

183 1225 353 1285 gnitas3
388 1226 468 1286 ipsi
496 1227 781 1286 Epigramma
813 1225 944 1269 debet
973 1226 1091 1286 quod
1120 1228 1325 1289 AEschylo
1357 1231 1612 1291 Tragoedia,

184 1294 303 1356 quod
327 1297 522 1340 Homero
546 1298 676 1357 Epos.
699 1296 927 1340 Habeatur
951 1312 1056 1357 ergo
1077 1298 1282 1360 princeps
1310 1300 1352 1342 in
1382 1304 1614 1362 nugatoria

187 1382 264 1410 sua
296 1367 439 1427 poesi:
479 1377 523 1411 et
562 1377 612 1410 ut
642 1366 835 1411 lauream
881 1377 923 1411 et
956 1366 1123 1428 palmas
1165 1369 1267 1414 huie
1310 1371 1612 1433 Melpomene,

186 1437 289 1481 huic
320 1436 517 1499 Calliope
546 1438 755 1495 adstruit,
782 1439 842 1482 ita
870 1455 893 1482 e
924 1437 1115 1483 flosculis
1146 1439 1360 1486 tenellulis
1403 1444 1612 1490 corollam

188 1507 383 1553 Bilbilico
413 1526 492 1554 suo
521 1509 594 1553 det
612 1509 776 1554 Thalia.

1325 2755 1375 2798 (Γ
