2061 3288
463 228 553 270 DE
591 228 852 270 METRIS
889 227 1296 272 MARTIALIS.
1534 241 1592 269 cv

179 324 222 358 ct
241 315 413 358 eroticis
443 314 665 375 opusculis
696 325 740 359 ct
769 315 944 361 ludicris
975 314 1166 377 epistolis
1193 324 1281 358 tam
1308 313 1499 374 lepidum
1528 330 1593 357 cx·

179 385 359 429 hibuere
388 387 569 440 Mara,
601 389 646 430 V
645 388 827 442 onais-e,
857 391 1029 448 Pamy,
1067 381 1266 431 Che'tzc'er.

249 457 534 501 Scazontibus
552 461 742 519 gravitas
762 458 959 519 quaedam
984 459 1094 502 inest
1114 466 1157 500 et
1177 471 1350 500 morosa
1372 456 1590 499 severitas.

179 529 256 572 His
281 529 413 591 igitur
439 528 508 572 vel
531 528 778 591 longissime
801 530 1092 574 amoenissima
1117 527 1414 588 descripturus
1440 526 1593 579 utitur,

179 598 248 642 vel
280 601 324 642 in
352 598 471 656 illos,
496 617 605 660 quos
627 600 727 644 odio
754 602 974 662 praecipuo
1001 600 1291 661 persequitur,
1314 597 1591 642 acerbissime

180 686 444 714 incursurus.

250 740 632 802 Hendecasyllabis
662 752 705 786 et
735 742 1019 787 Scazontibus
1052 751 1291 785 scommata
1329 739 1480 783 inserit
1514 739 1595 782 fre-

179 813 480 873 quentissime,
508 822 558 856 ut
588 811 669 857 illis
699 813 941 874 jocosiora,
966 813 1032 857 his
1062 813 1344 856 amarissima.
1377 810 1468 854 Illis
1503 810 1594 853 irri-

179 883 275 939 det,
297 882 372 927 sed
396 883 600 927 dentibus
624 883 754 940 albis,
781 884 848 929 his
873 894 1018 929 cutem
1043 884 1177 945 rapit3
1202 881 1284 927 illis
1309 880 1505 937 vellicat,
1524 881 1593 925 his

178 953 402 1007 vulnerat,
428 953 499 998 illa
520 954 755 998 contuleris
776 965 893 1000 recte
919 956 1116 1009 scuticae,
1143 955 1236 998 haec
1258 954 1392 1014 virgis
1418 969 1514 1013 quae
1537 952 1591 995 ad

179 1025 432 1086 sanguinem
468 1035 511 1069 ct
548 1036 734 1069 mortem
773 1043 909 1087 usque
947 1025 1134 1070 credunt.
1174 1027 1381 1085 Pungunt
1415 1022 1593 1084 quidem

179 1096 324 1139 omnia
354 1095 461 1152 tela;
492 1106 537 1140 at
562 1097 821 1157 quibusdam
857 1096 1183 1141 subtilissimum
1219 1096 1337 1139 virus
1369 1093 1593 1155 cuspidem

180 1166 350 1224 infecit,
378 1183 519 1228 neque
558 1168 647 1212 ictu
685 1167 826 1212 solum
858 1168 954 1223 illa,
984 1167 1058 1211 sed
1091 1167 1261 1227 adjecta
1293 1165 1390 1210 labe
1427 1165 1593 1209 foedant

178 1254 353 1298 corpus.
376 1237 496 1282 Nihil
528 1237 614 1281 ulla
643 1239 688 1281 in
724 1237 870 1300 lingua
894 1238 1194 1282 vehementius
1221 1236 1347 1281 simul
1370 1246 1413 1280 et
1439 1236 1593 1280 fortius

177 1324 309 1368 quam
346 1308 440 1352 haec
477 1310 521 1351 in
557 1309 795 1353 basiatores
821 1304 917 1365 (lib.
950 1311 1037 1363 XI,
1063 1310 1196 1370 epigr.
1224 1309 1406 1365 xcviii),
1437 1308 1481 1350 in
1506 1309 1594 1351 Va-

178 1395 312 1423 cerrae
335 1380 531 1440 cynicain
565 1381 817 1441 pauperiem
837 1375 928 1437 (lib.
953 1382 1069 1437 XII,
1089 1381 1224 1441 epigr.
1243 1374 1405 1436 xxxn),
1428 1379 1473 1421 in
1496 1379 1593 1422 Cin-

179 1465 280 1493 nam
300 1445 397 1507 (lib.
410 1452 496 1505 VI,
519 1451 654 1511 epigr.
677 1447 828 1509 xxxlx)
843 1469 854 1508 ;
870 1461 913 1495 et
932 1452 1172 1512 praesertim
1188 1450 1482 1511 pathicissima
1500 1449 1593 1494 haec

178 1520 232 1565 de
257 1522 465 1566 Manneio
494 1517 591 1580 (lib.
619 1524 705 1579 XI,
739 1523 873 1584 epigr.
905 1516 1022 1578 LXI),
1047 1531 1122 1566 aut
1144 1521 1422 1583 spurcissima
1449 1521 1493 1564 in
1513 1522 1595 1564 Ve-

180 1592 386 1637 tustillam
407 1587 502 1649 (lib.
528 1594 665 1649 XIII,
690 1594 825 1655 epigr.
851 1588 994 1648 xcin).

250 1666 354 1708 Haec
379 1664 580 1709 sufficere
606 1665 712 1708 mihi
738 1682 856 1709 nunc
882 1664 1098 1720 videntur,
1124 1664 1262 1707 amice
1288 1662 1440 1719 lector,
1468 1672 1518 1706 ut
1541 1662 1596 1706 ad

180 1734 493 1797 perlegendum
507 1735 719 1779 Nostrum
734 1736 912 1797 jamjam
923 1745 965 1780 te
979 1735 1199 1790 conferas,
1215 1744 1259 1779 et
1271 1735 1595 1796 rhythmorum,

183 1815 275 1850 tum
307 1816 570 1851 structuram
590 1840 601 1860 ,
630 1816 723 1851 tum
745 1808 988 1868 ingenium,
1013 1807 1057 1849 in
1083 1806 1314 1867 perspicuo
1346 1805 1518 1850 habeas.
