2061 3288
755 232 1046 277 TABULA.
1516 231 1607 278 511

242 321 396 355 XXXII.
424 321 475 353 De
494 319 671 365 Encolp0,
690 331 803 366 puero
824 318 993 353 Pudentis
1033 345 1400 353 ..........
1429 319 1513 366 Pag.
1571 332 1619 366 77

223 377 251 408 X
263 376 285 407 Χ
296 375 395 408 XIII.
422 371 478 406 Ad
496 372 680 407 Sabidium
705 398 1513 408 .....................
1571 375 1620 419 78

224 427 396 462 XXXIV.
422 428 475 460 De
492 426 607 460 Gellia
625 451 1513 461 .......................
1571 428 1620 472 78

241 482 394 515 XXXV.
422 479 479 513 Ad
502 480 667 514 Lesbiam
707 504 1514 514 .....................
1573 492 1621 525 79

224 534 395 568 XXXVI.
423 532 480 566 Ad
500 533 708 567 Cornelium
750 558 1516 567 ....................
1574 536 1622 568 80

210 588 397 622 XXXVII.
422 585 479 620 Ad
498 587 686 620 Lucanum
706 595 741 620 et
760 586 909 620 Tullum
951 610 1518 620 ...............
1573 587 1618 620 81

190 642 398 676 XXXVIII.
423 639 478 673 Ad
494 639 635 673 Bassam
665 663 1514 674 ......................
1572 641 1619 675 82

225 694 397 729 XXXIX.
423 692 480 726 Ad
499 692 734 727 Fidentinum
751 718 1515 727 ....................
1573 694 1621 728 82

316 748 395 781 XL.
424 747 478 780 De
500 746 658 779 Deciano
706 771 1515 780 .....................
1573 747 1621 781 83

301 802 396 835 XLI.
425 800 468 832 In
488 798 656 833 Invidum
706 824 1514 834 .....................
1573 802 1623 842 84

284 855 398 888 XLII.
425 854 467 886 In
486 853 673 887 Caecilium
704 877 1513 887 .....................
1572 856 1622 894 84

264 908 397 941 XLIII.
424 907 478 940 De
494 906 620 940 Porcia
639 918 752 940 uxore
771 906 871 939 Bruti
911 931 1515 941 ................
1573 909 1622 952 87

264 961 396 994 XLIV.
426 960 468 992 In
487 959 695 993 Mancinum
708 984 717 1000 ,
736 971 881 993 avarum
898 959 1161 993 convivatorem
1188 985 1516 994 .........
1574 962 1623 1005 87

286 1015 397 1047 XLV.
427 1010 483 1045 Ad
500 1013 647 1046 Stellam
672 1038 1514 1047 ......................
1573 1015 1622 1058 89

267 1067 398 1100 XLVI.
426 1067 480 1099 De
496 1066 590 1099 libro
609 1078 674 1100 suo
704 1087 1514 1100 .....................
1573 1069 1621 1110 89

253 1120 401 1153 XLVII.
428 1117 483 1152 Ad
501 1118 680 1164 Hedylum
711 1144 1517 1153 .....................
1576 1133 1624 1165 90

236 1173 401 1206 XLVIII.
428 1173 481 1205 De
501 1172 629 1205 Diaulo
648 1170 789 1205 medico
834 1197 1519 1208 ..................
1575 1185 1619 1219 91

269 1226 402 1260 XLIX.
428 1226 481 1258 De
501 1225 605 1258 leone
627 1234 662 1259 et
679 1226 800 1271 lepore
830 1250 1516 1260 ..................
1574 1238 1619 1271 9ῐ

361 1280 403 1313 L.
429 1278 655 1312 Licinianum
669 1278 705 1312 in
719 1278 925 1324 Hispaniam
939 1278 1226 1324 proficiscentem
1239 1276 1283 1312 ad
1296 1278 1403 1313 vitam
1416 1279 1520 1313 rusti-

481 1344 559 1365 cam
576 1340 611 1365 et
625 1330 795 1377 genialem
813 1332 976 1365 hortatur
992 1358 1514 1366 ..............
1572 1345 1619 1378 92

342 1386 404 1419 LI.
427 1384 536 1418 Jocus
555 1397 597 1418 ex
613 1385 771 1418 Homero
787 1384 823 1418 in
842 1397 969 1419 cocum
987 1410 1516 1421 ..............
1573 1399 1622 1432 97

324 1439 403 1472 LII.
430 1436 486 1470 Ad
504 1438 664 1484 leporem
711 1462 1516 1479 .....................
1573 1441 1621 1486 98

305 1492 402 1525 LIII.
429 1490 665 1532 Quintianum
683 1491 767 1525 facit
783 1499 993 1525 assertorem
1030 1517 1516 1526 .............
1574 1506 1623 1538 99

306 1545 401 1578 LIV.
428 1542 483 1576 Ad
504 1543 755 1585 Fidenfinum,
777 1544 986 1590 plagiarium
1032 1570 1522 1581 .............
1557 1559 1624 1580 100

323 1598 402 1631 LV.
427 1595 483 1629 Ad
503 1597 657 1631 Fuscum
675 1623 1517 1634 ......................
1550 1613 1620 1633 102

304 1651 401 1684 LVI.
427 1647 482 1682 Ad
505 1650 740 1690 Frontonem,
762 1649 807 1684 de
826 1659 910 1684 voto
930 1651 1010 1685 vitae
1030 1663 1101 1685 suae
1147 1678 1515 1686 ..........
1552 1653 1620 1687 103

285 1704 402 1737 LVII.
426 1700 481 1735 Ad
503 1703 710 1749 Cauponem
755 1728 1517 1741 ....................
1551 1711 1622 1746 104

266 1756 400 1790 LVIII.
426 1753 481 1788 Ad
500 1756 665 1790 Flaccum
708 1783 1517 1800 .....................
1552 1760 1621 1793 105

305 1810 400 1844 LIX.
427 1809 480 1842 De
498 1809 600 1855 pueri
621 1810 736 1855 pretio
782 1836 1519 1846 ...................
1555 1812 1622 1847 105

323 1864 400 1897 LX.
426 1860 484 1894 Ad
505 1862 667 1896 Flaccum
692 1862 736 1896 de
757 1863 917 1908 sportula
955 1889 1520 1907 ...............
1553 1868 1624 1900 106

305 1917 399 1950 LXI.
426 1916 479 1948 De
497 1915 617 1961 lepore
639 1924 673 1950 et
693 1916 796 1949 leone
833 1942 1518 1952 ..................
1554 1921 1624 1953 106

287 1970 400 2004 LXII.
426 1966 482 2001 Ad
503 1969 727 2003 Licinianum
741 1995 751 2010 ,
769 1969 958 2016 scriptores
978 1968 1074 2004 unde
1112 1996 1524 2005 ...........
1559 1984 1624 2018 107

197 2033 414 2056 ‚IPPENDIx
444 2033 496 2054 AD
524 2034 792 2056 EPIGRAMMA
820 2023 923 2055 LXII
947 2048 1514 2066 ...............
1547 2038 1621 2070 109

271 2076 402 2109 LXIII.
428 2075 481 2107 De
500 2075 641 2109 Laevina
659 2084 751 2110 casta
765 2099 775 2116 ,
796 2084 830 2109 et
846 2074 891 2110 ad
905 2075 1004 2110 Baias
1020 2075 1177 2112 adultera
1226 2102 1514 2111 ........
1549 2090 1563 2111 1
1576 2092 1590 2113 1
1603 2091 1617 2112 1

270 2129 401 2162 LXIV.
428 2125 484 2160 Ad
504 2128 664 2162 Celerem
712 2154 1516 2165 .....................
1550 2145 1564 2166 1
1577 2145 1619 2167 12

289 2182 402 2216 LXV.
427 2179 484 2213 Ad
501 2181 529 2214 F
531 2182 684 2215 abullam
705 2183 758 2216 sui
776 2181 1005 2216 laudatricem
1029 2207 1518 2219 .............
1553 2198 1566 2219 1
1580 2199 1593 2220 1
1604 2198 1621 2219 2

271 2234 403 2268 LXVI.
427 2233 485 2267 Ad
507 2235 756 2277 Caecilianum,
778 2234 822 2269 de
840 2247 969 2281 genere
987 2244 1021 2271 et
1042 2234 1281 2270 declinatione
1297 2236 1386 2271 ficus
1425 2260 1434 2268 .
1465 2263 1474 2271 .
1505 2264 1513 2271 .
1547 2239 1620 2272 113

251 2287 402 2321 LXVII.
427 2286 485 2320 Ad
506 2287 635 2321 Furem
659 2287 704 2322 de
724 2289 817 2322 libro
840 2301 904 2322 suo
947 2314 1514 2325 ...............
1549 2304 1562 2325 1
1576 2291 1620 2326 13

233 2339 402 2374 LXVIII.
427 2339 485 2373 Ad
506 2341 703 2375 Choerilum
746 2367 1520 2378 ....................
1549 2357 1564 2378 1
1577 2358 1589 2378 1
1600 2348 1622 2379 6

272 2392 403 2427 LXIX.
427 2393 480 2426 De
495 2391 592 2427 Rufo
624 2421 1516 2431 .......................
1550 2410 1565 2431 1
1577 2401 1622 2432 16

290 2446 401 2480 LXX.
426 2445 482 2479 Ad
502 2445 697 2481 Maximum
750 2474 1515 2485 ....................
1550 2463 1564 2484 1
1577 2464 1620 2497 17

272 2499 403 2533 LXXI.
428 2497 484 2532 Ad
505 2499 639 2533 librum
668 2527 1514 2543 ......................
1549 2517 1563 2538 1
1577 2506 1621 2538 18

250 2552 403 2587 LXXII.
428 2551 484 2585 Ad
506 2552 677 2586 Somnum
710 2580 1520 2591 ......................
1555 2570 1623 2590 120

232 2605 403 2640 LXXIII.
428 2604 485 2638 Ad
505 2605 735 2640 Fidentinum
760 2634 1519 2652 ....................
1554 2623 1622 2643 120

235 2658 402 2693 LXXIV.
427 2658 483 2692 Ad
505 2659 731 2694 Caecilianum
750 2687 1513 2697 ....................
1548 2675 1562 2696 1
1575 2676 1590 2696 2
1603 2676 1617 2696 1

255 2710 402 2745 LXXV.
430 2711 485 2746 Ad
504 2712 662 2747 Paullam
712 2740 1513 2750 .....................
1548 2729 1562 2750 1
1574 2728 1590 2749 2
1601 2729 1617 2749 2
