2061 3288
459 238 514 283 16
827 240 1062 283 MVAL.
1101 240 1492 286 MARTIALIS

520 327 741 375 Vivebant
767 326 897 370 laceri
926 327 1134 371 membris
1161 327 1422 374 stillantibus
1447 341 1589 385 artus,

581 400 721 459 Inque
744 399 864 441 omni
886 414 1102 458 nusquam
1128 414 1314 460 corpore
1336 417 1498 462 corpus
1521 412 1626 447 erat.

522 469 724 530 Denique
749 468 1010 530 supplicium
1036 468 1217 513 dederat
1239 471 1356 515 necis
1379 471 1450 516 ille
1475 483 1668 533 paternae

1677 510 1690 529 5

588 538 671 584 Vel
694 539 860 583 domini
881 538 1084 600 jugulum
1109 539 1281 585 foderat
1305 557 1406 586 ense
1432 559 1608 588 nocens.

520 609 703 671 Templa
733 609 802 653 vel
836 626 998 653 arcano
1028 610 1207 655 demens
1234 610 1495 673 spoliaverat
1519 631 1649 670 auro;

589 681 850 725 Subdiderat
877 697 1012 725 saevas
1034 679 1103 725 vel
1129 681 1227 738 tibi,
1251 684 1420 740 Roma,
1446 684 1574 729 faces.
1839 715 1869 731 ιο

519 802 671 873 fison&
702 812 956 873 ἀσπαίροντα
982 815 1081 874 μέλη
1107 820 1329 875 τακεροῖσιν
1356 817 1420 859 ἐπ’
1443 814 1620 878 ἄρθροις,

592 880 723 928 Οὐδέν
752 887 791 927 τ’
820 883 866 932 ἦν
892 887 931 927 ἐν
963 887 1044 941 ὅλῳ
1072 887 1233 945 σώματι
1261 888 1364 945 σῶμ’
1393 880 1524 930 ἰδέειν.

519 943 558 998 ΡΙ
588 957 711 1015 τυχὸν
742 956 903 1006 εὐθύνας
928 956 1226 1016 πατροκτονίης
1251 957 1461 1012 ἀπέτισεν,

589 1017 628 1069 H
658 1021 757 1070 ἴδιον
785 1029 938 1074 xvir-siv
965 1028 1240 1086 λαιμοτόμησ’
1270 1029 1437 1087 ἐναγής·

518 1087 556 1140 1-1
586 1098 696 1168 τάχα
728 1097 946 1157 θησαυροὺς
978 1097 1087 1157 ἱερῶν
1116 1092 1278 1140 ἀδύτων
1305 1099 1505 1142 ἀπεσύλα·

588 1171 626 1211 Η
654 1168 766 1227 τάχα
793 1170 988 1228 πυρκαϊὴν
1014 1170 1157 1219 νυκτὸς
1185 1166 1316 1227 ὑφῆψε
1347 1170 1476 1213 πόλει,

446 1305 564 1344 cahat,
587 1302 655 1336 Sat.
688 1303 796 1343 VIII,
834 1305 916 1337 186.
944 1302 1013 1336 Sed
1042 1304 1126 1336 hor-

446 1356 597 1390 rendum
642 1354 854 1401 quandoque
894 1356 1127 1390 exhibebatur

444 1409 682 1456 spectaculum
701 1435 709 1450 ,
737 1408 881 1454 quando
912 1421 994 1442 vere
1028 1411 1126 1443 cruci

445 1464 654 1509 affigebatur
671 1462 794 1508 aliquis
812 1475 891 1495 reus
910 1463 1124 1495 Laureolum

445 1529 545 1562 agere
570 1523 720 1549 coactus.
744 1515 836 1548 Hinc
856 1515 958 1548 discis
973 1516 1126 1549 Laureo-

444 1571 519 1603 lum
538 1568 673 1615 duplici
689 1567 796 1601 modo
818 1568 901 1602 ficto
919 1577 953 1601 et
974 1581 1056 1602 vero
1069 1569 1125 1614 agi

444 1623 600 1657 solitum.
622 1622 658 1655 Si
683 1634 766 1655 vere
793 1622 965 1668 quispiam
989 1623 1124 1668 suppli-

446 1677 541 1709 cium
564 1675 711 1709 daturus
735 1684 843 1715 esset,
862 1688 934 1708 non
961 1683 1098 1721 poterat
1115 1703 1123 1717 ,

446 1730 513 1763 nisi
530 1730 658 1762 noxius
674 1737 707 1762 et
723 1741 803 1761 reus
820 1741 910 1770 esse,
926 1729 986 1774 qui
1000 1727 1124 1762 eodem

443 1785 522 1829 jure
537 1783 655 1816 bestiis
669 1782 919 1827 objiciebatur3
935 1791 969 1815 et
988 1781 1036 1815 ita
1050 1781 1124 1815 No-

446 1845 516 1870 ster
529 1836 573 1869 de
589 1849 648 1869 reo
664 1835 832 1881 loquitur.
847 1834 917 1868 Sed
931 1835 1007 1880 quis
1020 1835 1124 1881 hujus

446 1889 611 1924 dramatis
645 1902 747 1922 verus
779 1897 905 1922 auctor
933 1888 1021 1932 fuit,
1050 1901 1123 1921 non

445 1943 528 1976 levis
545 1951 595 1975 est
611 1943 701 1975 inter
714 1943 901 1987 scriptores
917 1950 1124 1975 controver-

445 1997 505 2029 sia.
530 1995 684 2037 Quidam
712 1996 769 2029 isti
790 1996 961 2037 Lentulo,
984 1994 1027 2027 de
1053 2007 1123 2040 quo

445 2050 644 2087 Juvenalis,
671 2048 759 2082 illud
784 2048 904 2082 drama
936 2048 1122 2090 tribuunt3

444 2104 603 2148 plerique
613 2103 938 2148 autem‚interqu0s
949 2103 1123 2140 Zmomzn,

444 2158 482 2189 tle
498 2157 604 2190 Nimis
615 2157 704 2188 Rom.
720 2168 799 2200 pag.
817 2168 836 2200 7
847 2160 864 2195 4
880 2181 887 2196 ,
901 2153 1123 2188 contendunt

446 2209 606 2243 Naevium
639 2221 761 2241 verum
790 2220 861 2241 esse
886 2204 994 2253 liujus
1024 2206 1123 2240 mimi

446 2271 636 2296 auctorem.
661 2262 714 2295 Cf.
736 2262 884 2308 Ruperti
898 2261 940 2294 ad
960 2260 1121 2293 Juvenal.

447 2316 583 2349 Nosti-ee
598 2315 693 2348 Edit.
714 2316 755 2348 T.
776 2316 815 2356 Ι,
832 2328 868 2360 p.
890 2315 986 2359 6783
1006 2322 1039 2347 et
1061 2314 1123 2359 qui

446 2370 580 2414 primus
613 2382 651 2402 ac
681 2368 890 2401 novissimus
927 2367 1053 2400 exstitit
1088 2367 1122 2399 in

448 2423 570 2467 Anglia
596 2422 791 2455 litterarum
822 2433 1045 2454 romanarum
1068 2420 1123 2453 hi-

446 2475 594 2508 storicus
621 2474 845 2508 doctissimus
874 2476 1026 2507 DUNLOP
1045 2500 1054 2514 ‚
1087 2474 1123 2506 in

448 2529 584 2574 History
600 2528 701 2570 oftlze
720 2529 843 2561 Roman
856 2528 935 2561 Litt.
953 2526 1120 2563 L0nd0n‚

452 2582 604 2620 1823‚t.
621 2581 648 2613 I.
668 2581 735 2613 En.

501 2637 535 2667 6.
567 2635 664 2680 Illqlbs?
690 2638 773 2666 omni
801 2647 950 2679 Ilub'qllflnl
981 2647 1120 2678 COI'JJOJ'L'.

444 2690 582 2733 Corpus
602 2700 673 2720 non
698 2696 770 2719 erat
792 2699 918 2732 corpus
934 2713 942 2727 ‚
968 2686 1026 2719 sed
1051 2700 1120 2719 non

1186 1304 1252 1336 nisi
1309 1305 1435 1337 vulnus
1485 1305 1745 1338 continuatum.
1793 1307 1860 1339 En.

1241 1369 1274 1401 7.
1292 1357 1358 1390 Hic
1369 1365 1401 1390 et
1411 1366 1480 1390 tres
1494 1358 1717 1403 insequentes
1727 1371 1846 1393 versus
1858 1386 1867 1403 ,

1185 1418 1352 1455 tanquam
1370 1410 1504 1455 spurii,
1525 1411 1726 1456 relegantur
1742 1411 1784 1444 ad
1803 1426 1865 1445 ne·-

1184 1462 1257 1495 scio
1271 1475 1374 1508 quem
1389 1463 1690 1498 panormitanum.
1710 1464 1778 1498 Sed
1791 1478 1864 1499 non

1184 1515 1310 1556 video,
1334 1516 1450 1561 inquit
1473 1517 1688 1561 Cagnerius,
1709 1530 1772 1551 cur
1794 1518 1862 1561 ita;

1184 1581 1242 1602 eos
1257 1570 1350 1602 enim
1371 1570 1448 1615 plus
1467 1570 1546 1602 satis
1563 1569 1747 1604 confirmat
1763 1580 1864 1605 vetus

1185 1623 1384 1668 exemplar,
1412 1631 1446 1656 et
1472 1623 1698 1668 Epigramma
1728 1624 1863 1669 elegans

1184 1674 1228 1708 de
1250 1676 1399 1709 Scaevola
1428 1676 1554 1709 fictitio
1577 1676 1638 1721 qui
1662 1685 1863 1711 constanter

1183 1727 1272 1761 adeo
1294 1742 1329 1762 se
1352 1729 1454 1775 gessit
1477 1741 1484 1761 :
1513 1746 1526 1758 ‹-
1552 1729 1650 1762 Seire
1670 1730 1764 1775 piget
1783 1739 1863 1775 post

1183 1782 1250 1814 tale
1269 1782 1366 1815 nefas
1379 1780 1465 1828 quid
1484 1782 1605 1815 fecerit
1625 1790 1726 1816 ante:
1744 1783 1862 1824 Quam

1182 1834 1257 1868 vidi
1275 1836 1356 1869 satis
1381 1844 1431 1869 est
1452 1836 1542 1869 hauc
1560 1835 1647 1868 mihi
1670 1848 1771 1869 nosse
1789 1849 1862 1869 ma-

1183 1901 1282 1922 num.
1305 1906 1317 1918 u
1345 1889 1395 1922 Ex
1416 1889 1545 1934 quibus
1565 1889 1727 1934 colligere
1745 1897 1796 1922 est
1810 1888 1863 1923 di-

1182 1941 1416 1987 versigeneris
1432 1941 1562 1986 flagitia
1574 1942 1678 1975 variis
1693 1950 1727 1976 et
1744 1942 1862 1988 exqui-

1183 1995 1256 2028 sitis
1278 1994 1458 2040 suppliciis
1479 1995 1627 2040 expiata.

1238 2061 1273 2092 7.
1289 2049 1432 2093 Denique
1448 2049 1644 2092 supplicium.
1662 2048 1794 2081 Versus
1811 2061 1860 2081 se·

1183 2109 1328 2146 quentes
1348 2109 1386 2134 ut
1405 2100 1595 2133 adulterini
1611 2113 1628 2133 a
1649 2100 1860 2146 quibusdam

1182 2154 1417 2197 rejiciuntur:
1446 2166 1650 2199 perpcram;
1680 2154 1734 2187 his
1764 2154 1858 2187 enim

1183 2205 1327 2248 additis,
1344 2205 1560 2240 crudelitatis
1572 2215 1654 2240 nota
1666 2231 1675 2248 ,
1691 2219 1767 2252 quae
1786 2208 1859 2240 Do-

1183 2260 1330 2293 mitiano
1351 2260 1445 2293 inuri
1465 2260 1633 2305 potuisset
1646 2285 1655 2301 ‚
1673 2268 1707 2292 et
1727 2268 1858 2305 specta-

1183 2314 1252 2346 culi
1272 2313 1417 2358 gratiam
1436 2313 1660 2358 refrigerare,
1684 2312 1831 2346 deletur.

1238 2381 1271 2410 9.
1289 2367 1418 2411 Templa
1437 2367 1493 2399 wel
1505 2379 1622 2398 arcano
1638 2392 1646 2405 ,
1666 2373 1722 2398 etc.
1743 2365 1858 2398 Orna-

1184 2428 1220 2452 tu
1230 2445 1239 2460 ‚
1250 2419 1369 2453 statuis
1379 2445 1387 2460 ‚
1400 2420 1486 2453 vasis
1498 2419 1710 2464 templorum
1725 2418 1838 2451 aureis
1848 2445 1858 2460 ‚

1184 2473 1238 2505 vel
1277 2473 1380 2506 etiam
1428 2472 1567 2518 privato
1598 2484 1683 2504 auro
1719 2471 1858 2516 templis

1183 2525 1349 2559 custodiae
1373 2538 1471 2558 causa
1497 2524 1670 2569 deposito.
1693 2523 1859 2557 Solebant

1184 2580 1274 2612 enim
1296 2580 1441 2611 Veteres
1471 2578 1507 2610 in
1535 2577 1674 2622 templis
1700 2576 1796 2622 quasi
1821 2577 1857 2610 in

1185 2645 1263 2665 arca
1282 2645 1300 2665 a
1318 2632 1454 2665 furibus
1469 2630 1551 2675 ipsis
1573 2638 1667 2671 tuta,
1687 2629 1858 2675 privatam

1184 2685 1370 2730 pecuniam
1393 2683 1580 2729 deponere.
