2061 3288
398 268 488 295 xxii
622 252 708 293 DE
747 252 808 293 M.
832 252 970 294 VAL.
1012 251 1402 294 MARTIALIS
1431 252 1590 293 VITA

399 349 486 394 est,
518 338 635 399 quod
668 355 757 382 non
790 338 964 381 Videtur
991 340 1182 399 potuisse
1214 338 1455 395 Martialis,
1486 348 1562 382 aut
1593 337 1812 382 voluisse?

401 409 533 467 Quod
563 410 706 470 ipsum
728 426 827 454 reor
848 409 954 464 fuit,
979 425 1058 452 cur
1084 408 1226 454 nullus
1248 408 1547 453 familiaritatis
1577 408 1706 453 index
1737 419 1812 452 aut

401 479 671 541 symbolum,
701 490 776 523 aut
806 480 1114 524 contesseratio
1148 480 1265 540 apud
1295 482 1527 541 scriptores
1555 479 1811 540 reperiatur.

401 552 650 595 Librarium
678 568 864 611 puerum
884 550 1061 606 habuit,
1084 550 1239 595 Afrum
1260 552 1556 606 Demetrium,
1573 567 1702 611 quem
1724 566 1816 593 mo-

402 623 584 665 riturum
600 658 610 677 ,
642 637 738 665 sero
761 621 888 664 nimis
904 656 915 674 ,
943 619 1141 664 libertate
1162 622 1364 677 donavit,
1387 621 1440 664 de
1460 637 1547 681 quo
1565 657 1576 677 ,
1602 623 1622 664 I
1637 656 1647 676 ,
1670 637 1747 665 cn.

563 718 631 754 Illa
648 730 782 753 manus
800 716 994 766 quondam
1012 717 1225 754 studiorum
1245 717 1319 754 fida
1335 730 1527 761 meorum,

615 782 661 815 Et
683 778 769 815 felix
792 777 966 823 domino,
983 787 1149 827 notaque
1167 777 1390 815 Caesarihus.

408 876 543 918 Gravi
564 875 719 917 inorbo
746 873 876 917 semel
909 873 1141 929 duntaxat,
1165 875 1267 917 1111111
1298 875 1450 918 Romae
1476 875 1607 929 vixit,
1631 883 1819 917 tentatus

407 955 495 999 cst,
528 947 658 1000 VIH,
681 961 776 988 XXV
797 963 803 987 z

671 1049 807 1086 Vidisti
826 1051 936 1086 semel
951 1079 959 1093 ‚
978 1052 1155 1100 Oppiane
1168 1080 1177 1096 ‚
1197 1061 1341 1087 tantum

674 1114 830 1160 fiigrum
848 1125 906 1147 mc
926 1112 1021 1148 1111111·
1040 1127 1046 1146 :
1065 1125 1164 1162 saepe
1182 1122 1218 1148 te
1238 1112 1388 1149 videbo.

410 1211 502 1254 Lib.
526 1213 588 1253 Vl
606 1247 617 1265 ,
641 1227 778 1262 Lvul,
801 1211 950 1271 sejam
981 1229 1118 1272 prope
1140 1212 1459 1256 conclamatum
1484 1214 1541 1255 ait
1561 1230 1567 1254 :

516 1320 549 1351 0
573 1328 686 1363 quani
707 1328 813 1364 paenc
835 1314 901 1350 tibi
922 1316 1070 1364 Stygias
1092 1329 1162 1364 ego
1187 1325 1316 1366 raptus
1340 1316 1384 1352 ad
1408 1316 1548 1361 undas,

567 1376 703 1424 Elysia:
727 1376 803 1412 vidi
824 1376 955 1413 nubila
977 1377 1080 1413 fusca
1101 1378 1238 1426 plagae!

484 1478 735 1521 Domitiano
765 1478 934 1521 sublato
951 1514 961 1533 ,
988 1479 1223 1521 Parthenio
1246 1481 1484 1522 Maecenate
1511 1480 1650 1522 amico
1685 1477 1826 1521 aulico

414 1566 435 1591 a
462 1548 666 1591 militibus
698 1549 927 1592 interfecto
945 1585 954 1603 ,
977 1566 1110 1609 quum
1138 1549 1254 1609 apud
1283 1549 1470 1592 Nervam
1499 1566 1676 1610 parum,
1710 1548 1825 1609 apud

414 1620 649 1680 Trajanum
674 1619 777 1662 nihil
796 1629 942 1680 posset
959 1655 970 1672 ,
998 1636 1142 1663 rerum
1167 1621 1434 1663 urbanarum
1462 1619 1587 1664 taedio
1610 1619 1793 1662 affectus
1810 1655 1823 1673 ,

414 1689 669 1750 uigentibus
685 1691 774 1749 jam
796 1690 922 1733 taedio
943 1700 985 1733 et
1006 1690 1103 1733 fatis
1119 1691 1333 1751 ,patiiam
1356 1692 1519 1751 repetix
1512 1692 1581 1745 it
1602 1691 1643 1732 in
1666 1706 1827 1749 eaque,

415 1760 616 1804 ‹onfeeto
647 1777 725 1828 pti
747 1762 982 1804 triennium
1007 1760 1119 1804 111)10
1141 1761 1430 1816 duodecimo,
1450 1771 1615 1804 naturae
1645 1776 1828 1804 conces-

417 1832 469 1874 sit
497 1848 504 1873 :
538 1848 678 1890 neque
708 1832 820 1874 enim
848 1842 935 1874 tam
970 1841 1138 1892 oratam
1170 1841 1212 1875 et
1243 1848 1418 1875 suavem
1443 1833 1601 1884 Vitam,
1627 1847 1756 1891 quam
1787 1831 1829 1872 in

416 1903 555 1961 patiia
597 1903 814 1961 speiavit,
851 1904 921 1944 1111
927 1904 1052 1957 enit,
1094 1904 1227 1946 immo
1266 1901 1520 1946 aemulomm
1557 1902 1829 1961 municipum

417 1972 546 2016 dente
566 1971 778 2016 laceratus
802 1973 993 2027 assidue,
1013 1990 1064 2016 ex
1085 1973 1362 2034 aegritudine,
1383 1972 1512 2016 credo
1529 2007 1540 2027 ,
1564 1973 1696 2015 animi
1716 1987 1830 2014 mor-

418 2044 522 2085 bum
560 2044 789 2103 concepit,
821 2053 863 2086 ct
891 2045 1028 2104 periit.
1060 2044 1171 2087 Nam
1205 2043 1349 2104 paullo
1382 2053 1500 2104 post,
1529 2042 1620 2101 ejus
1647 2051 1831 2085 mortem

418 2113 579 2156 Plinius
600 2113 785 2174 eleganti
813 2114 867 2157 ad
898 2115 1097 2157 Priscum
1118 2114 1297 2175 epistola
1320 2114 1589 2174 deploravit,
1620 2111 1834 2171 simulque

417 2183 537 2226 Velut
566 2184 765 2227 funebria
796 2184 1016 2245 persolvit.
1047 2188 1200 2228 Forma
1234 2185 1320 2227 oris
1358 2194 1400 2227 et
1433 2200 1540 2227 voce
1577 2183 1688 2226 Virili
1725 2182 1836 2237 fuit,

419 2253 555 2313 piloso
589 2265 631 2297 vt
663 2256 828 2298 hirsuto
866 2272 1076 2315 corpore,
1107 2266 1155 2299 ut
1184 2255 1252 2298 illa
1284 2272 1388 2315 gens
1419 2254 1676 2315 plerumque
1711 2251 1833 2297 solet.

420 2326 515 2366 Hoc
536 2325 671 2368 Poeta
695 2326 885 2369 ostendit
901 2362 912 2379 ,
932 2343 1065 2386 quum
1090 2328 1154 2380 X,
1182 2342 1287 2380 va,
1309 2326 1644 2369 Carmenionem
1667 2323 1805 2382 carpit
1824 2357 1835 2375 ,

421 2410 549 2453 seque
581 2396 721 2455 ipsum
753 2396 977 2456 depingit:

710 2501 886 2550 Hispanis
905 2515 974 2551 ego
993 2512 1193 2538 contumax
1215 2502 1378 2551 capillis,

714 2561 876 2598 Hirsutis
900 2576 969 2612 ego
993 2563 1167 2599 cruribus
1189 2563 1379 2613 genisque,

713 2626 765 2658 05
786 2622 940 2660 hlaesum
964 2624 1050 2670 tibi,
1070 2624 1281 2674 debilisque
1303 2625 1428 2673 lingua
1453 2633 1527 2659 {rsit

717 2684 831 2720 Vobis
852 2686 925 2721 filia
950 2686 1083 2722 fortini-*-
1104 2687 1290 2734 loquetur.
