2061 3288
461 177 1041 222 EPIGRAMMATUM
1080 176 1204 220 LIB.
1243 176 1276 218 Ι.

1510 175 1569 234 37

758 329 987 387 XLIII.

414 530 417 531 ⁷
464 490 530 517 DE
568 489 783 518 PORCJA
823 488 1014 517 Uxonss
1053 465 1280 515 BRUT1.*

239 613 471 655 Comnffls
499 609 688 653 audisset
715 608 852 652 fatum
879 623 1013 669 quum
1040 607 1196 652 Porcia
1223 607 1376 663 Bruti,

307 682 364 725 Et
387 680 608 724 subtracta
639 679 719 723 sibi
744 688 957 740 quaereret
982 694 1103 722 arma
1133 676 1283 721 dolor:

237 750 446 795 Nondum
474 751 611 806 scitis,
639 751 722 805 ait,
748 759 934 794 mortem
963 766 1052 793 non
1078 765 1205 811 posse
1231 747 1411 809 negari?

307 821 615 876 Coedidcram,
639 822 739 865 satis
763 822 848 865 hoc
874 838 952 865 vos
976 820 1174 865 docuisse
1198 829 1380 880 patrem.

239 893 383 947 Dixit,
414 903 456 936 et
481 893 682 937 ardentes
708 892 836 936 avido
867 892 975 936 bibit
1005 908 1079 935 ore
1110 890 1292 935 favillas,

309 966 330 1007 I
357 980 497 1019 nunc,
520 974 563 1007 ct
586 963 772 1017 ferrum,
798 963 928 1007 turba
949 962 1131 1006 molesta
1146 997 1157 1017 ,
1187 977 1298 1022 nega
1325 958 1333 1003 l

224 1093 239 1107 *
258 1097 310 1129 De
334 1097 448 1130 Porcia
472 1097 552 1131 Ald.
579 1099 599 1131 J
604 1106 677 1131 unt.
706 1098 845 1143 Gryph.

171 1147 285 1183 Colin.
307 1158 341 1183 et
357 1150 430 1183 aliae
444 1158 529 1184 vett.

230 1216 260 1236 1.
290 1202 498 1236 Beverlandi
529 1203 604 1236 MS.
628 1205 764 1247 sactum.
797 1225 848 1230 —

171 1256 300 1289 Porcia.
342 1256 428 1289 Filia
470 1256 608 1289 Catonis
648 1256 848 1297 Uticensis,
897 1290 899 1293 ,

172 1320 263 1341 uxor
295 1309 393 1342 Bruti
405 1334 414 1350 ‚
449 1309 508 1353 qui
535 1321 696 1354 pugnans
727 1317 850 1342 contra

171 1362 368 1406 Augustum
383 1362 550 1395 occubuit
566 1361 601 1394 in
621 1362 752 1407 campis
767 1362 850 1394 Phi-

170 1413 310 1459 lippicis
334 1414 371 1447 in
390 1415 590 1456 Thessalia3
614 1416 712 1460 cujus
736 1422 852 1448 morte

173 1466 307 1507 audita,
334 1468 459 1501 Porcia
476 1468 586 1501 vitam
609 1468 701 1502 finiit
722 1468 854 1502 haustis

173 1521 384 1554 carbonibus
401 1521 562 1555 accensis.

230 1573 264 1607 3.
287 1573 375 1607 Sunt
396 1574 457 1620 qui
477 1575 595 1620 legant
615 1573 851 1620 conjunctim:

176 1635 302 1659 mortem
326 1640 387 1659 non
403 1640 494 1672 posse
514 1630 628 1672 negari
651 1627 854 1661 Credideram

170 1681 253 1723 fatis
273 1680 329 1712 Ιιοε
345 1680 486 1713 docuisse
502 1707 511 1720 ,
537 1689 602 1714 etc.
623 1680 723 1726 quasi
737 1679 830 1714 dicat
845 1707 854 1721 ‚

177 1733 295 1766 invitis
311 1733 414 1766 etiam
433 1733 511 1767 fatis
527 1741 676 1767 mortem
691 1732 855 1779 impediri

178 1798 250 1819 non
263 1797 364 1831 posse
376 1786 414 1819 in
429 1801 442 1813 «
459 1787 603 1819 homine
615 1787 707 1819 mori
720 1795 827 1820 certo.
840 1805 855 1815 n

179 1840 377 1883 -Negw-i.
404 1838 587 1885 Impediri.
615 1839 757 1873 Catonis
784 1852 858 1872 mo·

180 1892 285 1926 rituri
298 1893 491 1926 celebratur
510 1893 569 1925 illa
584 1905 650 1925 vox
667 1905 675 1926 :
701 1910 714 1921 α
734 1905 776 1926 an
795 1905 857 1925 ne-

907 1096 971 1130 scis
998 1095 1176 1141 paulisper
1201 1094 1329 1140 spiritu
1349 1104 1507 1138 represso
1529 1101 1589 1126 aut

908 1150 1024 1195 capite
1049 1147 1092 1182 ad
1115 1147 1284 1194 parietem
1307 1147 1397 1180 illiso
1416 1146 1526 1179 emori
1543 1146 1587 1179 li-

907 1202 1016 1236 cere?
1042 1219 1054 1232 ι

964 1260 997 1295 4.
1011 1255 1048 1288 V
1045 1268 1079 1287 os
1091 1255 1241 1288 docuisse.
1255 1254 1376 1295 Quum
1390 1265 1425 1286 se
1437 1252 1588 1298 graviter

910 1309 997 1342 Cato
1022 1309 1114 1341 ferro
1138 1307 1354 1341 vulnerasset
1368 1333 1377 1348 ‚
1397 1304 1589 1351 impeditus

911 1361 976 1394 fuit
986 1361 1029 1394 ab
1040 1360 1158 1394 amicis
1174 1372 1220 1393 ne
1230 1372 1266 1393 se
1276 1360 1424 1392 omnino
1435 1358 1590 1392 confice-

911 1423 979 1455 ret,
992 1425 1182 1459 passusque
1199 1421 1250 1446 est
1260 1414 1302 1446 ab
1314 1412 1355 1446 iis
1367 1412 1492 1445 vulnus
1503 1410 1591 1444 obli-

913 1467 1004 1513 gari,
1019 1480 1057 1501 ac
1071 1467 1186 1500 somni
1201 1465 1395 1512 cupiditate
1411 1464 1570 1499 simulata
1582 1490 1592 1505 ‚

915 1533 1023 1566 quum
1053 1519 1194 1553 eosdem
1227 1519 1324 1552 abire
1352 1517 1593 1564 compulisset,

913 1574 1033 1607 solutis
1052 1573 1180 1619 quibus
1203 1572 1398 1618 obligatum
1421 1579 1494 1604 erat
1518 1570 1595 1603 vul-

912 1640 978 1660 nus
989 1627 1149 1669 vinculis⁷
1161 1626 1289 1659 inserta
1298 1638 1361 1671 per
1371 1623 1460 1657 illud
1475 1636 1579 1656 manu
1589 1649 1597 1664 ‚

914 1680 1044 1715 viscera
1063 1680 1129 1713 sibi
1149 1687 1182 1713 et
1197 1679 1304 1712 vitam
1325 1678 1461 1711 avulsit.

970 1736 1003 1767 6.
1034 1734 1054 1766 Ι
1075 1746 1166 1766 nunc.
1196 1732 1276 1765 Vox
1304 1740 1354 1765 est
1383 1730 1595 1764 insultantis.

916 1785 1002 1819 Vid.
1017 1786 1078 1819 lib.
1093 1793 1243 1831 spectac.
1257 1786 1366 1830 epigr.
1380 1795 1486 1825 xxnr,
1501 1794 1595 1816 vers.

916 1839 978 1872 ult.
1001 1857 1015 1869 «ι
1043 1840 1059 1871 Ι
1087 1851 1182 1871 nunc
1195 1863 1205 1879 ,
1232 1846 1266 1871 et
1293 1839 1401 1871 lentas
1436 1836 1574 1880 corripe
1585 1860 1595 1875 ‚

918 1893 1020 1925 turba
1032 1917 1041 1934 ‚
1063 1891 1197 1925 moras!
1213 1908 1225 1920 ι.

777 2024 1000 2082 XLIV.

291 2180 347 2207 IN
386 2178 723 2216 MANCINUM,

763 2177 991 2207 AVARUM
1029 2175 1493 2207 CONVIVATOREM.

256 2299 332 2340 B1s
360 2296 435 2338 tibi
462 2296 613 2339 triceni
640 2295 824 2351 fuimus,
846 2294 1074 2350 Mancino,
1091 2295 1258 2348 vocati,

327 2368 385 2409 Et
405 2366 596 2427 positum
619 2374 683 2408 est
704 2365 830 2409 nobis
857 2364 916 2407 nil
937 2365 1066 2418 here,
1091 2375 1250 2425 praeter
1277 2380 1434 2425 aprum
1459 2380 1467 2406 :

257 2437 362 2481 Non
390 2453 484 2497 quae
511 2435 564 2480 de
591 2435 724 2479 tardis
752 2445 981 2480 servantur
1010 2435 1172 2479 vitibus
1203 2451 1324 2491 uvae,

246 2583 279 2603 2.
303 2571 401 2603 Here.
426 2569 652 2602 Vocabulum
677 2576 776 2601 vetus
800 2580 864 2613 pro

191 2624 277 2656 lem-i:
299 2623 459 2656 hesterna
478 2622 546 2656 die.

979 2567 1012 2601 3.
1039 2569 1091 2600 De
1121 2568 1221 2601 lat-dis
1251 2568 1380 2600 vilibus.
1410 2568 1604 2611 Propterea

925 2619 1020 2664 quod
1038 2633 1113 2655 uvae
1131 2621 1167 2654 in
1186 2621 1315 2655 vitibus
1338 2620 1609 2654 asservabantur
