2061 3288
430 243 491 289 36
792 244 852 285 M.
880 244 1021 287 VAL.
1060 244 1464 288 MARTIALIS.

565 334 704 377 Fortis
736 331 878 376 adhuc
910 332 1045 375 teneri
1077 330 1254 375 dextera
1287 329 1585 392 Carpophori!

498 404 575 448 Ille
601 403 699 447 tulit
723 403 918 462 geminos
950 401 1063 445 facili
1091 403 1260 445 cervice
1285 402 1519 462 juvencos3

568 474 636 517 Illi
664 474 790 518 cessit
815 482 940 516 atrox
965 471 1150 516 bubalus
1176 482 1304 532 atque
1335 472 1471 517 bison.

504 548 628 589 {lunc
660 544 726 588 leo
753 559 886 604 quum
913 543 1108 602 fugeret,
1135 559 1328 603 praeccps
1356 544 1399 586 in
1424 542 1508 586 tela
1537 544 1730 587 cucurrit
1753 561 1759 586 :

570 618 590 659 I
622 631 763 668 nunc,
794 623 836 657 et
861 613 998 657 lentas
1028 614 1222 673 corripe,
1254 614 1404 669 turba,
1428 630 1586 658 moras.

568 745 718 788 Καίτοι
743 742 876 804 κάρτα
902 744 988 785 νέου
1018 743 1284 802 Καρποφόρου
1309 740 1500 803 παλοὶμτ,1

501 818 649 876 Aia-Assur
679 815 748 874 μὲν
774 815 900 873 κούφῃ
929 807 1086 862 δισσοὺς
1113 807 1337 863 ὑπεδέξατο
1364 814 1552 874 ταύρουςἼ

573 883 664 936 Εἷξε
693 880 730 927 δ’
761 885 796 927 οἱ
822 885 1035 945 α’γρότερος
1067 880 1288 937 βούὲαλος,
1320 879 1393 933 εἶξε
1428 883 1563 937 {iio-mv,

501 951 631 1001 Τοῦδε
655 958 781 1009 'mim'
808 956 867 998 ὅτ’
896 956 1074 1014 ἔφευγεν)
1101 952 1291 996 ἀπαντῶν
1322 955 1486 1014 ἔμπεσεν
1513 956 1632 1014 ἔγχει,

575 1021 784 1086 Ᾱμὲολίας
810 1025 862 1068 ἴθι
891 1019 942 1072 δὴ
972 1025 1145 1084 μέμφεο,
1172 1018 1276 1084 δῆμε
1303 1025 1454 1068 πέπων.

435 1167 561 1214 Odyss.
583 1167 694 1200 Cretae
711 1173 794 1198 sunt
810 1164 950 1211 populi3
966 1164 1111 1197 Creten-

436 1234 487 1255 ses
503 1233 585 1254 vero
600 1217 785 1265 sagittandi
799 1227 870 1251 arte
884 1217 1113 1264 peritissimos

437 1275 545 1308 fuisse
562 1285 666 1306 nemo
686 1271 807 1304 nescit.
829 1272 896 1304 En.

491 1328 526 1361 3.
549 1326 606 1359 Ille
625 1325 709 1358 tulit.
734 1324 904 1364 Sustulit,
929 1323 1113 1356 interfecit.

438 1401 489 1407 -—
508 1379 616 1413 Facili
641 1380 766 1410 cervice.
788 1377 898 1409 Tauri
930 1389 1036 1422 quam
1065 1376 1114 1408 fa-

435 1433 574 1466 cillime
598 1443 744 1476 quoquo
764 1442 905 1462 versum
932 1429 1103 1462 cervicem

439 1492 618 1519 moventes
633 1483 840 1515 difficillime
854 1490 887 1514 et
899 1481 1118 1527 periculosis-

441 1539 527 1572 sime
553 1536 728 1570 feriuntur
753 1548 761 1568 x
793 1535 900 1580 igitur
921 1547 1038 1567 sensus
1060 1534 1116 1566 liic

441 1600 493 1625 est
522 1603 626 1636 quem
653 1601 731 1622 curn
752 1588 945 1621 Ramiresio
975 1587 1117 1632 adopta-

443 1657 521 1678 mus
539 1657 550 1677 :
571 1641 795 1688 quantumvis
814 1640 948 1673 cervice
966 1640 1118 1673 versatili

445 1706 477 1731 ct
496 1697 560 1730 tela
575 1695 654 1728 ideo
672 1694 888 1727 declinantes
901 1702 1017 1726 tauros
1032 1692 1119 1725 duos

445 1758 539 1784 certo
547 1748 697 1783 confecit
708 1748 775 1780 ictu
785 1746 1119 1791 CarpophorusEn.

447 1803 516 1836 Alii
530 1803 651 1836 volunt
661 1800 718 1833 hic
732 1800 910 1845 speciatim
924 1799 1122 1832 rohurCar-

446 1855 603 1902 popliori
620 1852 778 1894 ostendi,
798 1852 893 1897 quod
919 1852 1032 1885 «faciti
1048 1863 1121 1884 cer-

447 1910 523 1943 vice
541 1926 553 1938 ι
569 1934 578 1949 .‚
597 1906 632 1940 id
652 1915 702 1939 est
715 1930 724 1946 ‚
745 1906 843 1938 nullo
859 1906 978 1938 labore
990 1929 999 1944 ‚
1022 1904 1123 1937 binos

450 1963 552 1995 simul
577 1969 694 1994 tauros
718 1972 781 2005 per
801 1971 953 2004 pugnarn
980 1971 997 1990 a
1018 1970 1052 1990 se.
1074 1957 1125 1989 in-

448 2016 609 2048 terfectos
618 2012 767 2058 gestarit.
779 2012 967 2044 Turnebus
978 2011 1125 2043 verbum

455 2069 548 2108 tulit,
567 2067 831 2111 interpretatur,
845 2064 1038 2103 interfecit,
1056 2075 1126 2095 sus-

454 2121 555 2163 tulit,
575 2131 697 2153 eorum
716 2117 851 2151 cervice
874 2116 916 2150 ad
938 2116 1126 2150 conficien-

455 2173 539 2207 dum
561 2173 703 2205 minime
724 2171 811 2203 dura
835 2179 869 2203 et
890 2177 1127 2215 repugnante,

455 2226 514 2260 sed
524 2226 622 2260 facile
631 2224 881 2258 venabulorum
892 2223 983 2255 ferro
991 2222 1127 2255 violata.

513 2284 547 2320 4.
571 2277 689 2313 Codex
715 2277 852 2310 Thuan.
882 2275 1012 2307 bubulus
1039 2283 1130 2320 alque

457 2333 557 2365 biron.
572 2331 665 2364 Vide
674 2331 796 2363 Senec.
814 2329 849 2361 in
863 2329 1068 2373 Hippolyto.
1080 2347 1131 2352 -

459 2385 602 2418 Babulus
633 2392 726 2428 atque
756 2383 865 2415 Bison.
899 2381 1021 2414 Bubali
1053 2389 1133 2413 sunt

460 2438 602 2483 proprie
630 2436 742 2478 tauri,
765 2448 851 2481 quos
880 2435 1002 2478 busalos
1028 2432 1133 2466 hodie

1170 1163 1266 1204 Itali,
1282 1164 1449 1197 Germani
1465 1164 1593 1207 Buffels
1609 1164 1773 1197 vocitant.
1786 1165 1847 1197 Est

1171 1216 1277 1249 Bison
1300 1218 1394 1250 cervi
1415 1217 1548 1262 figura,
1573 1219 1672 1262 cujus
1696 1230 1712 1249 a
1733 1216 1848 1250 media

1172 1270 1286 1302 fronte
1328 1270 1420 1303 inter
1458 1282 1556 1303 aures
1590 1283 1702 1302 unuin
1737 1282 1848 1303 cornu

1173 1322 1288 1356 existit
1318 1323 1512 1362 excelsum,
1540 1324 1637 1367 cujus
1665 1336 1683 1355 e
1712 1335 1850 1355 summo

1172 1376 1261 1408 rami
1278 1385 1443 1421 tanquam
1460 1376 1566 1420 palmi
1585 1374 1847 1408 diffunduntur.

1172 1427 1321 1461 Eosdem
1337 1428 1501 1462 describit
1514 1429 1664 1470 Plinius,
1683 1428 1850 1467 lib.V1H‚

1175 1493 1248 1526 cap.
1270 1494 1283 1514 1
1296 1481 1327 1515 5.

1231 1534 1262 1567 5.
1285 1535 1323 1567 In
1342 1535 1404 1566 tela
1422 1537 1568 1567 cucurrit.
1588 1534 1852 1572 Subsessorum,

1176 1587 1236 1634 qui
1258 1587 1293 1619 in
1314 1585 1450 1620 insidiis
1469 1588 1598 1628 latent,
1619 1587 1655 1619 in
1675 1585 1852 1619 venatoris

1177 1639 1370 1673 subsidium
1389 1640 1448 1672 ubi
1468 1653 1556 1685 opus
1574 1640 1630 1674 sit.

1232 1697 1265 1727 6.
1294 1694 1312 1726 I
1335 1705 1426 1726 nunc.
1448 1694 1528 1726 Vox
1553 1702 1603 1726 est
1628 1691 1850 1725 insultantis:

1180 1747 1228 1779 sic
1246 1746 1377 1791 populo
1395 1746 1536 1779 insultat
1550 1746 1655 1779 Poeta
1671 1744 1766 1790 quod
1782 1756 1854 1778 cer-

1181 1799 1318 1832 taminis
1352 1811 1486 1831 moram
1520 1800 1599 1832 alias
1631 1798 1853 1844 impatienter

1181 1853 1289 1885 ferret
1305 1877 1313 1892 ,
1347 1864 1451 1896 quem
1480 1854 1549 1896 jam
1581 1851 1749 1896 conqueri
1782 1862 1853 1883 non

1181 1917 1282 1950 posse
1303 1905 1548 1950 subintelligit,
1566 1917 1674 1949 quum
1695 1904 1782 1937 feras
1804 1915 1856 1936 ce-

1184 1958 1323 1990 lerrime
1367 1957 1551 1990 interficiat
1591 1957 1855 2002 Carpophorus.

1186 2010 1278 2043 Vide
1305 2010 1467 2055 epigram.
1491 2009 1639 2055 praeced.
1663 2018 1793 2042 notam.
1813 2007 1857 2041 ad

1186 2063 1280 2096 verb.
1314 2063 1438 2095 Pavidi.
1463 2085 1515 2089 —
1540 2063 1670 2108 Corripe
1688 2090 1696 2103 ‚
1727 2062 1856 2095 incusa.

1187 2137 1237 2141 —
1270 2115 1423 2160 Longius
1464 2114 1634 2161 producta
1669 2115 1858 2148 certamina

1187 2167 1488 2201 oclerantRomani
1497 2195 1505 2209 ‚
1517 2177 1554 2201 ut
1564 2177 1706 2214 apparet
1717 2181 1755 2201 ex
1767 2168 1858 2213 epig.

1191 2234 1284 2262 xmx,
1296 2221 1330 2252 in
1350 2233 1432 2266 quo,
1448 2223 1543 2254 Vero
1557 2230 1588 2255 et
1603 2222 1719 2254 Prisco
1735 2220 1861 2266 gladia-

1190 2274 1324 2307 toribus
1338 2286 1437 2319 aequo
1459 2273 1660 2307 discrimine
1676 2273 1860 2319 pugnanti-

1191 2327 1254 2359 bus
1267 2353 1274 2367 ,
1290 2328 1441 2372 populo,
1464 2335 1503 2360 ut
1522 2328 1708 2372 patientius
1728 2338 1860 2359 moram

1192 2380 1392 2420 sustineret,
1410 2380 1525 2413 lauces
1541 2389 1575 2413 et
1593 2380 1684 2413 dona
1700 2378 1861 2412 distribui

1190 2434 1290 2477 jubet
1312 2433 1436 2466 Caesar.
1456 2433 1520 2465 Eu.
