2061 3288
441 203 539 260 334

811 205 872 247 Μ.
905 204 1045 247 VAL.
1086 204 1479 248 MARTIALIS

653 294 855 349 Quorum
878 308 956 352 per
976 291 1088 335 vada
1108 291 1233 335 tarda
1252 293 1529 353 navigantes,

652 365 817 406 Lentos
839 363 1004 422 tingitis
1026 361 1081 405 ad
1106 361 1320 406 celeusma
1345 378 1503 406 remos.

440 478 625 512 Cluverius
651 481 686 510 in
709 490 815 523 opere
844 477 1117 510 elaboratissimo

439 530 747 576 laudatissimoque
781 531 878 563 Italia
912 533 1054 575 antiqua.
1085 531 1119 562 Is

439 585 530 618 infra
544 584 694 617 Imolam
715 581 726 622 (
741 584 871 616 Forum
886 583 1044 616 Cornelii
1057 582 1119 615 ubi

442 647 525 671 tunc
539 631 702 679 Noster),
713 638 911 669 Vatrenum
928 635 1118 669 lentissime

442 691 552 724 fluere
575 690 715 731 asserit,
739 698 777 723 ut
798 697 833 722 et
855 687 939 722 Padi
963 689 1096 722 alveum
1110 714 1119 730 ‚

441 756 549 790 quem
568 745 743 776 Vatrenus
762 751 861 787 auget
873 768 881 783 ,
898 743 1042 787 proprie
1058 754 1120 774 vo-

440 806 557 830 catum
581 795 774 829 Eridanum
787 821 796 835 ,
816 796 850 828 iu
871 803 990 839 stagna
1006 807 1041 828 se
1057 793 1122 828 dif-

441 849 602 884 fundere.
619 848 712 882 Vide
732 849 849 893 ipsum
866 848 928 881 lib.
947 849 963 880 I
977 873 985 889 ‚
1004 861 1035 881 c.
1060 848 1119 881 35.

442 905 643 936 Vatrenum
672 914 809 934 amnem
846 900 1006 934 Leander
1038 900 1121 934 San-

445 966 530 989 teruo
549 955 656 989 hodie
671 963 771 988 vocat
790 967 797 988 :
813 956 989 987 Vatrenus
1005 962 1039 986 et
1056 954 1124 986 Va-

445 1019 563 1043 ternus
590 1009 792 1054 promiscue
819 1007 904 1041 dicit
931 1007 1121 1040 Ferrarius.

443 1062 526 1096 vid.
559 1062 650 1094 Plin.
681 1062 743 1094 lib.
772 1061 847 1102 ΙΙΙ,
880 1073 954 1106 cap.
992 1062 1051 1093 16.
1073 1081 1124 1086 --

443 1116 511 1148 Alii
529 1128 535 1149 2
558 1117 576 1146 Ῑ
585 1116 700 1147 ἀἰι-εηο
715 1115 894 1159 Rasinaque
902 1116 1125 1159 pigriores.—

444 1170 532 1210 Quae
562 1169 666 1201 lectio
701 1176 771 1200 tam
802 1165 985 1213 probanda
1022 1178 1126 1211 quam

445 1221 646 1267 praecedens
661 1247 670 1262 ,
688 1233 800 1266 quum
818 1220 943 1253 Rasina
965 1219 1036 1252 sive
1057 1219 1126 1252 Te·

445 1276 540 1316 sina,
564 1283 603 1307 ut
627 1274 747 1307 scribit
766 1272 1004 1306 Bernardinus
1025 1272 1127 1305 Scar-

447 1328 594 1360 deonius
610 1354 618 1369 ,
639 1328 730 1359 libro
750 1328 766 1359 I
784 1326 1046 1371 Antiquitatum
1067 1337 1126 1358 ur-

447 1382 500 1414 bis
521 1381 699 1414 Patavinae
714 1405 722 1419 ‚
743 1381 787 1412 sit
808 1379 937 1420 amnis,
954 1387 992 1411 ut
1007 1379 1130 1411 Vatre-

447 1447 528 1475 nus,
543 1447 583 1467 ex
603 1446 683 1479 agro
698 1432 930 1477 Foro-juliensi
946 1432 980 1464 in
993 1430 1126 1464 Padum

448 1487 610 1520 influens.
634 1487 700 1519 ED.
726 1506 778 1512 —-
804 1486 875 1518 Alii
898 1498 905 1517 :

447 1544 587 1586 sinuque.
614 1561 666 1566 ——-
689 1540 866 1571 Veternus
892 1538 985 1570 euim
1007 1546 1130 1583 torpor

932 1494 1059 1517 ‘veterno
1080 1498 1128 1516 I'C-

450 1603 499 1627 est
517 1593 631 1626 somni
644 1592 820 1630 morbosi;
841 1592 888 1624 sic
905 1599 1130 1623 veternosum

450 1647 627 1692 appellant
645 1671 653 1687 ‚
677 1643 773 1690 quod
799 1644 1031 1690 pigerrimum
1053 1652 1103 1676 est
1119 1668 1128 1683 ‚

452 1709 485 1732 et
510 1701 609 1744 quasi
636 1708 780 1737 veterno
804 1706 1035 1743 occupatum3
1067 1696 1131 1729 ita-

452 1766 520 1799 que
549 1751 689 1785 videtur
715 1750 884 1783 Martialis
911 1763 974 1796 per
999 1750 1132 1795 hyper-

452 1807 555 1839 bolen
575 1805 691 1839 dicere
704 1830 712 1845 ,
726 1805 861 1849 pigritia
881 1805 947 1847 ipsa
963 1805 1130 1848 pigriores.

453 1860 576 1892 Resiua
595 1871 678 1891 vero
695 1870 755 1891 sua
776 1857 961 1890 tenacitate
982 1865 1015 1889 et
1035 1854 1134 1888 lenti-

455 1912 578 1946 tudine
616 1910 805 1958 pigerrima
839 1918 889 1942 est
907 1935 916 1949 ‚
948 1909 1002 1941 vel
1037 1907 1136 1954 quod

457 1968 528 2011 ipsa
549 1978 613 2010 per
632 1966 796 1997 arborum
822 1971 966 1996 truncos
985 1961 1136 1995 lentissi-

456 2032 511 2052 me
539 2019 648 2059 fluat3
676 2018 727 2049 vel
760 2015 855 2062 quod
882 2014 1048 2048 detineat.
1070 2015 1136 2047 Ra-

457 2074 605 2104 miravius.
649 2091 700 2096 ——
742 2069 865 2110 Quum
907 2077 1022 2101 autem
1063 2067 1137 2100 haec

457 2127 561 2158 lectio
579 2123 737 2169 adoptari
750 2129 901 2167 nequeat
912 2116 978 2154 nisi
998 2121 1138 2164 Quorum

459 2180 494 2211 in
515 2178 618 2212 tertio
633 2189 735 2210 versu
750 2183 925 2208 mutemus
941 2175 977 2206 in
995 2187 1139 2219 quorsum

458 2244 563 2277 quam
591 2229 874 2263 emendationem
901 2241 918 2260 a
944 2227 1140 2259 Ramiresio

460 2285 584 2317 factam
608 2283 733 2316 merito
754 2281 912 2327 queritur
929 2280 1142 2320 Scriverius,

460 2338 549 2370 hanc
569 2337 753 2382 rejecimus
778 2335 976 2368 lectionem.
1000 2334 1068 2365 En.
1091 2354 1142 2358 —

460 2391 651 2434 Rejicimus
680 2400 821 2434 quoque
846 2387 1018 2419 Veientone
1038 2388 1143 2418 asino-

461 2457 545 2490 que;
568 2455 644 2488 quae
671 2441 774 2475 lectio
805 2440 971 2473 subtilior
1003 2437 1146 2472 videtur

463 2509 573 2542 quun]
606 2496 674 2528 hoc
707 2502 844 2528 tantum
880 2505 982 2526 versu
1016 2491 1148 2525 nitatur

463 2549 666 2589 Juvenalis,
689 2556 750 2580 sat.
771 2548 825 2579 ΠΙ
842 2558 849 2579 :
878 2564 891 2575 «
911 2547 960 2579 Ut
981 2554 1015 2579 te
1033 2544 1145 2590 respi-

464 2603 532 2636 ciat
559 2603 684 2636 Clauso
710 2600 863 2632 Veiento
892 2599 1021 2632 labello
1047 2616 1060 2627 »
1078 2623 1087 2638 ,
1106 2598 1143 2630 in

465 2668 535 2701 quo
549 2655 591 2689 de
606 2653 753 2687 homine
769 2660 955 2685 veternoso
974 2651 1142 2696 loquitur.

1178 495 1230 501 -—
1243 476 1312 509 Alii
1329 475 1483 522 denique
1505 478 1543 509 V
1539 484 1705 524 aternoque
1719 479 1856 525 Sapique

1173 531 1331 574 pigriores
1352 556 1362 569 ‚
1395 543 1473 575 quae
1505 531 1609 564 lectio
1639 532 1757 565 forsan
1785 540 1855 566 tam

1178 580 1362 628 probanda
1380 595 1484 628 quam
1500 584 1537 615 V
1533 592 1641 617 atreno
1651 585 1857 630 Eridanoque

1179 643 1213 668 et
1235 636 1377 667 Vatreno
1398 636 1598 682 Rasinaque,
1623 650 1733 682 quum
1758 638 1857 683 Sapis

1179 688 1224 721 sit
1241 687 1369 721 fluvius
1386 689 1534 723 AEmiliae
1550 702 1595 723 ex
1609 699 1729 724 monte
1744 691 1860 736 Apen-

1180 741 1266 773 nino
1293 753 1397 786 supra
1429 742 1603 776 Sarsinam
1633 743 1769 785 oriens;
1791 751 1857 777 etc.

1182 792 1266 827 Vid.
1282 793 1419 827 Ferrar.
1430 794 1571 828 Judicet
1588 796 1681 829 inter
1698 797 1772 830 haec
1787 808 1860 829 om-

1181 846 1238 880 nia
1255 846 1376 880 lector.
1390 848 1457 880 En.

1238 900 1270 933 3.
1297 900 1438 944 Quorum
1455 913 1512 942 per
1529 901 1617 933 vada
1636 901 1860 935 Ramiresius.

1183 974 1234 979 —
1255 953 1408 997 Quorum.
1430 953 1485 986 Sic
1506 966 1612 999 super
1630 954 1786 987 Vatreno
1804 955 1861 987 vel

1182 1005 1338 1038 Eridano
1362 1006 1526 1052 navigare
1554 1007 1752 1040 Martialem
1778 1019 1862 1052 sup-

1183 1059 1358 1102 ponimus.
1378 1060 1446 1092 ED.
1467 1058 1537 1092 Sed
1551 1060 1782 1101 Ramiresius‚
1802 1060 1864 1105 qui

1183 1124 1287 1145 versu
1313 1111 1524 1157 praecedenti
1550 1113 1633 1158 legit
1663 1121 1792 1146 aeterno
1813 1126 1864 1145 re-

1184 1167 1333 1210 sinaque,
1370 1165 1453 1210 legit
1486 1178 1580 1198 nunc
1615 1179 1759 1212 quor-sum
1783 1178 1865 1200 cum

1186 1226 1269 1251 nota
1298 1218 1606 1263 interrogationis,
1635 1217 1671 1251 id
1703 1228 1774 1260 est;
1794 1231 1866 1265 quo

1186 1271 1259 1303 fine
1298 1271 1399 1316 pueri
1434 1273 1638 1316 navigantes
1673 1285 1737 1317 per
1769 1271 1868 1305 tarda

1187 1322 1273 1356 vada
1286 1349 1294 1364 ‚
1312 1324 1408 1356 nulla
1424 1324 1458 1357 vi
1474 1324 1616 1358 fluentis
1627 1337 1726 1370 aquae
1738 1324 1869 1370 adjuti,

1188 1376 1272 1409 dum
1294 1389 1503 1422 promovere
1517 1390 1553 1410 se
1570 1390 1587 1410 a
1609 1389 1790 1411 remorum
1807 1378 1871 1410 im-

1188 1430 1349 1475 pulsione
1360 1430 1403 1463 sit
1415 1442 1553 1463 necesse
1563 1456 1571 1470 ‚
1588 1439 1752 1475 tanquam
1765 1430 1870 1463 otiosi

1189 1491 1222 1515 et
1248 1481 1411 1515 ludentes
1437 1483 1570 1528 tingitis
1592 1483 1627 1516 in
1648 1495 1738 1529 aqua
1755 1495 1870 1516 remos

1189 1536 1314 1568 leniter
1323 1543 1438 1568 motos
1451 1548 1515 1569 nec
1529 1536 1698 1581 impulsos
1712 1536 1873 1569 brachio-

1189 1601 1266 1621 rum
1301 1589 1334 1621 vi
1351 1614 1359 1629 ‚
1388 1587 1433 1621 ad
1463 1601 1627 1621 numeros
1652 1588 1871 1622 celeusmatis

1191 1650 1428 1687 exspectantes
1447 1642 1593 1675 cantus?
1618 1649 1684 1675 etc.

1248 1700 1280 1734 4.
1301 1695 1416 1726 Lentos
1423 1694 1552 1739 fingitis
1570 1693 1778 1728 Beverlandi
1796 1693 1872 1728 MS.

1205 1750 1291 1791 {gitis
1320 1747 1357 1780 in
1381 1746 1464 1780 edd.
1484 1756 1568 1781 vett.
1589 1748 1686 1794 quasi
1708 1747 1796 1782 fixos
1821 1756 1873 1781 te-

1192 1800 1281 1833 netis
1293 1825 1302 1841 ‚
1317 1813 1389 1833 non
1407 1801 1565 1834 movetis.
1577 1802 1783 1845 —Tingitz's.
1797 1801 1874 1834 Hoc

1195 1862 1245 1886 est
1266 1853 1323 1886 vix
1345 1866 1431 1898 aqua
1452 1853 1690 1896 madefacitis3
1711 1854 1802 1887 hanc
1823 1854 1874 1886 le-

1197 1907 1347 1940 ctionem
1373 1907 1590 1952 praetulimus
1605 1933 1614 1948 ,
1642 1917 1676 1941 et
1687 1905 1796 1951 figitis
1819 1918 1874 1939 re-

1194 1961 1339 2005 jecimus
1354 1985 1363 2000 ,
1392 1960 1473 2005 quia
1498 1959 1661 2005 pigrioris
1683 1959 1816 2005 aliquid
1836 1958 1876 1991 in

1199 2015 1321 2057 tingitis
1349 2024 1453 2057 quam
1477 2013 1512 2044 in
1527 2012 1635 2057 figitis
1654 2013 1764 2045 inesse
1778 2010 1876 2045 vide-

1198 2074 1279 2107 tur;
1308 2065 1389 2098 licet
1414 2065 1612 2110 intelligant
1629 2065 1737 2110 figitis
1769 2065 1877 2098 inter-

1198 2118 1407 2164 pretesfiros
1426 2121 1553 2158 tenetis,
1576 2131 1636 2150 non
1658 2121 1792 2152 movetis.
1810 2119 1877 2151 ΕΒ.

1199 2193 1251 2198 ρ-
1284 2171 1457 2205 celeusma.
1488 2172 1687 2205 Clamorem
1726 2179 1761 2204 et
1795 2171 1879 2204 hor-

1201 2224 1368 2257 tationem
1398 2225 1573 2258 nauticam
1591 2250 1600 2265 ,
1638 2223 1681 2257 ad
1712 2223 1880 2270 quosdam

1202 2289 1369 2310 numeros
1396 2278 1521 2310 factam
1538 2303 1547 2318 ‚
1576 2289 1644 2322 qua
1672 2290 1707 2310 se
1729 2277 1881 2310 invicem

1204 2331 1349 2363 incitant
1368 2339 1484 2364 nautae
1506 2329 1549 2363 ad
1573 2342 1711 2363 remum
1738 2342 1882 2376 promo-

1204 2383 1359 2418 vendum
1378 2396 1438 2417 seu
1460 2382 1713 2416 retrahendum
1736 2381 1883 2422 (κέλευσ-

1207 2451 1273 2482 μοι,
1288 2437 1442 2470 hortatio
1454 2462 1463 2478 ‚
1480 2436 1636 2469 incitatio
1653 2431 1680 2480 )
1702 2435 1768 2468 Vel
1790 2448 1807 2468 a
1829 2447 1885 2468 ce-

1205 2490 1327 2523 leustis
1341 2489 1546 2532 incitantur,
1560 2489 1763 2522 hominibus
1777 2499 1884 2533 penes

1207 2556 1296 2589 quos
1312 2543 1503 2588 imperium
1521 2550 1571 2575 est
1587 2542 1624 2575 in
1643 2550 1785 2574 caeteros
1800 2552 1884 2573 nau-

1206 2605 1276 2637 tas,
1298 2605 1331 2629 et
1351 2596 1412 2641 qui
1431 2603 1584 2641 praesunt
1610 2592 1859 2627 naviculationi
1872 2616 1882 2633 ‚

1205 2661 1456 2693 remorumque
1486 2648 1720 2682 actitationem
1747 2646 1882 2680 cantico
