2061 3288
409 244 1004 291 EPIGRAMMATUM
1042 244 1166 286 LIB.
1206 241 1305 284 ΙΙΙ.
1479 238 1572 285 331

222 339 318 381 Hoc
343 344 440 390 tua,
471 350 582 379 saeve
610 350 721 395 puer
747 332 1049 385 Diadumene,
1078 330 1198 373 basia
1227 328 1438 389 fragrant.

292 405 437 464 Quid,
467 406 500 449 si
529 415 622 449 tota
647 404 773 449 dares
802 404 872 448 illa
903 405 995 448 sine
1022 399 1215 445 invidia?

154 546 213 582 cui
240 546 306 580 fuit
340 545 517 592 imposita.
537 545 603 578 En.
618 546 727 577 —At
747 544 804 577 alii
827 556 834 576 :

154 613 265 647 sparsa
283 612 398 632 corona
421 611 524 631 comus
539 612 551 637 ,·
575 597 671 644 quod
690 597 837 631 helleni-

157 666 250 687 smus
266 661 337 695 est;
355 661 429 686 tum
440 653 477 685 ‘ro'
487 665 591 684 comas
605 651 756 684 sumitur
774 663 838 696 pro

156 706 365 740 ramusculis
388 706 515 739 florum
544 705 675 751 quibus
706 712 841 739 constat

158 771 301 794 corona.
339 779 390 785 —-
421 758 548 792 Nar-do.
578 758 702 792 Crines
730 756 841 791 nardo

159 813 383 859 ungebantur
397 839 406 852 ,
424 811 521 858 quod
541 824 582 845 ex
598 811 725 844 Arabia
741 810 842 844 venit

161 873 196 899 et
218 866 377 912 partibus
397 865 645 898 Orientalium.

215 932 249 964 9.
270 919 344 952 Hoc
365 927 418 952 tua
437 932 519 952 ,πει-α
537 919 636 951 Junt.
665 929 678 950 1
691 918 761 950 512
777 942 786 958 ‚
809 925 842 950 et

163 972 280 1006 Colin.
308 972 418 1007 1528.

956 554 1011 575 10.
1037 541 1136 586 Quod
1153 542 1180 573 si
1203 537 1411 572 Beverlandi
1435 538 1511 571 MS.
1530 560 1581 565 —-

903 596 999 628 Tota.
1016 595 1096 627 Non
1116 592 1270 627 dimidio
1290 593 1388 625 labro
1405 617 1413 632 ,
1432 600 1471 624 ut
1488 591 1586 623 Post-

898 649 1030 682 humus
1051 648 1110 681 ille
1121 673 1130 689 ,
1154 647 1216 680 lib.
1235 647 1270 679 Il
1281 672 1289 686 ,
1305 646 1416 691 epigr.
1432 658 1468 686 x,
1482 645 1581 688 cujus

900 702 994 736 basia
1017 701 1117 734 aliter
1137 700 1348 746 fragrabant.
1366 699 1433 731 En.
1448 698 1585 731 —Sz'ne

902 755 1032 789 invidia.
1049 755 1130 787 Non
1148 765 1255 800 parce
1270 764 1336 785 nec
1353 752 1586 791 reluctanter,

902 821 1012 855 graece
1030 809 1170 852 ἀφθόνως
1186 819 1194 841 :
1209 806 1454 846 hellenisnins;
1472 805 1519 837 sie
1533 802 1587 836 di·

903 871 989 896 cunt
1005 859 1110 900 οὐδεὶς
1131 862 1241 906 φθόνος
1256 872 1322 906 pro
1335 884 1343 894 ,
1362 859 1525 892 libenter.
1543 858 1590 889 At

903 925 1028 949 contra
1048 915 1117 948 hoc
1141 914 1207 948 sibi
1229 914 1367 960 placere
1390 911 1476 945 dicit
1495 911 1590 943 Mar-

904 969 995 1002 tialis
1008 994 1017 1009 ,
1030 968 1092 1002 lib.
1105 969 1150 1009 V,
1166 967 1276 1014 epigr.
1289 978 1375 1000 XLVI
1392 975 1425 999 et
1438 975 1589 999 Lxxxxn.

767 1106 996 1161 LXVI.

615 1259 670 1287 IN
711 1259 760 1287 M.
802 1237 1148 1286 ANTONIUMf

238 1379 334 1421 PAR
361 1376 500 1421 scelus
526 1377 701 1420 admisit
726 1376 894 1419 Phariis
915 1376 1133 1419 Antonius
1160 1377 1320 1430 armis;

308 1448 506 1492 Abscidit
533 1447 680 1492 vultus
710 1448 823 1491 ensis
844 1455 1028 1507 uterque
1054 1463 1212 1491 sacros.

224 1578 240 1593 '³
262 1581 323 1614 Est
348 1581 417 1615 hoc
447 1583 663 1628 epigramma
694 1580 853 1628 ejusdem

172 1646 283 1679 prope
301 1636 497 1679 argumenti
518 1648 556 1669 ac
570 1635 653 1668 libri
674 1636 720 1678 V,
741 1635 853 1681 epigr.

173 1699 271 1721 LXIX.
294 1689 441 1721 Antonii
460 1689 659 1730 triumviri,
679 1689 740 1734 qui
760 1689 857 1722 Cice-

172 1753 297 1773 ronem
318 1742 424 1774 morti
444 1741 543 1775 dedit
560 1767 570 1782 ‚
593 1743 703 1775 scelus
720 1743 857 1775 confert

175 1805 255 1826 cum
275 1795 403 1828 scelere
422 1795 590 1836 Pothini,
610 1795 670 1841 qui
691 1807 860 1828 veneran-

175 1845 261 1880 dum
286 1847 374 1880 illud
394 1849 552 1894 Pompeii
571 1857 675 1894 caput
698 1857 858 1894 amputa-

176 1900 253 1942 vit;
281 1900 504 1947 ostenditque
533 1914 671 1935 causam
701 1914 773 1935 esse
796 1913 859 1947 pe-

175 1954 287 1998 jorem
317 1955 488 1996 Antonii,
511 1954 607 2001 quod
630 1955 802 1988 Pothinus
823 1953 859 1987 id

179 2006 312 2040 facinus
340 2006 485 2042 domino
508 2008 697 2041 Ptolemaeo
725 2008 860 2053 praesti-

183 2059 279 2092 tisset
295 2086 304 2101 ,
326 2062 427 2106 cujus
453 2062 490 2094 in
516 2061 663 2107 gratiam
691 2062 760 2094 hoc
785 2074 861 2095 sua-

182 2112 244 2153 sit,
255 2112 350 2146 unde
365 2116 520 2148 excusari
534 2122 670 2160 potest3
688 2115 862 2148 Antonius

183 2173 298 2199 autem
318 2167 385 2200 sibi
404 2168 490 2212 soli,
508 2168 604 2201 nulla
622 2168 743 2201 relicta
763 2162 864 2202 excu-

186 2227 330 2252 satione.

236 2287 288 2293 —·
311 2272 386 2306 Hoc
418 2273 629 2318 epigramma
659 2275 865 2307 translatum

186 2325 253 2358 fuit
274 2337 292 2357 a
318 2324 471 2371 quodam
494 2327 577 2359 olim
600 2327 782 2372 philologo
796 2353 806 2368 ,
832 2335 866 2360 et

187 2378 358 2411 insertum
388 2378 596 2423 quibusdam
626 2380 701 2412 aliis
728 2381 868 2426 scriptis

189 2430 346 2476 ejusdem
366 2432 500 2476 generis
517 2446 526 2474 ;
545 2431 640 2478 quod
658 2433 738 2466 satis
756 2434 868 2479 liquet

193 2496 234 2516 ex
253 2492 410 2517 veterum
431 2486 540 2530 epigr.
563 2486 744 2518 volumine
772 2485 868 2531 quod

192 2536 346 2570 Pithoeus
360 2536 490 2579 edidit,
504 2539 565 2571 uhi
579 2539 652 2571 haec
664 2539 846 2585 inscriptio
859 2551 867 2572 :

198 2590 363 2623 V'alert'ani
377 2591 416 2623 de
431 2591 586 2624 Antonio.
609 2591 675 2624 Sed
691 2592 769 2625 loco
785 2593 870 2625 ulti-

195 2643 245 2675 mi
260 2642 399 2676 distichi
416 2645 484 2677 hoc
505 2644 727 2677 substituitur
750 2657 757 2678 :
783 2646 874 2689 Quid

193 2705 326 2739 prosunt
338 2710 436 2730 sacrae
445 2700 582 2742 pretiosa
596 2698 720 2731 silentia
735 2699 871 2743 litigare?

915 1581 1074 1626 Incipient
1103 1594 1207 1614 omnes
1234 1594 1295 1626 pro
1323 1581 1473 1614 Cicerone
1502 1581 1598 1624 loqui.

916 1634 1010 1668 Vide
1025 1636 1191 1669 Senecam
1206 1635 1309 1668 Rhet.
1327 1643 1361 1667 et
1374 1642 1508 1667 vetusta
1525 1634 1601 1666 Cic.

915 1689 1102 1734 Epitaphia
1117 1687 1213 1734 apud
1229 1686 1391 1722 eumdem
1410 1687 1601 1720 Pithoeum.

975 1755 1007 1776 1.
1032 1743 1103 1775 Pro
1126 1743 1256 1775 Plzariis
1282 1739 1490 1775 Beverlandi
1522 1740 1598 1772 MS.

916 1795 1022 1828 habet
1036 1799 1140 1840 pactis
1154 1809 1166 1828 .·
1181 1795 1255 1828 haec
1277 1795 1384 1828 verba
1400 1801 1604 1839 permutan-

918 1857 976 1882 tur
994 1848 1098 1881 etiam
1118 1849 1155 1881 in
1173 1849 1360 1890 Juvenale,
1377 1856 1438 1881 sat.
1454 1847 1521 1887 IV,
1539 1850 1598 1886 24.

919 1900 1004 1934 Vid.
1020 1900 1222 1934 Marklandi
1236 1901 1349 1947 Epist.
1366 1901 1443 1934 crit.
1458 1913 1494 1945 p.
1517 1912 1529 1932 1
1541 1900 1558 1932 5
1569 1912 1603 1932 2.

920 1976 971 1982 —
988 1955 1128 1987 Phariis.
1149 1955 1334 2000 AEgyptiis.
1347 1952 1431 1987 Vid.
1450 1965 1526 2002 quae
1541 1950 1602 1984 ad-

919 2008 1118 2041 notavimus
1147 2008 1208 2040 lib.
1240 2009 1282 2049 I,
1309 2007 1420 2052 epigr.
1447 2017 1603 2045 LXXXIX,

919 2074 954 2095 v.
980 2061 1012 2095 3.
1039 2083 1091 2087 —
1116 2062 1248 2094 Phariis
1269 2063 1375 2093 armis.
1405 2059 1467 2092 His
1489 2058 1605 2092 verbis

921 2115 1076 2160 intellige
1111 2114 1305 2147 Pothinum
1319 2140 1328 2155 ,
1361 2113 1429 2147 sica
1461 2112 1603 2146 nocenti

921 2176 1093 2201 utentem.
1116 2168 1182 2201 En.

980 2234 1012 2254 2.
1024 2221 1173 2255 Abscidit
1185 2222 1243 2253 lieu
1256 2220 1363 2252 «villius
1379 2220 1470 2264 conj.
1487 2219 1604 2251 Dousa

925 2275 963 2307 P.
990 2275 1163 2320 probante
1186 2274 1383 2306 Pulmanno
1398 2299 1406 2313 ‚
1434 2280 1474 2304 ut
1493 2280 1608 2304 metro

924 2337 1041 2361 ruentl
1070 2334 1294 2360 succurratur
1314 2338 1321 2358 :
1343 2334 1427 2358 eitra
1455 2337 1605 2358 necessu

926 2389 1032 2414 tatem
1050 2393 1059 2421 3
1079 2393 1161 2413 nam
1189 2379 1325 2412 abscidit
1352 2379 1449 2411 venit
1468 2390 1485 2410 a
1509 2377 1608 2410 coedo.

927 2449 940 2460 «ι
959 2434 1022 2467 Illa
1045 2446 1179 2466 comam
1203 2433 1287 2465 laeva
1312 2431 1479 2464 morienti
1502 2431 1612 2464 absci-

927 2486 980 2520 dit
1012 2487 1160 2531 ephebo.
1182 2503 1194 2514 ω
1230 2487 1362 2518 Lucan.
1393 2506 1446 2510 ——
1479 2484 1612 2516 Vultus.

929 2539 1064 2585 Capita.
1080 2559 1133 2565 —-
1155 2539 1301 2584 Uterque.
1322 2537 1466 2570 Pothini
1484 2545 1517 2569 et
1532 2538 1604 2569 An-

928 2593 1031 2627 tonii.
1046 2614 1099 2618 —
1112 2592 1240 2625 Sacros.
1253 2592 1402 2637 Propter
1413 2603 1525 2623 sacros
1541 2602 1612 2622 ma-

931 2646 1094 2691 gistratus
1105 2658 1192 2690 quos
1200 2652 1375 2690 gesserant
1384 2670 1392 2686 ,
1401 2643 1455 2676 vel
1466 2650 1611 2689 propter

930 2699 1078 2744 gloriam
1093 2723 1103 2739 ,
1129 2699 1218 2731 bene
1240 2698 1383 2734 merita,
1407 2709 1462 2730 res
1480 2703 1591 2741 gestas
1604 2722 1613 2735 ,
