2061 3288
550 210 795 253 MATTH.
840 210 1177 253 RA'DERUS.
1474 231 1574 260 xvii

164 297 390 359 legendam
411 307 560 358 putem
574 334 585 352 ‚
605 298 723 358 quod
746 299 837 360 ipse
859 299 1081 342 sententiae
1102 298 1211 342 ordo
1239 299 1456 346 desideret
1475 321 1580 364 quo-

163 387 262 431 que.
295 370 365 414 Sic
395 370 510 412 enim
536 369 814 430 Lampridius
836 387 845 413 ε
878 389 898 410 (ι
921 369 1092 414 Idcirco
1117 370 1236 431 quod
1259 371 1382 416 multi
1412 384 1579 435 septem

165 440 318 484 diebus
343 439 550 501 pulchros
577 456 670 484 esse
691 440 843 484 dicunt
859 457 953 497 eos,
974 441 1048 501 qui
1070 441 1265 502 leporem
1287 445 1582 503 comederint,

166 521 214 555 ut
244 510 457 555 Martialis
491 527 665 572 quoque
694 512 963 573 epigramma
996 513 1212 573 significat
1238 533 1277 556 ».
1311 516 1554 576 Cognoscis
1572 554 1583 573 ,

167 581 323 639 lector,
345 598 476 643 quam
506 592 754 643 opportune
784 582 912 626 cadat
935 583 1006 627 hic
1031 582 1136 627 illud
1155 601 1334 646 quoque
1348 587 1371 630 Ρ
1390 588 1586 648 Scriptu-

168 669 261 696 rani
279 670 384 714 ergo
401 653 589 714 priscam
606 653 839 698 confirmat
859 655 949 715 ipsa
973 655 1103 698 series
1126 665 1168 699 et
1185 672 1309 700 mens
1331 657 1583 703 verborum.

169 725 260 768 Etsi
296 741 385 767 non
419 726 663 769 necessario
703 724 818 785 legas
850 742 1028 786 qaoque
1061 722 1258 780 (constat
1288 729 1403 772 enim
1437 746 1587 774 sensus

171 794 450 839 nihilominus
476 796 642 857 integer
667 806 710 840 et
734 796 974 857 perfectus,
996 799 1029 841 si
1053 796 1169 858 legas
1191 794 1360 859 coqui),
1376 817 1499 844 mens
1531 811 1588 844 ta-

171 883 270 909 men
311 866 487 910 inclinat
520 868 561 910 in
602 884 790 928 quoque.
833 867 976 912 Multa
1017 869 1132 912 enim
1175 870 1416 914 Scriverius
1459 889 1589 932 super

169 953 277 981 voce
305 941 439 998 coqui
455 937 509 981 ad
535 939 657 998 epist.
679 937 789 981 libro
806 939 827 982 I
851 939 1073 999 praefixam
1093 976 1104 996 ,
1124 950 1166 984 et
1187 941 1416 997 Bai-thius,
1435 944 1521 998 VI,
1552 959 1590 996 1,

171 1009 243 1068 qui
265 1024 454 1069 coquum
474 1008 683 1070 appellat,
705 1019 747 1053 et
770 1026 901 1070 super
924 1027 974 1053 ea
997 1027 1043 1054 re
1056 1011 1249 1072 disputat
1267 1013 1498 1073 copiosius.
1513 1016 1593 1058 Est

173 1095 307 1139 quum
333 1081 425 1122 κατ’
444 1080 735 1138 ἀντονομασίαν
761 1081 1190 1142 epigrammatarius,
1210 1092 1259 1126 ut
1285 1085 1503 1128 Homerus
1524 1084 1592 1128 vel

173 1149 378 1210 Virgilius
409 1160 563 1211 poeta,
594 1151 915 1196 Demosthenes
949 1152 1018 1196 vel
1050 1153 1206 1197 Cicero
1237 1163 1412 1209 orator,
1444 1155 1593 1215 philo—

174 1221 336 1281 sophus
368 1220 647 1277 Aristoteles,
676 1222 850 1266 dicitur.
878 1225 1113 1268 Parentum
1141 1226 1319 1268 nomina
1338 1261 1348 1277 ,
1375 1226 1455 1268 nisi
1482 1225 1594 1270 filius

174 1300 416 1347 cantasset,
438 1291 656 1336 oblivione
682 1292 851 1354 sepulta
869 1294 1066 1353 jacerent
1084 1312 1092 1338 τ
1122 1295 1387 1340 immortalia
1409 1295 1595 1340 reddidit

176 1361 246 1405 lib.
273 1364 329 1418 V,
356 1363 491 1423 epigr.
519 1379 696 1407 xxxiv:

282 1476 390 1510 Hanc
414 1472 503 1519 tibi,
521 1476 664 1511 Fronto
686 1483 813 1524 pater,
831 1476 993 1525 genitrix
1014 1476 1210 1523 Flaccilla,
1231 1477 1410 1526 puellam.

178 1583 406 1624 Parentem
429 1591 576 1625 tamen
602 1581 825 1626 affirmant
852 1581 982 1643 aliqui
1009 1600 1198 1643 coquum
1227 1583 1392 1627 dictum
1415 1584 1596 1629 lectum-

178 1668 274 1711 que.
308 1652 503 1695 Uxorem
534 1652 689 1696 habuit
715 1652 914 1698 Clodiam
946 1653 1202 1698 Marcellam
1232 1671 1284 1698 ex
1310 1665 1439 1716 gente
1469 1655 1597 1699 Clau-

180 1722 251 1765 dia
280 1721 470 1783 plebeia,
494 1722 564 1766 lib.
592 1725 702 1780 XII,
722 1741 806 1768 xxl
827 1741 835 1767 :

339 1834 572 1884 Municipem
597 1834 707 1884 rigidi
729 1835 812 1883 quis
836 1844 871 1871 te
884 1864 893 1880 ,
914 1835 1097 1871 Marcella
1111 1864 1120 1880 ,
1139 1836 1288 1873 Salonis
1301 1865 1310 1881 ‚

390 1899 437 1933 Et
455 1896 618 1945 genitam
640 1896 777 1933 nostris
798 1897 883 1946 quis
902 1905 1011 1947 putet
1030 1910 1110 1932 csse
1134 1897 1251 1935 locis?

183 2014 225 2047 ct
249 2020 350 2047 mox
371 2022 378 2047 :

340 2116 394 2150 Te
415 2114 490 2149 cito
515 2114 656 2151 ridebit
676 2115 900 2164 peregrinus
921 2114 1054 2151 Clodia
1075 2125 1226 2164 partus,

393 2178 603 2212 Romanam
624 2176 737 2212 ducat
756 2189 870 2226 quam
893 2177 1009 2226 inagis
1031 2189 1110 2213 csse
1130 2191 1281 2213 nurum.

184 2283 251 2324 Ita
276 2280 492 2325 distichon
517 2282 602 2326 hoc
633 2283 737 2345 legit
763 2284 980 2345 Josephus
1011 2283 1203 2344 Scaliger
1233 2285 1284 2327 ad
1317 2284 1421 2329 illud
1444 2288 1573 2331 Catul

185 2351 368 2406 lianum,
402 2368 536 2395 carin.
559 2354 663 2407 LX,
698 2370 797 2414 219
825 2372 832 2396 2

557 2462 676 2497 Dulce
698 2461 818 2498 rideat
840 2461 886 2497 ad
908 2471 1067 2511 patrem.

188 2571 253 2611 Ex
283 2568 483 2613 Martiale
506 2580 653 2613 tamen
676 2569 802 2613 discis
821 2604 831 2621 ‚
862 2569 1060 2613 Clodiam
1092 2571 1204 2614 hanc
1236 2573 1487 2618 Marcellam
1516 2592 1603 2619 non

189 2641 459 2693 Romanam,
499 2640 571 2683 sed
602 2641 841 2700 Hispanam
879 2650 922 2683 et
952 2641 1237 2685 Bilbilitanam
1280 2647 1417 2704 patria
1449 2645 1604 2700 fuisse3

260 2733 295 2771 I.
1371 2735 1396 2775 l)
