2061 3288
438 220 1024 267 EPIGRAMMATUM
1062 219 1186 263 LIB.
1226 218 1313 261 IV.

1491 216 1586 276 427

316 309 517 355 Gaudeat
546 319 590 353 et
614 319 733 354 certa
762 309 1010 371 virginitate
1039 322 1186 351 soror:

244 383 461 442 Perpetuo
487 381 547 424 sic
574 380 681 424 ssore
711 381 843 425 mices
870 397 878 423 τ

911 380 970 423 sic
1001 378 1188 438 denique
1216 391 1307 419 non
1338 375 1423 418 sint

310 453 418 495 Tam
442 450 582 512 longae
606 452 803 508 Bromio,
825 466 957 512 quam
983 450 1085 505 tibi,
1106 446 1296 502 Phoebe,
1322 461 1470 490 comae.

314 578 400 634 five
426 594 646 653 κασιγνήτη
675 591 867 653 παρθένος
895 591 974 634 αἰὲν
998 591 1067 633 ἔνι.

241 661 328 705 Aizi
356 657 395 704 δ’
419 659 612 713 ’ἡέάσκοις
636 662 706 716 σὺ,
732 662 799 705 καὶ
820 664 864 706 οὐ
887 662 1043 720 κομάων
1067 659 1230 720 ὀρσίοιτο

309 733 467 793 Βάκχος
489 733 542 776 ἐνὶ
566 733 811 793 πλοκάμοις,
831 733 875 781 ἠὲ
900 732 970 789 σὺ,
993 731 1269 792 μακροτέροις.

169 871 317 905 amabas.
339 871 505 906 Nostram
530 871 717 905 lectionem
746 870 846 905 exhi·

167 925 227 957 bet
246 924 356 958 codex
382 924 484 960 Bodl.
512 933 547 959 et
568 925 616 958 sic
632 925 777 958 omnino
795 925 846 958 le-

167 976 320 1022 gendum
339 990 380 1011 ex
401 987 474 1024 opt.
497 978 708 1012 membranis
725 977 848 1012 docuit

167 1031 289 1064 Heius.
311 1030 355 1064 ad
385 1030 491 1065 Ovid.
518 1044 559 1064 ex
585 1031 690 1064 Pont.
718 1032 774 1070 II,
802 1043 842 1070 2,

168 1084 227 1117 82.
243 1106 296 1111 ——
314 1085 384 1118 Fac
400 1093 472 1117 rata
488 1092 567 1118 scola
582 1087 699 1129 patris.
720 1084 787 1117 Fac
806 1092 846 1118 ut

166 1144 288 1182 pater,
311 1136 408 1183 quod
427 1147 520 1176 orat,
543 1146 674 1171 exoret.
701 1157 754 1163 —
778 1136 842 1171 Sic.

166 1191 218 1223 De
235 1203 320 1223 voce
337 1194 382 1224 sic
393 1217 402 1233 ,
417 1191 453 1224 in
470 1191 560 1224 votis
575 1190 741 1224 faciendis
755 1203 844 1224 sem-

165 1255 229 1288 per
248 1253 434 1290 usurpata,
455 1243 536 1277 vide
560 1244 778 1277 Brissonium
800 1242 844 1277 de

165 1296 360 1338 Formnlis,
380 1297 442 1330 lib.
459 1298 495 1338 I;
515 1305 548 1330 et
566 1297 648 1330 infr.
668 1297 729 1330 lib.
748 1298 819 1329 VII
837 1323 846 1339 ,

164 1349 273 1394 epigr.
294 1363 403 1384 Lxxu.
424 1370 476 1376 —
498 1351 630 1394 Diligat
649 1350 755 1383 arbor.
777 1351 844 1383 Da-

164 1403 259 1447 phne
285 1415 413 1449 nempe
444 1403 479 1436 in
512 1404 653 1436 laurum
685 1410 840 1442 mutata,

164 1468 271 1500 quam
311 1469 456 1489 uxorem
506 1455 633 1489 ducere
677 1455 841 1501 cupiebat

165 1509 307 1554 Apollo.
326 1509 434 1542 Ovid.
451 1510 538 1543 Met.
557 1510 583 1542 I.

217 1564 252 1595 6.
284 1562 394 1596 Soror.
425 1563 536 1596 Diana
563 1562 714 1603 scilicet,
741 1564 840 1608 cujus

162 1613 371 1660 pudicitiam
391 1624 583 1649 tentaverat
602 1616 726 1648 Orion.
756 1615 839 1649 Per-

164 1676 305 1713 petuam
333 1669 568 1714 virginitatem
591 1680 742 1702 servasse
762 1669 840 1702 Dia-

163 1733 244 1753 nam
254 1747 263 1762 ,
274 1729 311 1754 et
325 1722 489 1755 castitatis
503 1720 643 1755 laudem
653 1721 820 1755 meruisse
829 1748 838 1764 ,

165 1774 326 1808 omnium
378 1775 590 1820 scriptorum
638 1774 838 1807 testimonio

162 1827 425 1872 comprobatur.
456 1827 500 1861 Id
533 1836 647 1861 autem
684 1827 838 1872 gratissi·-

162 1892 260 1913 mum
281 1881 436 1925 Apollini
466 1881 562 1914 fratri
583 1893 720 1926 semper
741 1880 806 1913 fuit
828 1892 835 1914 :

162 1933 351 1979 timuitque
370 1932 558 1980 aliquando
586 1946 631 1967 ne
659 1945 756 1967 secus
778 1933 837 1966 illa

162 1986 300 2019 faceret.
324 1986 380 2020 Sic
403 1987 537 2021 Oriona
553 2013 561 2028 ,
591 1987 637 2020 ob
660 1986 838 2020 temerita-

164 2047 234 2072 tem
254 2040 296 2072 ab
315 2052 354 2072 ea
373 2040 503 2085 sagittis
522 2040 722 2074 confectum
744 2039 836 2073 canit

163 2092 329 2126 Horatius
341 2119 350 2135 ‚
365 2093 420 2125 III
433 2118 442 2135 ,
460 2092 518 2127 od.
537 2097 557 2134 4
573 2105 580 2126 :
598 2109 610 2120 «
626 2093 670 2126 Et
691 2093 836 2138 integrae

161 2145 329 2179 Tentator
366 2145 478 2179 Orion
512 2146 632 2179 Dianae
669 2146 834 2191 Virginea

161 2196 315 2232 domitus
343 2199 474 2244 sagitta.
503 2216 517 2229 a
553 2199 718 2233 Occisum
749 2212 834 2232 vero

161 2262 233 2284 esse
255 2251 415 2296 virgineae
435 2252 563 2297 sagittae
579 2253 651 2286 ictu
667 2253 699 2285 in
718 2252 835 2285 fronte

160 2303 267 2336 tradit
289 2305 427 2338 Diocles
453 2305 489 2338 in
515 2305 702 2338 Lethiseris
724 2305 832 2337 Phar-

159 2357 265 2390 macis
278 2381 287 2396 ‚
307 2366 492 2403 postquam
519 2358 560 2391 ab
578 2357 742 2402 Apolline
772 2357 833 2391 de-

159 2417 262 2455 cepta
278 2410 399 2444 fuisset
411 2436 420 2452 ,
439 2411 502 2456 qui
516 2412 739 2456 sponsionem
750 2412 831 2444 sub-

159 2461 240 2496 dole
264 2463 391 2497 fecerat
412 2477 490 2497 cum
513 2476 550 2497 ea
565 2491 573 2505 ‚
596 2464 623 2497 si
653 2464 688 2496 in
707 2472 832 2497 notum

909 868 1089 916 quoddam
1121 868 1262 914 signum
1299 874 1394 901 oerto
1430 864 1587 912 sagittam

910 923 1099 969 dirigeret,
1127 921 1213 955 dum
1238 921 1312 967 ipse
1336 920 1448 966 probe
1470 929 1589 954 nosset

912 985 1016 1023 caput
1031 988 1103 1010 esse
1123 973 1340 1008 advenientis
1351 972 1494 1007 Orionis
1504 986 1513 1014 ;
1524 973 1584 1018 qui

907 1038 1012 1064 tantae
1027 1027 1282 1075 magnitudinis
1301 1034 1374 1061 erat
1387 1052 1395 1065 ,
1412 1034 1451 1059 ut
1468 1038 1485 1059 a
1505 1038 1586 1071 qua-

905 1083 957 1117 vis
990 1083 1046 1117 vel
1075 1082 1225 1115 maxima
1253 1078 1496 1127 profunditate
1516 1080 1586 1112 hu-

904 1148 1020 1170 meros
1046 1136 1167 1169 saltem
1194 1133 1460 1179 supereminens
1483 1133 1584 1166 emit-

904 1197 1005 1223 teret.
1021 1189 1080 1223 Sic
1096 1188 1250 1233 Virgilio
1263 1214 1272 1231 ,
1291 1185 1428 1220 AEneid.
1451 1186 1512 1219 lib.
1524 1187 1558 1219 X
1573 1211 1584 1228 ,

902 1255 954 1276 vs.
978 1242 1050 1288 763
1070 1253 1079 1275 z
1105 1259 1118 1272 α
1142 1241 1258 1283 Quam
1277 1252 1422 1286 magnus
1445 1239 1556 1272 Orion
1574 1265 1583 1280 ,

903 1296 1022 1338 Quum
1053 1293 1160 1341 pedes
1190 1292 1344 1334 incedit,
1373 1291 1479 1326 medii
1521 1304 1585 1338 per

903 1350 1054 1383 maxima
1081 1348 1186 1382 Nerei
1217 1347 1345 1392 Stagna
1374 1346 1469 1379 viam
1492 1346 1584 1378 scin-

902 1401 1005 1445 dens,
1023 1403 1171 1435 humero
1184 1399 1423 1446 supereminet
1434 1398 1577 1432 undas„

901 1455 944 1488 Id
979 1464 1094 1489 autem
1126 1454 1247 1487 fecisse
1273 1453 1474 1498 Apollinem
1500 1464 1586 1485 con-

900 1517 967 1542 stat
983 1535 992 1548 ,
1027 1506 1123 1554 quod
1159 1507 1396 1553 suspicaretur
1430 1505 1581 1550 aliquem

902 1562 1030 1595 amoris
1045 1560 1239 1607 igniculum
1251 1586 1260 1602 ,
1274 1560 1309 1592 in
1327 1561 1447 1592 sorore
1465 1570 1583 1591 accen-

899 1628 976 1648 sum
1016 1612 1274 1648 consuetudine
1309 1612 1476 1651 Orionis,
1504 1623 1582 1656 quae

899 1669 1003 1701 etiam
1017 1667 1070 1701 illi
1088 1668 1222 1700 nubere
1244 1665 1451 1699 decreverit.
1471 1664 1578 1698 Calli-

898 1722 1042 1755 machus
1061 1721 1096 1754 in
1114 1720 1261 1767 Hymnis
1285 1731 1292 1752 :
1316 1719 1374 1757 Δός
1390 1732 1441 1763 μοι
1460 1720 1578 1763 παρθε-

897 1775 962 1810 νίην
993 1774 1137 1815 αἰώνιον,
1163 1773 1285 1807 diam,
1310 1772 1492 1816 φυλάσσειν.
1522 1772 1578 1803 Da

898 1828 994 1868 milti,
1020 1835 1088 1859 tata
1102 1854 1110 1866 ,
1133 1828 1349 1870 wirginz'tatem
1371 1827 1403 1857 in
1429 1831 1579 1856 aeternum

897 1893 1089 1913 conservare.

952 1946 986 1979 7.
1017 1934 1126 1967 Flore.
1156 1932 1330 1965 Juventae.
1359 1929 1506 1975 Apollo,
1538 1938 1578 1963 ut

897 1987 1050 2020 Bacchus
1069 1997 1233 2032 quoque,
1253 1983 1420 2029 gloriatur
1441 1991 1573 2016 aeterno

893 2039 1089 2085 juventutis
1103 2038 1200 2072 flore.

951 2094 984 2127 8.
1015 2093 1095 2126 Tam
1115 2092 1219 2135 longa?
1243 2091 1385 2123 Bromio.
1413 2088 1575 2122 Bromius

894 2147 1085 2180 vocabatur
1096 2144 1252 2179 Bacchus
1267 2170 1276 2186 ,
1287 2156 1305 2176 a
1319 2144 1425 2188 βρέμω
1435 2143 1571 2184 ,fl-emo,

895 2199 979 2245 quia
1000 2199 1100 2232 furor
1122 2198 1206 2230 vino
1226 2195 1429 2242 inspiratur.
1452 2196 1485 2227 Is
1503 2195 1571 2228 cri-

893 2265 965 2294 nes,
985 2260 1025 2286 ut
1041 2252 1202 2291 Phoebus,
1219 2250 1378 2283 intonsos
1390 2256 1423 2282 et
1437 2247 1575 2294 juveni-

892 2305 973 2338 liter
994 2305 1143 2338 fluentes
1171 2303 1343 2348 gestabat,
1374 2314 1442 2347 qua
1468 2299 1572 2334 laude

892 2367 1026 2391 certare
1062 2356 1247 2390 videbatur
1287 2368 1367 2389 cum
1410 2354 1543 2387 Phoebo
1560 2367 1570 2395 ;

892 2423 996 2456 quem
1020 2423 1064 2444 ne
1084 2410 1240 2443 Bacchus
1266 2410 1381 2443 vincat
1407 2415 1570 2453 precatur

893 2463 1071 2497 Martialis.
