2061 3288
552 201 804 244 MATTH.
846 195 1181 240 RADERUS.
1520 211 1577 238 xv

171 294 311 336 sactus
330 327 341 345 ,
368 291 421 347 Q.
447 287 646 334 Caecilius
677 288 763 330 Dio
793 295 856 330 est
884 282 1137 344 appellatus.
1166 302 1188 324 »
1223 282 1313 326 Sub
1339 283 1578 343 imperato-—

166 363 288 406 ribus
305 397 317 418 ,
341 377 476 421 quum
507 361 707 403 Romana
737 358 887 402 civitas
913 355 1091 415 integris
1117 354 1351 415 provinciis
1377 353 1579 410 daretur,

166 433 237 488 hi,
263 433 337 493 qui
357 431 575 475 civitatem
602 431 845 473 Romanam
869 425 1271 486 consequebantur,
1293 423 1361 468 vel
1383 426 1576 485 Impera-

165 504 274 547 toris
304 517 553 563 praenomen
583 510 626 543 et
651 516 834 554 nomen,
855 496 923 541 vel
951 496 1061 556 ejus,
1089 505 1165 539 aut
1191 512 1364 546 eorum,
1390 512 1574 555 quorum

166 574 382 634 praecipue
421 571 610 616 subsidio
645 571 863 614 civitatem
895 568 1219 628 impetrassent,
1253 567 1430 609 nomina
1468 565 1577 610 fere-

167 643 284 688 bant.
315 645 482 687 Verum
509 658 643 702 quum
674 640 884 684 Antonius
913 636 1162 683 Caracallus
1193 638 1440 698 Imperator
1468 654 1577 682 con-

168 714 436 758 stitutionem
473 712 700 767 edidisset,
730 726 825 771 quae
857 708 926 753 lib.
958 711 980 752 Ι
1011 709 1294 769 Digestorum
1331 707 1410 751 sub
1452 708 1578 752 titulo

167 784 220 828 de
247 794 361 828 statu
386 784 614 827 hominum
643 780 851 836 refertur,
879 796 965 840 qua
989 795 1141 823 omnes
1169 795 1242 823 eos
1259 814 1270 835 ,
1293 779 1365 839 qui
1395 778 1438 821 in
1471 779 1577 822 urbe

168 854 369 898 Romana
394 864 561 908 essent,
589 854 704 897 cives
738 868 829 895 esse
855 849 1015 903 voluit3
1048 859 1141 893 tum
1170 866 1250 910 pro
1281 850 1579 910 cujuscunque

169 925 348 971 arbitrio
375 925 551 969 nomina
577 932 774 984 sumpta,
805 931 880 965 aut
906 919 1272 964 nobilissimarum
1298 919 1579 976 familiarum,

169 1013 264 1056 quae
285 996 376 1056 jam
400 995 671 1050 defecerant,
694 1003 768 1037 aut
794 1008 910 1036 nova
936 993 1204 1052 excogitata,
1223 1000 1370 1035 vetere
1393 991 1578 1035 vocandi

170 1066 507 1121 consuetudine,
524 1082 619 1125 quae
644 1064 698 1108 ad
726 1080 777 1107 ea
803 1079 938 1123 usque
959 1072 1157 1123 tempora
1177 1078 1333 1122 parum
1355 1071 1472 1106 certe
1495 1063 1580 1106 vio-

171 1136 258 1180 lata
277 1136 592 1198 perduraverat
605 1171 616 1191 ,
633 1134 840 1196 paulatim
861 1143 1011 1194 postea
1027 1133 1212 1177 labante.
1231 1134 1342 1190 Quae
1359 1133 1578 1194 praecipua

172 1223 300 1251 causa
330 1207 414 1251 fuit
437 1203 585 1267 (quod
618 1215 822 1266 portento
860 1203 994 1248 simile
1031 1198 1123 1259 est)
1150 1213 1199 1247 ut
1234 1213 1334 1264 post
1367 1203 1581 1248 Caracalli

171 1288 371 1339 tempora
387 1313 398 1334 ,
420 1278 534 1320 intra
557 1277 839 1337 paucissimos
861 1291 998 1318 annos
1024 1275 1182 1318 horum
1203 1275 1431 1318 nominum
1453 1291 1557 1319 usus
1571 1310 1582 1329 ,

172 1365 251 1409 per
285 1347 402 1392 mille
432 1364 569 1392 annos
607 1355 914 1400 conservatus,
951 1345 1129 1389 omnino
1166 1344 1423 1405 dissipatus,
1461 1355 1505 1389 et
1539 1346 1582 1388 in

173 1435 287 1463 nova
315 1417 530 1463 vocabula
555 1417 903 1462 transformatus.
931 1418 1043 1460 Nam
1069 1415 1187 1459 nulla
1214 1415 1418 1477 deinceps
1443 1416 1581 1460 nomi-

174 1491 240 1533 nis
258 1526 270 1546 ,
292 1490 569 1551 praenominis
583 1525 595 1545 ,
619 1487 689 1532 vel
711 1488 981 1548 cognominis
1007 1487 1224 1531 distinctio
1247 1486 1477 1531 observata
1499 1497 1583 1543 est,

175 1560 250 1604 sed
288 1561 434 1604 omnia
471 1561 516 1604 in
549 1559 829 1604 foedissimam
866 1558 1110 1602 barbariem
1153 1574 1278 1602 versa
1318 1558 1584 1619 antiquitatis

175 1632 469 1692 cognitionem
504 1632 623 1675 omni
657 1647 709 1674 ex
738 1640 862 1691 parte
891 1628 1186 1690 perdiderunt.
1216 1631 1322 1673 Haec
1348 1630 1583 1673 Panvinius

175 1701 228 1745 ‹le
252 1703 439 1762 antiquis
457 1701 704 1745 nominibus
728 1702 1047 1745 Romanorum.
1077 1699 1268 1744 Consule
1291 1710 1335 1744 et
1357 1701 1582 1762 Sigonium

176 1782 219 1815 ‹·t
248 1773 461 1816 Ursinum
491 1772 544 1816 de
573 1771 821 1817 nominibus
838 1782 882 1815 et
901 1771 1072 1815 familiis
1097 1773 1424 1827 Romanorum,
1444 1770 1583 1816 Vola-

177 1852 400 1887 terranum
425 1842 684 1904 Anthropol.
707 1842 950 1886 Martialem
975 1835 1198 1903 (quamvis
1233 1852 1276 1886 et
1307 1843 1392 1886 hoc
1423 1844 1585 1886 Roma-

178 1912 313 1970 num)
334 1929 359 1957 a
382 1914 634 1975 parentibus
652 1923 982 1974 nuncupatum,
1007 1915 1095 1958 sive
1122 1929 1147 1956 a
1165 1913 1247 1957 kal.
1276 1914 1472 1970 Martiis,
1494 1914 1586 1974 qui-

179 1984 259 2028 bus
285 1994 350 2028 est
375 1984 514 2028 editus
532 2020 544 2038 ,
579 1986 669 2028 sive
693 1984 909 2044 majorum
929 1984 1141 2028 arbitratu
1163 1984 1220 2028 ob
1242 1985 1398 2028 Martis
1421 1983 1586 2028 cultum

180 2064 224 2098 et
243 2056 496 2098 memoriam
525 2071 692 2099 censeo.
720 2054 944 2098 Martiales
978 2072 1110 2116 porro
1142 2065 1292 2099 nostro
1330 2065 1468 2116 poetae
1499 2055 1587 2098 fere

181 2124 366 2185 aequales
380 2124 526 2186 plures
546 2125 643 2187 lego
661 2125 778 2186 apud
798 2126 1042 2185 scriptores.
1060 2127 1138 2169 Est
1154 2125 1271 2186 apud
1287 2125 1587 2186 Lampridium

182 2195 401 2256 Gargilius
427 2196 663 2250 Martialis,
689 2194 820 2257 paulo
846 2205 991 2240 tamen
1021 2206 1172 2241 nostro
1198 2195 1398 2241 Martiale
1430 2197 1586 2240 minor.

182 2266 388 2310 Celebrat
402 2267 579 2310 Tacitus
593 2266 846 2311 Cornelium
866 2267 1111 2311 Martialem
1134 2266 1458 2328 primipilarem.
1478 2269 1591 2311 Lau-

183 2336 258 2380 dat
287 2346 436 2380 noster
464 2337 677 2381 Martialis
702 2336 863 2381 Julium
889 2337 1137 2382 Martialem
1170 2337 1423 2382 familiarem
1453 2354 1592 2381 suum.

184 2408 308 2450 Vixit
330 2407 485 2451 eodem
505 2408 594 2452 fere
614 2424 706 2451 aevo
725 2409 769 2451 S.
793 2407 1026 2463 Martialis,
1047 2407 1276 2453 Gallorum
1291 2419 1594 2470 mystagogus,

187 2479 512 2522 Lemovicensis
544 2478 764 2539 pontifex,
791 2479 961 2539 seriptis
983 2480 1175 2540 primum
1204 2481 1289 2524 suis
1319 2479 1570 2524 nobilitatus
1587 2515 1598 2529 ,

187 2547 289 2592 dein
316 2550 448 2592 etiam
475 2550 683 2610 sanguine
714 2566 794 2610 pro
825 2549 989 2594 Christi
1019 2551 1195 2595 nomine
1224 2551 1404 2612 profuso
1435 2568 1597 2612 purpu-

188 2628 319 2662 ratus.
357 2618 499 2664 Notus
528 2630 592 2664 cst
612 2630 653 2663 et
681 2619 751 2663 ille
785 2620 995 2665 Martialis
1025 2621 1141 2682 apud
1175 2622 1500 2677 Herodianum,
1528 2621 1595 2665 lib=
