2061 3288
446 259 1034 304 EPIGRAMMATUM
1072 259 1196 301 LIB.
1236 259 1270 300 Ι.

1478 259 1568 305 163

365 348 583 408 Argento,
605 347 729 401 nive,
755 345 865 401 lilio,
889 345 1071 408 ligustro
1093 363 1103 389 .·

366 420 464 470 Jam
489 417 721 479 suspendia
747 434 859 462 saeva
886 417 1109 479 cogitabis.

366 487 451 532 Sed
480 488 714 549 quamdam
742 487 843 533 volo
873 498 1002 534 nocte
1030 488 1267 549 nigriorem
1287 524 1298 542 ,
1557 512 1571 534 5

366 561 568 603 Formica
585 595 596 614 ,
621 561 741 620 pice,
768 558 970 620 graculo,
992 558 1141 604 cicada
1165 576 1174 601 :

365 630 409 673 Si
434 631 537 674 novi
560 630 671 674 bene
700 640 742 674 te
757 666 769 687 ,
793 629 979 675 Procille
994 665 1006 687 ,
1025 630 1159 674 vives.

153 769 310 814 ligustrO.
325 768 393 802 Sed
411 768 599 815 quamdam
620 770 702 803 volo
727 778 832 804 nocte

153 822 343 867 nigriorem
361 822 520 856 Formica
531 848 541 865 ,
556 823 634 869 pice
644 848 654 865 ,
666 824 806 869 graculo
821 849 831 865 ‚

153 874 280 908 cicada.
301 875 380 909 Jum
395 875 583 922 suspendia
600 888 688 911 saeva
707 877 833 922 cogita-

153 928 230 963 has,
253 936 319 962 etc.
341 946 354 958 υ

207 980 241 1014 3.
282 982 443 1026 Ligustro.
485 981 618 1016 Gallice
634 1008 644 1026 ,
670 983 761 1027 fleur
795 983 834 1015 de

155 1041 270 1067 croisne.
281 1035 407 1080 Virgil.
419 1035 494 1068 Ecl.
505 1035 541 1068 ΙΙ
551 1061 559 1076 ,
571 1047 605 1068 v.
624 1047 637 1067 1
647 1035 666 1067 8
686 1049 693 1068 :
711 1053 724 1064 a
743 1035 833 1069 Alba

154 1087 298 1133 ligustra
318 1087 485 1121 cadunt.»

210 1145 245 1180 4.
261 1139 341 1174 Ald.
355 1141 580 1175 Junt.Colin.
593 1141 732 1187 Gryph.
748 1141 834 1183 aliae,

154 1193 321 1227 exhibent
340 1194 524 1239 cogitabas:
544 1203 579 1228 et
594 1195 642 1228 sic
662 1202 729 1228 vet.
751 1193 830 1227 cod.

155 1247 332 1292 Cagnerii.

209 1312 242 1344 7.
266 1300 307 1332 In
336 1300 535 1341 nonnullis,
558 1302 661 1339 vivia
683 1299 744 1334 sed
768 1312 832 1332 no-

154 1360 259 1386 stram
284 1352 474 1386 lectionem
501 1362 640 1386 servant
671 1351 775 1386 codd.
801 1361 834 1386 et

892 769 974 805 edd.
1000 778 1086 804 vett.
1113 791 1165 796 —
1187 770 1224 802 V
1221 771 1292 803 ires.
1326 769 1367 803 Id
1399 779 1467 812 est,
1498 784 1571 805 non

891 822 1083 869 suspendes
1090 831 1136 865 te,
1144 835 1257 869 quum
1265 836 1321 857 me
1328 823 1438 870 nigrae
1447 825 1575 870 puellae

891 889 1010 911 amore
1020 876 1204 922 perditum
1213 875 1330 910 videas
1342 890 1350 919 ;
1361 878 1488 911 etenim
1500 890 1574 923 prae

892 928 1025 964 invidia
1036 930 1230 963 moriturus
1242 938 1316 964 erat
1324 930 1383 964 ille
1390 930 1573 972 Procillus,

893 983 921 1015 si
937 982 1115 1016 didicisset
1134 983 1329 1016 Martialem
1342 984 1450 1017 amari
1466 997 1484 1017 a
1500 984 1574 1017 for-

893 1036 1085 1069 mosissima
1096 1036 1212 1082 puella
1223 1062 1232 1079 ,
1240 1049 1344 1082 quam
1354 1037 1504 1070 vicissim
1517 1049 1573 1070 re·

893 1087 1062 1122 damasset
1083 1101 1091 1122 :
1114 1088 1188 1123 haec
1207 1089 1342 1135 quippe
1373 1098 1423 1123 est
1448 1099 1575 1124 natura

894 1140 1097 1174 invidorum
1129 1150 1169 1175 ut
1201 1142 1341 1175 alterius
1371 1143 1574 1176 felicitatem

891 1193 1034 1228 doleant
1050 1222 1059 1235 ‚
1095 1195 1187 1227 malo
1224 1204 1341 1229 autem
1382 1196 1546 1230 laetentur
1563 1210 1572 1237 3

891 1247 979 1281 vivit
996 1248 1104 1293 igitur
1113 1248 1300 1289 Procillus,
1319 1248 1417 1295 quod
1428 1249 1571 1282 Martia-

893 1300 935 1333 lis
964 1300 1001 1333 in
1034 1301 1125 1333 hanc
1162 1302 1338 1335 miseriam
1375 1302 1576 1347 nigerrimae

895 1353 1013 1386 amicae
1031 1354 1075 1387 sit
1094 1352 1268 1399 delapsus.

742 1511 998 1570 CXVII.

179 1658 234 1686 DF.
267 1658 394 1687 AGRO
435 1657 484 1686 IN
520 1657 748 1687 ANTULLAE
786 1657 991 1693 EJUSQUE
1028 1657 1239 1686 FAMILJAE
1280 1657 1559 1688 SEPULCRUM

412 1724 674 1774 5Ε1)()51Το.’ι
700 1725 823 1785 (Vid.
858 1746 990 1791 snpra
1020 1731 1156 1791 epigr.
1189 1724 1316 1783 cxv.)

226 1871 329 1913 Hoc
354 1884 508 1911 nemus
535 1877 698 1912 aeterno
729 1869 924 1912 cinerum
955 1869 1142 1912 sacravit
1166 1869 1336 1913 honore

292 1939 489 1994 Foenius,
517 1948 559 1982 et
583 1937 687 1982 culti
709 1938 864 1999 jugera
889 1956 1027 1999 pauca
1055 1938 1145 1982 soli.

226 2011 322 2053 Hoc
353 2010 514 2070 tegitur
539 2010 626 2053 cito
654 2019 779 2070 rapta
806 2010 892 2053 suis
915 2009 1092 2053 Antulla
1118 2008 1319 2070 sepulcro
1345 2027 1352 2053 :

294 2082 391 2123 Hoc
415 2081 497 2123 erit
520 2079 707 2124 Antullae
735 2081 891 2124 mixtus
918 2090 1102 2141 uterque
1129 2097 1299 2141 parens.

211 2214 224 2226 ¹
245 2219 285 2250 In
301 2217 477 2262 plerisque
492 2217 542 2249 De
559 2218 697 2250 Antulla
710 2244 719 2258 ,
737 2216 833 2263 quod

158 2271 381 2305 mutavimus.
402 2269 522 2304 Codex
539 2269 749 2303 Bodleianus
767 2283 833 2316 pro

157 2325 318 2357 lemmate
350 2323 454 2356 habet
482 2334 490 2355 :
524 2323 732 2367 Epitaphium
763 2324 835 2356 An-

159 2378 255 2410 tullce.

216 2443 246 2464 1.
270 2428 391 2462 Codex
409 2428 588 2461 Palatinus
605 2428 745 2461 exhibet
757 2453 768 2467 ,
786 2441 836 2460 sa-

158 2485 256 2515 cravit
273 2483 393 2514 honori.
411 2503 463 2507 -—
479 2482 551 2513 Hoc
567 2494 684 2514 nemus,
696 2481 834 2514 Lucum

158 2536 315 2568 solebant
336 2536 482 2567 Veteres
511 2533 639 2567 addere
668 2534 811 2567 tumulis
826 2560 835 2574 ,

158 2588 338 2634 religionis
359 2600 469 2621 causa.
490 2609 541 2613 —
563 2587 719 2620 Sat-ravit.
742 2587 836 2619 Reli-

158 2642 293 2685 giosum
313 2641 410 2681 fecit,
429 2649 523 2673 extra
541 2640 725 2673 hominum
742 2652 837 2672 com-

161 2694 330 2727 mercium
353 2693 496 2738 posuit,
522 2693 600 2725 ffliae
628 2693 762 2725 cineres
791 2693 838 2725 ibi

895 2216 1108 2259 condendo,
1130 2230 1281 2264 suosque
1314 2228 1347 2252 et
1375 2221 1494 2254 uxoris
1519 2223 1575 2266 jn-

894 2270 1012 2303 hendo
1029 2269 1245 2304 condendos.
1268 2272 1336 2305 En.

950 2336 982 2356 2.
1010 2315 1249 2362 Pulmannus,
1271 2326 1388 2370 jugera
1411 2327 1546 2371 pulchra
1563 2355 1572 2367 ,

895 2384 928 2408 et
943 2376 992 2409 sic
1012 2375 1111 2410 codd.
1136 2377 1238 2410 Voss.

951 2429 983 2462 3.
1002 2429 1102 2462 Junt.
1128 2441 1220 2462 anno
1250 2430 1315 2464 151
1328 2444 1344 2464 2
1359 2457 1368 2472 ‚
1393 2432 1499 2466 habet
1515 2447 1576 2466 ιιιι-

895 2489 959 2513 stus
985 2495 1050 2526 pro
1076 2485 1194 2516 mistus.
1221 2504 1259 2508 —
1288 2484 1373 2517 Cito.
1396 2485 1480 2520 Vid.
1501 2488 1576 2532 epi-

895 2546 1048 2579 gramma
1067 2548 1132 2568 cxv
1150 2548 1275 2581 supra,
1295 2549 1345 2570 vs.
1372 2541 1406 2578 4.

954 2591 987 2627 zi.
1010 2588 1083 2621 Hoc
1101 2591 1170 2621 erit.
1194 2588 1302 2634 Apud
1324 2603 1444 2624 omnes
1462 2604 1576 2637 popu-

900 2641 949 2673 los
964 2665 974 2681 ,
993 2653 1129 2686 semper
1147 2641 1328 2687 quoddam
1348 2643 1416 2677 fuit
1438 2644 1576 2689 pietatis

901 2706 990 2738 opus
1018 2707 1056 2727 ac
1083 2695 1286 2739 religionis,
1304 2709 1392 2742 quos
1417 2698 1578 2730 amicitia:

1244 2766 1330 2812 11²
