2061 3288
438 236 1026 281 EPIGRAMMATUM
1066 238 1188 280 LIB.
1233 239 1315 281 IV.

1492 237 1586 299 387

793 389 961 445 XIV.

712 544 780 571 An
820 523 1061 572 SILIUMf

381 671 477 714 Sim
497 705 508 725 ,
534 666 805 713 Castalidum
837 667 970 712 decus
1000 685 1225 725 sororum,

381 742 471 798 Qui
497 739 689 801 perjuria
716 738 894 782 barbari
918 738 1079 783 furoris

379 811 554 872 Ingenti
579 809 742 871 premis
764 826 865 866 ore,
887 809 1168 871 perfidosque

382 884 514 927 Astus
537 879 794 925 Hannibalis
809 916 820 937 ‚
841 879 1046 942 levesque
1069 883 1227 926 Poenos

382 953 558 1013 Magnis
579 952 734 997 cedere
756 953 878 1013 cogis
902 951 1120 997 Africanis
1143 970 1151 996 :
1590 975 1603 997 5

222 1084 236 1099 *
257 1088 311 1122 Ad
343 1088 470 1122 Silium
500 1088 685 1129 Italicum,
713 1095 854 1133 poetam

170 1143 252 1176 satis
273 1150 398 1175 notum
420 1139 538 1187 (cujus
559 1141 692 1174 mentio
718 1149 770 1174 est
790 1141 853 1175 lib.

169 1196 224 1228 Vt
238 1222 247 1237 ,
263 1195 374 1241 epigr.
394 1207 477 1228 Lxlv
490 1220 499 1236 ,
518 1207 568 1228 vs.
590 1206 658 1234 103
681 1194 742 1227 lib.
760 1195 833 1228 VII
845 1221 853 1236 ,

170 1248 278 1294 epigr.
308 1260 425 1290 Lxrr13
457 1248 518 1281 lib.
546 1247 597 1280 XI
612 1273 621 1289 ,
651 1247 758 1292 epigr.
790 1260 851 1290 L1;

170 1303 269 1347 cujus
299 1309 334 1335 et
365 1301 472 1335 vitam
501 1309 534 1333 et
556 1307 706 1333 mortem
735 1310 854 1335 narrat

169 1354 298 1388 diserte
314 1354 405 1388 Ptin.
421 1355 495 1400 jun.
510 1353 573 1386 lib.
590 1354 644 1386 III
657 1379 666 1395 ,
684 1353 783 1399 epist.
799 1348 852 1399 7),

169 1407 280 1441 mittit
295 1419 355 1441 sua
371 1406 525 1442 carmina
544 1406 737 1448 Martialis;
757 1415 791 1440 et
810 1408 853 1440 ab

169 1473 232 1497 eo,
257 1460 397 1494 laudato
426 1460 523 1506 prius
538 1486 548 1502 ‚
571 1459 661 1505 petit
688 1468 728 1493 ut
753 1473 852 1493 suam

170 1513 324 1559 deponat
353 1513 573 1547 severitatem
609 1512 653 1546 ad
687 1512 852 1557 legendos

170 1567 316 1601 lascivos
335 1567 474 1600 libellos
489 1580 498 1608 3
516 1565 613 1612 quod
634 1565 777 1612 quidem
800 1566 852 1600 illi

171 1619 318 1654 suadent
337 1620 573 1654 Saturnalium
592 1618 680 1654 dies.

229 1686 261 1707 1.
293 1673 365 1706 Sili.
394 1673 498 1706 Silius
527 1673 690 1712 Italicus,
719 1682 822 1718 poeta
841 1699 850 1715 ,

171 1726 311 1771 Virgilii
337 1726 495 1759 imitator
510 1725 686 1765 assiduus,
704 1726 852 1771 piusque

171 1778 259 1812 adeo
281 1773 412 1821 cultor,
430 1787 469 1812 ut
488 1779 563 1824 ejus
586 1778 680 1812 diem
701 1779 852 1812 natalem

170 1832 432 1877 religiosissime
447 1832 660 1872 celebraret,
682 1840 716 1865 et
735 1833 852 1878 sepul-

171 1893 464 1931 cru1n‚tanquam
481 1897 593 1926 aram,
611 1884 776 1918 inviseret
795 1897 852 1919 sae-

174 1938 251 1984 pius
265 1964 273 1980 ‚
287 1946 400 1972 metro
412 1937 553 1971 heroico
567 1938 704 1983 scripsit
720 1938 851 1971 bellum

173 1991 346 2024 Punicum
367 1989 560 2025 secundum
582 2002 590 2023 :
611 1991 737 2023 consul
756 1989 851 2024 idem

173 2044 240 2078 fuit
277 2053 455 2090 postremo
487 2043 637 2077 Neronis
669 2055 760 2076 anno
776 2070 784 2082 ‚
813 2056 852 2077 ac

175 2096 324 2130 subinde
342 2097 431 2130 Asiae
452 2096 657 2142 proconsul.
679 2097 762 2141 Ejus
789 2109 850 2138 pa-

175 2149 240 2184 tria
263 2150 331 2183 fuit
352 2150 546 2184 Corfinium
562 2175 571 2190 ‚
598 2149 824 2195 Pelignorum
842 2176 850 2191 ‚

176 2203 211 2236 in
239 2202 358 2244 Italia,
386 2203 526 2240 civitas,
553 2215 629 2247 quae
651 2203 755 2235 etiam
781 2204 852 2236 Ita-

174 2255 240 2288 lica
258 2254 349 2289 dicta
369 2264 440 2296 cst3
459 2256 514 2289 vel
530 2282 539 2297 ‚
555 2265 595 2289 ut
613 2256 750 2289 malunt
770 2256 849 2292 alii,

177 2308 316 2351 Italica,
336 2309 420 2342 urbs
441 2308 587 2342 Baeticae.
616 2308 706 2341 Hinc
723 2309 774 2341 illi
793 2321 851 2342 co-

178 2374 330 2406 gnomen
359 2361 482 2394 Italici.
502 2360 615 2403 Vide,
634 2361 663 2394 si
683 2361 854 2406 ampliora

177 2413 354 2448 desideras
362 2440 371 2456 ‚
382 2413 661 2448 dissertationem
672 2414 854 2447 clarissimi

177 2467 348 2513 Ruperti,
368 2468 428 2500 ubi
448 2467 557 2500 fusius
581 2467 697 2512 agitur
724 2466 768 2500 de
790 2481 854 2500 no-

178 2520 273 2554 mine
299 2529 333 2553 et
353 2520 466 2565 patria
484 2520 559 2554 Silii
580 2520 708 2560 Italici,
725 2520 769 2553 ad
789 2521 854 2553 cal-

179 2586 253 2606 cem
270 2574 338 2607 vol.
353 2575 387 2606 ΙΙ
402 2582 527 2607 nostra¹
545 2572 721 2607 editionis.
739 2578 857 2606 E1›.—-

182 2626 517 2660 C‹1stalida112.ltlusae
545 2626 712 2659 (licuntur
743 2627 859 2660 Casta-

181 2678 268 2714 lidos
285 2693 304 2714 a
322 2680 455 2725 virgine
477 2680 623 2714 Castalia
635 2707 644 2720 ‚
660 2692 735 2725 quae
751 2680 859 2725 Apol-

914 1087 1022 1121 linem
1046 1088 1183 1134 fugiens
1209 1089 1252 1122 ad
1275 1088 1409 1124 radices
1438 1090 1599 1125 Parnassi

914 1141 951 1173 in
973 1142 1107 1175 fontem
1134 1155 1153 1175 a
1169 1155 1204 1175 se
1226 1143 1419 1177 Castalium
1440 1143 1599 1188 dictum,

915 1204 949 1227 et
967 1194 1078 1228 Musis
1096 1207 1233 1229 sacrum
1249 1221 1257 1236 ‚
1280 1207 1378 1230 versa
1401 1205 1463 1231 est.

971 1261 1003 1281 2.
1019 1249 1233 1293 Qm'petjuria
1246 1275 1254 1288 ‚
1270 1258 1337 1283 etc.
1350 1247 1481 1284 Perfidi
1495 1253 1601 1299 vulgo

913 1312 952 1333 ac
974 1300 1144 1347 foedifragi
1168 1302 1366 1336 Poeni'sunt
1389 1304 1502 1338 habiti
1522 1331 1531 1344 ,
1559 1315 1600 1340 ut

912 1353 988 1399 ipse
1018 1363 1167 1388 testatur
1191 1355 1298 1390 Silius
1326 1356 1468 1390 Italicus
1494 1358 1597 1393 initio

911 1407 1018 1452 primi
1042 1408 1125 1441 libri
1147 1420 1155 1441 z
1183 1425 1196 1438 «
1221 1409 1293 1442 Ter
1314 1410 1429 1444 Marte
1452 1410 1595 1446 sinistro

911 1460 1146 1507 Juratumque
1163 1462 1245 1495 Jovi
1258 1461 1388 1504 foedus,
1405 1474 1595 1499 conventa·

911 1526 980 1558 que
992 1523 1131 1560 patrum
1143 1514 1281 1548 Sidonii
1299 1516 1434 1562 fregere
1450 1516 1566 1552 duces.
1577 1537 1590 1549 n

912 1566 997 1601 Vid.
1018 1568 1079 1601 lib.
1099 1569 1168 1607 Vl,
1190 1568 1299 1614 epigr.
1318 1581 1399 1611 x1x‚
1416 1583 1466 1604 vs,
1485 1573 1519 1605 6.

967 1621 1001 1655 3.
1022 1621 1151 1666 Ingenti
1177 1634 1240 1655 ore.
1265 1621 1402 1656 Sonoro
1427 1634 1461 1657 et
1482 1625 1597 1659 nobili

910 1673 1077 1707 carmine.
1087 1696 1138 1701 —-
1147 1675 1280 1708 Premis.
1292 1675 1452 1721 Exagitas
1464 1703 1473 1718 ,
1488 1690 1593 1713 versu

910 1739 1032 1760 severo
1055 1727 1227 1774 increpas.

966 1785 1000 1820 4.
1032 1781 1147 1813 Fastus
1169 1782 1354 1816 Annibalis.
1384 1782 1465 1816 Ald.
1491 1784 1590 1817 Junt.

911 1832 1028 1866 Colin.
1056 1834 1199 1867 Junian.
1227 1835 1336 1879 Lang.
1364 1836 1493 1881 Delph.
1524 1846 1591 1871 etc.

910 1898 1065 1931 saevosque
1084 1887 1199 1919 Paenos
1217 1887 1426 1921 Beverlandi
1446 1889 1523 1934 MS.
1539 1912 1593 1918 ——-

911 1939 1065 1983 Lea-esque
1084 1939 1199 1971 I’oenos
1222 1940 1354 1984 Blugnis
1378 1942 1484 1974 cedere
1504 1946 1593 1989 cogis

910 1992 1091 2034 Africanis.
1105 1990 1147 2024 Id
1160 2001 1210 2025 est
1225 2019 1233 2034 ,
1247 1994 1341 2027 canis
1354 2019 1362 2035 ,
1381 2003 1413 2027 et
1425 1997 1592 2041 graphice

909 2043 1070 2089 depingis
1083 2044 1384 2090 quemadmodum
1398 2049 1506 2082 coacti
1521 2050 1593 2083 fue-

909 2098 980 2130 rint
992 2096 1115 2131 cedere
1129 2098 1351 2144 ScipionIbus
1366 2113 1374 2142 ;
1390 2110 1438 2134 est
1453 2103 1592 2146 poetica

911 2151 1127 2196 metonymia
1145 2176 1155 2192 ‚
1185 2165 1252 2197 qua
1281 2152 1448 2187 dicuntur
1477 2165 1590 2200 poetae

911 2204 1023 2237 facere
1060 2203 1096 2237 id
1130 2204 1229 2249 quod
1268 2215 1399 2240 canunt
1433 2208 1563 2242 factum
1581 2223 1589 2243 :

910 2257 1045 2296 πιιητῆς
1060 2257 1153 2290 enim
1166 2270 1276 2302 graece
1285 2259 1588 2304 significatsactor,

911 2312 966 2355 qui
977 2312 1073 2353 facit.
1087 2310 1142 2344 Sic
1159 2319 1193 2343 et
1211 2312 1398 2356 Virgilius,
1413 2314 1447 2346 in
1462 2315 1563 2349 Moeri
1581 2342 1590 2357 ‚

912 2376 962 2396 vs.
988 2376 1029 2407 19
1049 2375 1057 2396 ε
1085 2381 1096 2392 ·‹
1114 2364 1202 2405 Quis
1218 2364 1364 2398 humum
1383 2366 1591 2402 florentibus

912 2416 1031 2448 herbis
1046 2417 1232 2461 Spargeret
1246 2444 1254 2458 ‚
1274 2427 1333 2452 aut
1354 2420 1458 2453 viridi
1476 2422 1591 2455 fontes

913 2467 1098 2502 induceret
1110 2470 1258 2503 umbra?
1275 2489 1287 2500 ιι
1306 2481 1339 2505 et
1354 2473 1542 2515 Horatius,
1556 2477 1592 2507 in

917 2522 984 2554 Sat.
1008 2523 1068 2556 lib.
1091 2523 1128 2563 I,
1148 2536 1168 2555 x
1188 2537 1193 2554 1
1219 2542 1232 2553 «
1249 2525 1426 2571 Turgidus
1446 2528 1594 2573 Alpinus

915 2575 1048 2620 jugulat
1064 2574 1149 2608 dum
1166 2577 1367 2612 Memnona.
1392 2598 1405 2608 »

975 2630 1008 2661 5.
1038 2629 1169 2673 Illa-gnis
1199 2631 1315 2665 cedere.
1353 2633 1470 2678 Scipio
1502 2634 1596 2667 enim

920 2682 1030 2726 maijor
1051 2707 1060 2722 ‚
1093 2683 1274 2717 Africanus,
1310 2687 1574 2731 cognominatus
1591 2712 1599 2725 ‚

1301 2756 1389 2801 23³
