2061 3288
461 198 559 255 434

838 196 900 241 M.
922 199 1065 242 VAL.
1105 196 1497 242 MARTIALIS

1137 360 1196 417 L.

954 513 1011 547 IN
1067 496 1383 546 THAIDEM.*

668 645 798 701 QUID
824 658 920 699 me,
946 643 1083 697 Thai,
1110 659 1257 688 senem
1286 641 1469 686 subinde
1493 641 1630 686 dicis?

666 716 809 759 Nemo
839 725 927 770 est,
949 714 1085 771 Thai,
1117 731 1247 758 senex
1274 713 1329 757 ad
1355 712 1671 756 irrumandum.

508 862 523 875 *
532 863 639 896 Teme
650 862 852 896 fellatricem
863 861 1014 907 appellat
1025 860 1135 893 Thai-

456 917 537 951 dem
552 942 561 958 ‚
579 928 684 961 quam
702 928 806 961 supra
819 942 828 959 ‚
845 915 955 961 epigr.
974 925 1028 947 ΧΠ
1046 939 1055 955 ,
1075 926 1134 947 eo-

455 970 536 1004 dem
556 969 643 1003 vitio
659 969 808 1002 notavit.

507 1044 559 1049 --
569 1024 611 1055 In
625 1023 693 1055 hoc
706 1021 953 1067 epigrammate
972 1020 1063 1053 nihss
1076 1032 1134 1053 va-

453 1076 546 1110 riant
559 1085 617 1109 aut
638 1076 720 1108 libri
736 1074 914 1121 impressi,
934 1082 992 1108 aut
1010 1085 1134 1106 manu-

454 1130 589 1175 scripti.

507 1198 538 1216 2.
561 1183 662 1217 Nemo
692 1190 759 1221 est,
787 1189 850 1215 etc.
887 1180 1047 1225 Namque
1077 1179 1136 1212 hic

455 1249 525 1269 non
549 1244 642 1269 tanta
666 1235 699 1268 vi
729 1248 819 1280 opus
846 1242 916 1275 est,
939 1242 972 1267 et
997 1232 1041 1266 ad
1068 1232 1137 1266 hoe

1193 872 1301 905 genus
1313 857 1471 892 libidinis
1480 858 1627 904 pronior
1637 866 1688 891 est
1699 865 1855 891 senectus
1863 883 1873 899 ‚

1194 921 1234 947 ut
1249 911 1294 945 de
1309 912 1454 946 Tiberio
1473 912 1661 945 Suetonius
1677 937 1687 953 ‚
1708 924 1782 958 cap.
1805 915 1851 953 44
1865 937 1875 953 ,

1200 983 1213 996 α
1230 966 1379 1012 pronior
1392 978 1473 998 sane
1486 965 1529 998 ad
1542 964 1579 998 id
1596 977 1704 1010 genus
1716 963 1875 997 libidinis

1194 1027 1229 1053 et
1238 1028 1361 1052 natura
1372 1027 1406 1052 et
1421 1027 1518 1052 aetate
1526 1036 1539 1048 >³
1549 1031 1557 1061 3
1569 1027 1602 1051 et
1611 1018 1738 1052 Juven.
1756 1026 1819 1051 sat.
1828 1018 1875 1058 X,

1199 1074 1284 1106 208.
1306 1070 1391 1106 vid.
1411 1080 1444 1105 et
1459 1072 1520 1105 lib.
1538 1072 1613 1111 III,
1631 1071 1740 1116 epigr.
1761 1083 1850 1104 Lxxv
1864 1095 1875 1111 ,

1197 1138 1300 1159 versu
1318 1125 1350 1159 5.
1369 1125 1437 1158 Hic
1453 1125 1555 1158 simul
1569 1124 1698 1158 Thaini
1718 1131 1875 1165 accusat,

1196 1179 1293 1224 quasi
1307 1178 1457 1212 diceret:
1472 1178 1552 1211 satis
1563 1204 1572 1220 ‚
1585 1177 1742 1223 quamvis
1752 1189 1855 1210 senex
1867 1201 1876 1218 ‚

1198 1240 1300 1278 aptus
1315 1245 1394 1265 sum
1408 1231 1452 1265 ad
1468 1244 1570 1265 usum
1584 1242 1687 1277 quem
1707 1229 1854 1276 appetis.

1114 1380 1216 1437 LI.

895 1539 962 1566 AD
1012 1517 1445 1566 CAECILIANUM.*

528 1668 679 1724 QUUM
712 1663 786 1708 tibi
812 1680 901 1706 non
927 1672 1070 1706 essent
1100 1679 1175 1706 sex
1204 1662 1361 1717 millia,
1384 1662 1639 1715 Caeciliano,

596 1735 771 1796 Ingenti
796 1733 882 1776 late
906 1743 1060 1776 vectus
1086 1749 1132 1776 es
1157 1733 1426 1793 hexaphoro.

526 1811 764 1867 Postquam
794 1805 858 1847 bis
885 1803 1028 1847 ‹le-cies
1053 1804 1206 1847 tribuit
1233 1805 1328 1848 Dea
1355 1820 1466 1847 crecta
1484 1840 1495 1858 ‚
1526 1805 1755 1866 sinumque

509 1956 521 1969 '‘
543 1957 700 1991 Similem
720 1955 859 1988 Calaeno
889 1950 975 1993 (lib.
995 1953 1031 1991 I,
1063 1953 1138 1998 epi-

459 2025 605 2058 gramm.
632 2009 676 2050 c)
696 2033 706 2049 ,
734 2016 769 2041 et
800 2007 959 2040 Scaevolae
992 1999 1072 2048 (lib.
1098 2007 1137 2047 Ι,

461 2066 572 2111 epigr.
598 2060 702 2103 etv),
726 2059 956 2106 reprehendit
984 2058 1139 2092 Caecilia-

460 2132 546 2152 num
561 2143 571 2159 ‚
601 2116 686 2162 qui,
707 2112 875 2160 quamdiu
903 2111 1139 2145 mediocribus

461 2172 526 2205 suit
563 2171 597 2203 in
627 2169 760 2209 rebus,
792 2166 873 2199 satis
903 2166 996 2198 laute
1023 2165 1111 2197 vixit
1130 2189 1141 2203 ‚

463 2222 592 2257 deinde
623 2223 732 2256 factus
767 2228 817 2253 est
842 2218 948 2253 simul
975 2217 1072 2251 dives
1106 2226 1140 2250 et

463 2289 594 2311 avarus.
612 2276 678 2308 En.

522 2343 553 2363 1.
570 2329 634 2362 Sex
654 2328 764 2360 millia.
784 2324 1000 2359 Sestertium.

519 2396 550 2415 2.
582 2382 708 2426 Ingenti
730 2380 792 2412 late
822 2385 930 2410 ‘vectas
961 2377 1140 2422 lwxaplzoro

464 2437 499 2471 in
530 2435 669 2469 Juntini
702 2445 792 2466 anna
820 2430 939 2470 15123
970 2438 1078 2463 ‘vectus
1110 2443 1140 2461 es

463 2502 529 2520 <csse
555 2488 631 2530 s⁰¹'⁰
660 2490 696 2519 in
729 2482 938 2518 Beverlandi
968 2483 1041 2516 MS.
1069 2483 1140 2515 laxe

464 2549 571 2574 vectus
591 2554 622 2572 es
645 2539 822 2583 hexaplzoro
837 2537 874 2569 in
897 2536 982 2569 aliis.
1003 2558 1056 2563 —
1074 2537 1140 2567 He·

464 2594 615 2639 ,ιταρΙιοι-ο.
649 2591 899 2636 Hexaphorum
935 2597 985 2622 est
1018 2588 1138 2622 lectica

464 2662 481 2681 a
496 2660 554 2682 sex
567 2645 674 2680 servis
691 2652 830 2689 gestata.
846 2637 902 2685 (ἔξ
915 2667 925 2683 ,
939 2656 1013 2681 εει)-
1033 2644 1112 2686 ‹pipo›
1126 2667 1134 2680 ,

1191 1951 1305 1996 sero.)
1327 1953 1384 1986 Sic
1403 1954 1563 1988 Juvenal.
1588 1964 1650 1988 sar.
1671 1957 1708 1988 I:
1728 1974 1741 1985 ι
1765 1969 1875 2002 quum

1195 2008 1264 2051 jam
1291 2015 1385 2039 sexta
1407 2007 1541 2040 cervice
1562 2008 1692 2041 feratur
1708 2009 1800 2043 Hinc
1825 2019 1876 2043 at-

1198 2072 1266 2104 que
1287 2058 1369 2092 inde
1386 2069 1528 2104 patens,
1547 2069 1611 2095 etc.

1253 2113 1287 2145 3.
1310 2113 1369 2145 Bis
1390 2113 1488 2145 decies
1506 2140 1513 2153 ,
1546 2122 1612 2147 etc.
1643 2115 1761 2148 Vicies
1793 2128 1874 2149 cen—

1199 2173 1280 2197 tena
1296 2165 1406 2198 millia
1423 2166 1491 2199 HS.
1514 2188 1565 2193 —-
1581 2167 1653 2199 Dea
1675 2181 1759 2201 coeca
1775 2195 1783 2207 ,
1809 2178 1876 2202 etc.

1199 2217 1353 2251 Fortuna
1372 2231 1469 2263 quae,
1485 2232 1523 2252 ac
1538 2219 1566 2252 si
1585 2232 1672 2254 caeca
1688 2229 1777 2255 esset
1788 2247 1796 2261 ‚
1813 2221 1877 2255 ini-

1199 2283 1266 2316 que
1288 2270 1467 2305 distribuit
1492 2285 1649 2306 munera.
1674 2296 1727 2301 —
1749 2274 1877 2308 Sinum-

1199 2324 1445 2369 que.Solebant
1458 2326 1603 2359 Veteres
1619 2338 1658 2359 ea
1674 2327 1711 2359 in
1728 2327 1808 2360 sinu
1824 2340 1879 2361 re-

1199 2389 1353 2422 ponere,
1375 2390 1451 2422 quae
1476 2391 1596 2411 secum
1622 2380 1714 2413 ferre
1737 2392 1877 2414 necesse

1200 2438 1293 2471 erat3
1309 2431 1363 2463 his
1385 2431 1500 2464 verbis
1518 2432 1665 2477 pecunia
1684 2432 1877 2467 abundasse

1202 2483 1427 2516 Caecilianum
1457 2484 1638 2529 significat.
1670 2485 1727 2519 Sic
1753 2486 1875 2520 Horat.

1199 2535 1261 2569 lib.
1284 2537 1338 2576 ΙΙ,
1366 2545 1427 2570 sat.
1453 2536 1471 2569 3
1492 2549 1500 2570 :
1528 2538 1608 2571 «Te
1633 2540 1719 2572 talos
1734 2565 1743 2579 ‚
1763 2539 1875 2579 Aule,

1199 2601 1374 2634 nucesque
1392 2590 1496 2623 Ferre
1512 2591 1590 2624 sinu
1614 2592 1689 2625 laxo
1706 2618 1715 2631 ‚
1744 2591 1875 2626 donare

1199 2651 1231 2674 et
1252 2641 1372 2675 ludere
1393 2641 1477 2675 vidi.
1498 2661 1511 2672 n
