2061 3288
449 232 1034 278 EPIGRAMMATUM
1074 231 1199 274 [2113.
1240 230 1336 272 ΙΙΙ.
1502 224 1597 270 265

836 387 954 444 ΙΙΙ.

499 547 555 576 ΙΝ
595 546 884 576 MULOEREM
923 522 1286 574 DEFORMEM*

255 673 522 716 Fonmosm
552 670 705 714 faciem
737 671 863 730 nigro
894 668 1107 712 velamine
1137 665 1250 711 celas
1277 684 1285 709 :

326 742 410 786 Sed
436 758 525 785 non
552 741 745 785 formoso
772 757 956 801 corpore
983 738 1100 782 laedis
1125 754 1272 798 aquas.

258 814 403 873 Ipsam
430 812 559 856 erede
582 814 724 856 Deam
744 811 888 856 verbis
912 810 988 854 tibi
1014 809 1158 854 dicere
1183 809 1342 852 nostris
1357 844 1368 862 ‚

329 886 418 927 Aut
442 884 561 944 aperi
588 883 765 939 faciem,
789 881 858 927 vel
888 882 1082 926 tunicata
1110 879 1220 923 lava.

243 1016 258 1031 '¹
281 1017 411 1052 Irridet
431 1018 571 1051 stultam
599 1017 763 1051 feminam
787 1017 867 1063 pul·

189 1072 273 1105 chra
293 1072 402 1113 faeie,
428 1080 461 1105 et
482 1071 671 1105 foedissimo
692 1084 841 1117 corpore
858 1083 868 1112 ;

191 1137 270 1170 quae
290 1138 403 1170 quum
427 1132 543 1169 tegere
565 1138 712 1171 corpus,
736 1132 771 1158 et
787 1136 869 1170 ape-

190 1178 261 1211 rire
276 1178 404 1211 faciem
421 1176 599 1211 debuisset
612 1204 621 1219 ‚
640 1186 765 1210 contra
781 1178 870 1210 cela-

191 1232 250 1264 bat
268 1231 392 1264 faciem
410 1240 443 1264 et
458 1230 595 1264 nudum
614 1244 741 1276 corpus
753 1239 870 1264 osten-

193 1283 308 1318 debat.
332 1285 485 1317 Rame'res.

251 1349 282 1370 1.
314 1336 380 1369 Ed.
407 1337 587 1382 antiquiss.
613 1337 750 1370 Ferrar.
777 1349 872 1369 anno

200 1394 316 1434 14713
346 1389 424 1423 Ald.
459 1390 549 1423 1501
567 1402 576 1431 ;
611 1391 709 1424 Junt.
750 1389 845 1423 1512
862 1402 871 1430 ;

195 1442 313 1476 Colin.
341 1443 437 1477 1528
452 1456 461 1484 ;
481 1444 554 1476 aliae
570 1451 654 1477 vett.
673 1443 804 1476 habent
822 1445 872 1475 1ιὶ-

192 1509 254 1541 gro
274 1496 474 1529 medicamine
491 1497 592 1530 velas.
610 1496 799 1529 Pulmanni
815 1507 873 1528 ve·

196 1558 251 1582 tus
272 1548 382 1582 codex
395 1575 403 1591 ‚
428 1551 520 1594 nigro
539 1549 741 1582 medicamine
765 1549 847 1582 celas
862 1561 874 1582 :

196 1601 291 1635 unde
321 1602 533 1636 Ramiresius
565 1603 610 1637 de
637 1602 752 1636 Prado
781 1603 874 1647 conj.

197 1656 290 1699 nigro
304 1655 460 1687 velamine
479 1656 561 1688 celas
573 1683 582 1696 ,
606 1655 702 1701 quod
724 1655 877 1701 optimos

197 1707 327 1740 habere
344 1708 453 1741 libros
475 1709 523 1741 ait
539 1708 730 1742 Scriverius
742 1734 752 1750 ‚
769 1717 803 1742 et
822 1721 877 1742 re-

198 1761 339 1806 quirere
357 1762 394 1794 τὸ
413 1764 502 1806 aperi
516 1774 566 1794 vs.
587 1766 622 1802 4.
633 1783 684 1787 —
700 1762 877 1795 Velamine.

200 1813 364 1859 Subligar
391 1813 571 1859 quoddam
587 1839 596 1854 ‚
632 1822 670 1847 ut
705 1815 766 1847 lib.
802 1816 855 1847 III
871 1841 881 1856 ‚

199 1866 310 1912 epigr.
336 1879 504 1908 Lxxxvn‚
523 1880 554 1900 v.
584 1871 617 1907 ιῑ.
644 1868 715 1900 Alii
742 1868 879 1900 medica-

202 1922 281 1953 mine
300 1921 391 1953 velas
403 1946 412 1960 ‚
434 1929 468 1953 et
487 1921 768 1966 interpretantur
789 1933 878 1967 oesy-

927 1029 974 1062 po
992 1042 1002 1057 ‚
1027 1014 1261 1048 medicamine
1280 1021 1315 1046 et
1336 1012 1611 1045 incrustamento

929 1069 1118 1103 cosmetico
1136 1095 1145 1112 ,
1171 1066 1269 1113 quod
1300 1065 1480 1099 Juvenalis
1510 1072 1611 1097 vocat

931 1125 1093 1155 tectorium
1107 1149 1116 1163 ,
1136 1121 1205 1154 Sat.
1228 1121 1280 1152 VI
1296 1146 1305 1161 ‚
1326 1133 1376 1152 vs.
1400 1119 1485 1159 463.
1501 1116 1609 1158 Quod

929 1189 1055 1222 parum
1070 1173 1258 1209 verisimile
1269 1172 1410 1207 videtur
1421 1197 1431 1211 ‚
1444 1183 1555 1217 quum
1569 1171 1613 1203 sit

933 1232 1056 1274 nigrum
1074 1237 1108 1262 et
1126 1228 1163 1261 in
1182 1227 1309 1260 balneo
1327 1225 1547 1259 adhibeatur.

990 1295 1021 1316 2.
1053 1282 1104 1315 At
1127 1294 1190 1314 11on
1216 1277 1425 1313 Beverlandi
1456 1277 1532 1311 MS.
1559 1297 1611 1302 —

932 1335 1000 1369 Sed
1017 1348 1100 1376 non,
1119 1343 1184 1367 etc.
1200 1332 1271 1367 Sed
1291 1331 1442 1366 deformi
1461 1341 1613 1376 corpore

931 1389 1039 1422 violas
1060 1400 1177 1432 aquas,

988 1442 1022 1475 3.
1040 1442 1147 1486 Ipsam
1165 1440 1266 1473 crede.
1289 1441 1401 1485 Aquae
1419 1437 1614 1483 nympham

932 1495 1088 1540 intellige
1105 1507 1114 1536 3
1147 1493 1304 1527 fontibus
1339 1500 1457 1525 autem
1484 1502 1615 1523 numen

934 1549 1046 1582 inesse
1070 1548 1280 1592 colligebant
1297 1547 1444 1579 Veteres
1467 1556 1509 1577 ex
1535 1555 1617 1589 per-

935 1602 1090 1635 ennitate
1107 1599 1338 1646 scaturiginis.

992 1659 1026 1695 4.
1043 1653 1158 1688 Codd.
1178 1654 1319 1687 Thuan.
1341 1660 1375 1685 et
1391 1652 1472 1684 Vat.
1494 1658 1550 1683 aut
1567 1657 1617 1681 tu-

937 1711 1043 1741 nicata
1054 1721 1066 1741 :
1081 1708 1101 1740 J
1106 1708 1227 1741 untina
1240 1714 1359 1740 nostra
1375 1706 1411 1738 in
1424 1716 1530 1749 marg.
1549 1703 1617 1735 De-

940 1770 1008 1805 tege
1025 1762 1204 1804 velfaciem
1217 1787 1225 1800 ,
1248 1760 1305 1792 vel
1320 1786 1329 1800 ,
1352 1766 1417 1792 etc.
1434 1777 1487 1784 —-
1505 1757 1617 1801 Aperi.

938 1816 1010 1848 Aut
1037 1826 1078 1847 ex
1107 1813 1257 1847 deformi
1285 1821 1346 1846 tuo
1377 1822 1527 1856 corpore
1547 1809 1619 1842 col«

937 1867 1085 1912 ligemus
1117 1867 1240 1901 faciem
1275 1877 1417 1912 quoque
1452 1876 1524 1897 esse
1558 1861 1619 1894 de-

940 1921 1102 1954 formem.

856 2051 961 2107 IV.

625 2205 692 2233 AD
740 2203 964 2233 LIBRUM
1011 2181 1213 2232 SUUM*

277 2327 464 2368 ‘nomm
488 2324 622 2379 vade,
644 2323 751 2368 liber
774 2342 782 2367 :
809 2326 866 2378 si,
888 2325 1057 2369 veneris
1083 2324 1199 2367 unde
1214 2358 1225 2379 ‚
1250 2323 1464 2382 requiret,

348 2394 530 2439 AEmiliae
561 2395 677 2439 dices
706 2395 760 2439 (le
790 2397 968 2457 regione
991 2397 1084 2439 viae.

262 2526 278 2539 *
299 2527 473 2572 Loquitur
492 2539 571 2559 cum
591 2527 683 2560 libro
703 2540 765 2560 suo
780 2539 886 2573 quem

211 2581 356 2613 Romam
382 2580 515 2622 mittit3
543 2580 702 2625 queritur
729 2580 821 2613 enim
843 2580 887 2614 de

211 2634 451 2666 Romanorum
466 2632 605 2668 fastidio
619 2641 651 2667 et
662 2632 705 2666 de
721 2642 888 2679 corrupto

213 2697 334 2719 eorum
350 2685 481 2731 judicio
493 2713 502 2728 ‚
522 2687 581 2732 qui
606 2700 646 2721 co
664 2695 822 2732 tempore
841 2687 887 2720 ci-

945 2526 1120 2561 tharoedos
1146 2527 1248 2571 longe
1280 2525 1512 2571 praeferebant
1543 2537 1627 2569 poe-

950 2581 1003 2614 tis.
1022 2585 1085 2615 ΕΙ).

1007 2647 1037 2666 2.
1063 2633 1209 2667 [Emilc'oe
1226 2633 1319 2665 dices.
1338 2632 1372 2665 Si
1390 2631 1539 2664 Romani
1559 2641 1577 2662 a
1594 2638 1626 2663 te

950 2688 1145 2732 requirent,
1164 2685 1259 2720 unde
1285 2685 1438 2724 veneris,
1471 2683 1564 2717 dices
1594 2691 1628 2715 ts:
