2061 3288
448 234 554 276 EPI
569 234 823 277 GRAMM
838 231 1027 279 ATUM
1066 231 1190 275 LIB.
1230 231 1260 271 Ι.

1478 224 1570 285 130

744 386 985 445 XCIII.

616 531 680 559 AD

720 530 1122 560 MAMURIANUM.

231 655 358 698 SAEPE
389 653 493 696 mihi
524 654 721 713 queritur
751 670 840 697 non
871 654 995 697 siccis
1018 653 1175 697 Cestus
1204 650 1374 703 ocellis,

298 725 437 785 Tangi
464 740 507 767 se
533 723 667 785 digito
687 760 698 779 ‚
721 724 1020 779 Mamuriane‚
1045 733 1135 767 tuo.

229 796 332 840 Non
353 811 464 856 opus
487 805 552 839 est
571 795 706 856 digito
732 812 740 839 :
768 804 909 839 totum
938 795 1016 838 tibi
1044 795 1209 839 Ceston
1234 792 1422 846 habeto,

300 867 346 910 Si
371 866 489 910 deest
510 865 568 910 nil
591 865 728 922 aliud,
754 866 1057 922 Mamur-iane,
1081 865 1172 909 tibi.

231 936 316 980 Sed
342 938 377 981 si
403 954 484 981 nec
511 937 633 981 focus
659 947 745 993 est,
768 937 873 981 nudi
898 953 980 981 nec
1006 936 1174 998 sponda
1197 935 1388 996 grabati,

299 1009 391 1052 Nec
419 1018 568 1051 curtus
592 1008 808 1064 Chiones,
833 1009 1099 1069 Antiopesve
1124 1006 1258 1051 calix:

231 1079 371 1122 Cerea
397 1079 431 1122 si
458 1078 620 1139 pendet
642 1078 803 1123 lumbis
818 1115 829 1135 ‚
854 1088 898 1122 et
919 1080 1021 1122 trita
1045 1077 1243 1131 lacerna⁷

302 1149 603 1210 Dimidiasque
629 1159 750 1194 nates
776 1149 946 1195 Gallica
971 1148 1086 1211 palla
1108 1149 1240 1210 tegit3

232 1221 425 1264 Pasceris
450 1230 494 1264 et
519 1221 652 1281 nigrae
677 1219 770 1264 solo
792 1221 947 1266 nidore
973 1219 1151 1276 culinae,

302 1292 358 1333 Et
381 1291 491 1334 bibis
516 1290 786 1335 immundam
813 1308 914 1336 cum
945 1307 1053 1335 cane.
1078 1307 1245 1352 pronus
1270 1304 1427 1350 aquam
1450 1305 1458 1331 :

231 1363 333 1405 Non
354 1360 501 1406 culum
523 1357 683 1422 (neque
705 1362 821 1406 enim
845 1372 911 1407 est
934 1361 1058 1407 culus
1072 1397 1083 1418 ‚
1106 1362 1179 1423 qui
1203 1377 1293 1405 non
1316 1369 1439 1404 cacat
1460 1355 1582 1414 olim)

220 1513 250 1534 1.
274 1499 383 1534 Cestos
405 1499 442 1532 in
462 1500 563 1533 Junt.
589 1508 624 1533 et
649 1500 764 1534 Colin.
789 1521 841 1529 —-

165 1552 275 1586 Cestus
295 1553 410 1586 ocellis.
435 1553 568 1586 Acerbe
597 1553 777 1586 invehitur
805 1553 841 1585 in

162 1605 421 1640 Mamurianum
438 1618 646 1652 pauperem,
667 1607 730 1652 qui
756 1618 842 1652 pue-

162 1671 241 1691 rum
264 1660 407 1692 Cestum
430 1658 473 1692 de
501 1668 625 1705 stupro
645 1660 842 1706 appellabat

163 1711 325 1745 subinde.
339 1734 392 1739 -—
413 1712 536 1746 Cestus.
559 1713 651 1745 Puer
667 1714 798 1746 Poetae.

219 1777 252 1798 2.
286 1766 402 1809 Digito
436 1773 500 1799 tuo.
531 1766 650 1810 Digito
681 1766 843 1799 obscoeno

162 1831 226 1863 per
260 1818 421 1851 obscoena
454 1819 571 1863 ipsum
602 1818 646 1851 ad
683 1826 842 1864 stuprum

163 1871 382 1916 pelliciente,
404 1880 438 1905 et
456 1884 491 1905 se
512 1880 672 1917 paratum
691 1871 845 1917 paedico-

163 1937 244 1958 nem
263 1933 472 1958 ostentante.

219 1976 253 2010 3.
278 1978 391 2010 Totam
408 1978 533 2012 Ceston.
554 1977 596 2010 Id
615 1987 664 2012 est
676 2004 685 2019 ‚
702 1991 774 2011 non
795 1991 846 2011 so-

164 2031 236 2062 lum
256 2030 412 2064 concedo
429 2058 437 2075 ‚
458 2031 552 2076 quod
578 2030 687 2076 digito
714 2031 844 2064 sollici-

165 2091 233 2124 tas;
247 2081 308 2116 sed
319 2091 432 2117 totum
442 2092 476 2117 et
491 2085 664 2129 integrum
680 2097 843 2129 puerum.

221 2136 254 2170 5.
273 2136 340 2170 Sed
351 2140 377 2170 si
398 2151 452 2169 nec
466 2138 559 2179 fbcus
581 2146 638 2171 est.
661 2139 723 2171 Est
744 2150 845 2183 para-

166 2201 265 2222 sceve
296 2189 340 2223 ad
374 2190 609 2236 epiphonema
640 2199 845 2225 contentum

168 2242 296 2274 ultimo
311 2254 415 2276 versu
436 2244 694 2288 epigrammatis
709 2270 718 2286 ‚
738 2252 773 2277 et
788 2243 847 2277 de-

166 2295 286 2328 scribit
306 2308 475 2329 summam
491 2296 702 2329 Mamur-iani
717 2306 846 2342 egesta-

167 2357 248 2381 tem.
268 2349 360 2381 Tum
375 2350 469 2391 facus
489 2350 628 2394 signum
650 2358 723 2383 erat
747 2350 845 2383 locu-

166 2402 268 2446 pletis
293 2395 437 2445 domus,
463 2411 501 2435 ut
520 2403 581 2436 lib.
602 2403 634 2434 X
648 2429 656 2444 ‚
678 2403 845 2447 epigram.

167 2467 265 2487 XLvu
281 2480 290 2495 ,
304 2468 334 2487 v.
355 2460 372 2495 '4'
388 2482 396 2496 ,
412 2455 504 2488 inter
513 2455 620 2489 beatae
635 2456 712 2489 vitae
726 2454 847 2501 adjun-

168 2516 221 2540 cta
243 2508 360 2540 focum
380 2521 570 2553 perennem
590 2518 785 2542 enumerat.

223 2563 255 2594 6.
278 2561 346 2594 Nec
365 2570 470 2594 curtus
483 2589 492 2602 ,
514 2570 577 2594 etc.
599 2562 635 2595 Si
652 2574 715 2595 nec
732 2561 775 2594 ad
789 2562 841 2594 bi·-

168 2612 321 2646 bendum
345 2614 409 2647 tibi
437 2616 480 2649 sit
503 2623 626 2660 ruptus
650 2615 736 2648 calix
752 2641 761 2656 ‚
790 2616 842 2649 vel

168 2667 262 2710 quali
296 2675 441 2701 utuntur
474 2668 610 2702 Chione
626 2695 633 2707 ‚
667 2668 818 2713 Antiope
834 2695 841 2710 ‚

901 1509 1101 1546 caeteraeque
1120 1500 1322 1534 meretrices
1342 1499 1446 1533 etiam
1462 1498 1506 1533 ad
1523 1500 1585 1532 ob*-

902 1565 1033 1587 scoenas
1052 1553 1224 1594 lotiones,
1245 1553 1307 1587 lib.
1336 1554 1393 1593 II,
1414 1553 1524 1599 epigr.
1551 1567 1582 1586 L.

957 1620 992 1650 7.
1015 1606 1137 1640 Codex
1169 1606 1272 1640 Bodl.
1302 1607 1444 1640 exhibet
1475 1609 1584 1639 stricta

903 1660 1027 1691 lacerna
1040 1673 1052 1699 ,·
1062 1658 1156 1694 unde
1166 1660 1283 1693 forsan
1295 1659 1470 1693 Gruterus
1480 1672 1584 1692 suum

902 1713 993 1746 eruit
1009 1716 1126 1758 scripta
1145 1714 1271 1746 lacerna
1283 1740 1292 1755 ‚
1309 1713 1434 1746 littera:
1456 1713 1548 1746 enim
1574 1721 1586 1744 t

903 1774 936 1799 et
962 1780 978 1798 c
1006 1779 1105 1811 paene
1135 1767 1266 1800 similes
1297 1775 1380 1799 sunt
1411 1767 1449 1799 in
1479 1765 1583 1799 codd.

903 1828 1008 1851 scruta
1048 1819 1183 1852 lacet-1⁷12
1217 1820 1329 1854 Janus
1368 1820 1585 1865 Rutgersius.

911 1893 948 1898 —
979 1872 1099 1912 Cerea,
1126 1881 1192 1905 etc.
1214 1873 1388 1913 Decolor,
1409 1885 1483 1906 non
1510 1885 1588 1906 can-

905 1924 1011 1966 dida,
1043 1938 1061 1959 a
1091 1925 1218 1959 tritura
1253 1925 1441 1959 flavescens
1466 1939 1475 1958 :
1506 1926 1561 1958 vel
1579 1954 1587 1966 ‚

904 1979 987 2012 sebo
1005 1987 1039 2011 et
1059 1977 1187 2012 sudore
1207 1978 1305 2023 quasi
1329 1978 1491 2012 incerata.

960 2033 993 2066 8.
1014 2031 1256 2078 Dimidiasque,
1274 2040 1341 2064 etc.
1356 2032 1394 2065 Οἱ
1416 2032 1476 2077 γὰρ
1498 2032 1586 2064 Κέλ-

906 2098 958 2119 ται
989 2085 1060 2117 ἀντὶ
1092 2085 1233 2128 χιτώνων
1264 2085 1416 2127 σχιστεὺς
1443 2082 1588 2129 χειριδω-

904 2139 976 2176 τοὺς
996 2139 1120 2183 φέρουσι
1143 2139 1234 2183 μέχρι
1258 2135 1387 2171 αἰδοίων
1408 2139 1462 2171 καὶ
1492 2143 1588 2182 γλου-

906 2196 983 2223 τῶν.
1004 2190 1144 2224 Strabo.

962 2255 1017 2276 10.
1049 2243 1129 2277 Cum
1156 2256 1242 2276 cane.
1267 2243 1317 2276 Ut
1337 2243 1444 2277 canis,
1478 2242 1588 2277 Modo

907 2295 996 2329 dixit
1009 2297 1116 2329 Poeta
1129 2296 1261 2330 infelici
1277 2297 1497 2330 Mamuriano
1514 2309 1586 2330 non

906 2361 978 2383 esse
998 2350 1138 2383 calicem
1155 2362 1225 2394 quo
1246 2349 1356 2383 bibat.
1375 2350 1442 2382 En.

964 2415 978 2435 ι’
992 2415 1022 2435 ῐ.
1050 2414 1106 2436 12.
1128 2403 1203 2435 Non
1222 2403 1324 2435 culum
1345 2403 1469 2447 dignm
1491 2416 1587 2449 nessae

907 2460 986 2488 enim
1004 2464 1050 2488 est
1063 2483 1071 2495 ,
1090 2459 1220 2502 quinon
1240 2464 1331 2488 cacat
1349 2457 1422 2488 olim
1436 2484 1444 2496 ‚
1469 2455 1587 2495 Cultam

906 2509 963 2541 scd
975 2510 1123 2551 deiam,
1158 2517 1222 2542 etc.
1254 2509 1495 2550 Pulmannus,
1523 2510 1587 2542 Ju-

906 2562 1012 2601 nius,
1045 2562 1222 2606 Langius,
1252 2562 1382 2608 Delph.
1413 2562 1482 2596 alii,
1512 2562 1585 2595 No-

903 2623 1007 2648 stram
1055 2611 1243 2649 lectionem
1285 2624 1459 2649 testantur
1502 2615 1582 2649 cod,

904 2667 1004 2701 Bodl.
1035 2681 1113 2702 cum
1138 2667 1216 2702 edd.
1244 2668 1320 2702 Ald.
1345 2669 1444 2702 Junt.
1468 2669 1581 2702 Coliu,
