2061 3288
478 198 1056 246 EPIGRAMMATUM
1095 199 1162 241 LI
1178 200 1219 240 Ιί.
1259 200 1291 241 Ι.

1525 217 1590 263 99

796 354 970 410 LIII.

366 507 743 545 QUINTJANUM
785 506 942 536 FACIT
980 504 1374 536 ASSERTOREM.
1396 486 1415 505 ῃ

389 638 672 682 COMMENDO
699 636 800 693 tibi,
823 636 1083 693 Quintiane‚
1111 646 1285 681 nostros
1307 654 1316 680 ε

388 709 576 752 Nostros
605 708 749 752 dicere
779 708 813 751 si
841 716 988 751 tamen
1016 705 1184 752 libellos

388 780 581 833 Possim,
606 795 715 839 quos
745 778 897 822 recitat
924 787 1024 822 tuus
1050 779 1212 823 Poeta:

390 851 433 894 Si
462 849 515 894 de
546 850 725 894 servitio
752 850 874 910 gravi
904 858 1168 909 queruntur,

390 923 592 965 Assertor
617 921 764 964 venias
780 956 792 975 ‚
817 920 1004 980 satisque
1032 930 1235 980 praestes,

387 994 445 1036 Et
460 1028 471 1045 ‚
501 1008 635 1053 quum
662 1008 706 1035 se
731 990 958 1034 dominum
983 990 1158 1035 vocabit
1180 990 1251 1035 ille
1266 1026 1277 1043 ‚

389 1063 523 1107 Dicas
550 1079 641 1106 esse
667 1078 810 1115 mem,
839 1077 1058 1122 manuque
1087 1062 1253 1106 missos.

233 1208 246 1222 *
274 1213 513 1246 Artificiosum
544 1213 756 1258 epigramma
787 1220 860 1253 est,

178 1274 213 1299 et
225 1274 337 1300 totum
352 1266 576 1311 allegoricum
589 1278 599 1307 ;
612 1278 694 1298 nam
707 1264 860 1311 persistit

180 1320 222 1352 ab
237 1319 336 1352 initio
351 1317 394 1352 ad
407 1319 512 1352 finem
527 1319 563 1351 in
579 1318 783 1363 metaphora
798 1316 858 1350 de-

178 1381 316 1417 sumpta
348 1372 390 1405 ab
420 1372 608 1405 assertione
641 1380 675 1404 et
704 1369 857 1404 vindicta

178 1425 368 1466 libertatis;
400 1434 570 1470 rogatque
599 1424 858 1466 Quintianum,

179 1486 221 1511 ut
231 1478 440 1524 plagIarium
450 1487 590 1524 poetam
605 1479 735 1524 absque
749 1476 858 1510 dubio

179 1530 429 1574 Fidenfinum,
460 1531 565 1577 plagii
595 1544 697 1565 reum
733 1530 857 1570 faciat,

179 1583 277 1630 quod
298 1597 416 1618 versus
435 1584 606 1618 Martialis
632 1584 762 1617 liberos
787 1584 858 1629 jam

181 1645 216 1670 et
234 1650 253 1671 a
273 1636 418 1670 domino
440 1638 670 1671 manumissos
698 1636 857 1683 compin-

179 1698 237 1735 gat
255 1689 292 1722 in
317 1691 530 1724 servitutem.

238 1755 270 1776 2.
293 1743 427 1776 Nostros
447 1743 548 1775 dicere
568 1745 596 1775 .ςί
618 1749 719 1775 tamen
739 1742 858 1774 libellos

181 1797 306 1829 Possim
318 1822 327 1835 ,
346 1809 423 1842 quos
439 1798 550 1828 recitat
565 1804 634 1827 tuus
648 1796 760 1828 Poeta.
775 1795 858 1828 Haec

181 1850 352 1882 correctio
372 1861 443 1881 non
466 1860 507 1881 eo
529 1848 682 1893 pertinet
700 1860 771 1893 quo
791 1860 858 1893 pu-

181 1910 232 1935 tat
260 1900 438 1942 Raderus‚
462 1900 558 1947 quod
587 1902 753 1946 subrepta
780 1903 857 1946 jure

181 1953 326 2000 quidem
353 1963 472 1988 nostra
499 1955 586 1994 sint,
613 1966 651 1986 re
678 1962 793 1987 autem
824 1962 858 1987 et

181 2020 269 2046 usu,
290 2008 399 2049 furis3
424 2006 485 2040 sed
511 2006 554 2040 ad
578 2008 702 2039 malam
727 2006 855 2040 Fiden-

182 2061 248 2094 tini
279 2060 522 2094 recitationem
541 2086 548 2099 ,
582 2073 650 2106 qua
682 2061 793 2093 bonos
823 2069 857 2093 et

181 2113 349 2159 pulchros
362 2113 529 2147 Martialis
547 2125 687 2154 versus,
704 2114 751 2146 ita
769 2114 857 2148 male

182 2165 330 2211 legendo
358 2165 571 2199 deformaret
587 2191 597 2208 ‚
622 2175 661 2199 ut
686 2167 744 2199 vix
763 2166 857 2200 idem

183 2228 304 2253 auctor
321 2231 403 2252 suos
421 2227 642 2264 agnosceret,
664 2227 704 2252 ut
723 2218 858 2253 dictum

184 2280 235 2306 est
251 2284 373 2318 supra,
386 2272 495 2318 epigr.
509 2284 642 2306 xxnx:
664 2271 754 2306 «Sed
769 2273 858 2306 male

183 2338 295 2371 quum
312 2326 435 2359 recitas
447 2351 456 2366 ‚
478 2325 599 2371 incipit
618 2337 690 2359 esse
709 2334 800 2359 tuus.
821 2343 835 2355 n

239 2379 273 2412 3.
307 2380 404 2412 Tuus.
427 2377 468 2411 Id
495 2387 566 2418 est,
590 2378 686 2423 quasi
708 2379 772 2413 tibi
787 2391 858 2412 ser-

184 2444 247 2465 vus
259 2456 269 2470 ‚
289 2444 349 2465 seu
368 2431 558 2465 familiaris.

241 2489 275 2524 4.
298 2485 334 2518 Si
351 2484 389 2516 de
409 2487 532 2517 servitio
546 2511 554 2523 ,
572 2491 636 2517 etc.
658 2484 695 2517 Si
725 2485 796 2518 mei
816 2485 858 2518 li-

184 2537 268 2570 belli
299 2546 497 2583 queruntur
529 2549 564 2570 se
588 2536 624 2570 in
656 2538 858 2572 servitutem

185 2589 297 2636 redigi
320 2603 343 2624 a
364 2589 550 2624 Fidentino
564 2615 574 2631 ‚
595 2603 704 2635 quum
726 2591 794 2625 sint
815 2592 856 2624 li·-

185 2643 280 2685 beri,
308 2652 346 2676 tu
369 2656 426 2677 eos
448 2643 617 2685 defende,
636 2656 708 2677 esse
730 2645 857 2678 liberos

918 1223 1029 1245 assere
1041 1238 1050 1253 ‚
1067 1225 1104 1245 ac
1116 1212 1276 1254 vindica3
1291 1214 1400 1247 immo
1411 1214 1453 1248 da
1462 1215 1598 1261 praedes

919 1264 1045 1309 quibus
1061 1265 1129 1298 illis
1146 1274 1292 1299 cautum
1312 1266 1366 1301 sit.

974 1318 1008 1351 5.
1041 1319 1194 1351 Assertor
1225 1322 1345 1353 venias.
1382 1321 1515 1355 Notum
1547 1334 1598 1359 est

918 1382 1055 1403 servum
1074 1384 1147 1404 non
1163 1384 1266 1417 posse
1282 1372 1326 1406 de
1343 1373 1479 1408 liberali
1496 1388 1600 1412 causa

918 1435 1018 1468 agere
1031 1424 1104 1457 sine
1115 1433 1303 1468 assertore3
1322 1435 1356 1460 et
1371 1430 1530 1472 quemvis
1544 1444 1598 1465 as-

917 1485 1087 1510 sertorem
1116 1490 1189 1511 esse
1207 1491 1328 1522 posse,
1348 1481 1408 1526 qui
1427 1481 1463 1514 in
1489 1482 1597 1516 liber-

918 1530 996 1563 tatis
1015 1530 1168 1564 favorem
1196 1532 1224 1565 si
1251 1533 1358 1566 semel
1384 1546 1486 1568 causa
1508 1537 1599 1570 ceci-

918 1581 1042 1625 disset,
1063 1584 1190 1618 iterum
1213 1597 1252 1618 ac
1270 1586 1374 1620 tertio
1396 1595 1534 1633 poterat
1551 1589 1598 1624 de

917 1634 1038 1669 eadem
1067 1649 1169 1682 agere
1197 1635 1270 1677 (L.
1290 1639 1325 1681 Ι,
1347 1640 1386 1673 C.
1415 1639 1460 1674 de
1489 1654 1597 1677 asser-

918 1697 994 1722 tore
1017 1689 1208 1731 tollendo.)
1225 1692 1270 1724 Et
1290 1692 1344 1726 hae
1366 1693 1520 1729 actiones
1542 1710 1596 1729 as-

917 1745 1064 1775 sertiones
1078 1745 1265 1788 perfusoriae
1282 1746 1516 1789 vocabantur,
1532 1761 1593 1782 au-

917 1803 1013 1829 ctore
1044 1796 1118 1829 Jac.
1151 1797 1319 1841 Cujacio,
1350 1798 1393 1831 ad
1421 1800 1460 1833 L.
1484 1801 1596 1845 XIII,

918 1848 956 1879 de
988 1849 1249 1882 excusationibus.
1282 1851 1518 1886 Assertionem
1543 1867 1596 1889 se-

917 1900 1071 1934 cundam
1097 1902 1250 1947 appellat
1273 1903 1462 1938 secundam
1486 1908 1592 1941 actio-

916 1965 998 1986 nem
1028 1953 1065 1986 in
1096 1966 1196 1987 causa
1220 1955 1382 1998 liberali,
1411 1950 1454 1990 ad
1487 1972 1592 2005 quam

916 2007 1029 2053 prima
1051 2016 1089 2041 ut
1111 2007 1353 2053 praejudicium
1384 2009 1593 2047 adsumitur.

916 2061 961 2093 Et
982 2073 1091 2106 quum
1115 2061 1168 2094 hae
1193 2061 1398 2095 assertiones
1428 2072 1480 2097 ter
1507 2078 1593 2111 que.-

917 2122 1012 2147 terve
1033 2114 1179 2153 fierent,
1202 2113 1283 2148 ideo
1301 2113 1390 2148 dixit
1407 2128 1416 2149 .·
1440 2134 1453 2146 a
1468 2117 1546 2151 Hoc
1562 2120 1592 2153 si

916 2175 1038 2212 terque
1057 2174 1248 2212 quaterque
1268 2167 1467 2203 clamitaris.
1484 2188 1497 2199 »

972 2233 1004 2264 7.
1020 2221 1120 2252 Dicas
1135 2233 1198 2252 esse
1215 2233 1306 2252 meoS.
1323 2221 1389 2254 Hic
1403 2222 1591 2258 formulam

916 2273 986 2306 litis
1018 2272 1253 2306 vindiciarum
1289 2273 1406 2319 lepide
1438 2275 1593 2311 insinuat

917 2326 1056 2359 Noster.
1078 2327 1121 2359 In
1140 2325 1284 2371 antiquo
1306 2327 1400 2360 enim
1419 2329 1498 2373 jure
1512 2331 1591 2363 ›Ro-

918 2391 1038 2420 mano,
1062 2380 1112 2412 rei
1129 2378 1322 2412 vindicatio
1343 2382 1484 2415 nonnisi
1505 2395 1592 2428 prae-

916 2433 1005 2465 senti
1019 2445 1057 2465 re
1077 2431 1154 2465 fieri
1173 2440 1322 2476 poterat.
1343 2432 1400 2466 Sic
1418 2447 1527 2480 quum
1546 2435 1591 2470 (le

917 2497 1016 2518 servo
1046 2493 1206 2531 ageretur
1240 2486 1277 2518 in
1307 2486 1443 2520 liberali
1470 2500 1591 2532 causa,

917 2546 1030 2579 actor,
1055 2550 1116 2572 seu
1145 2538 1207 2584 qui
1237 2551 1272 2572 se
1306 2538 1489 2574 dominum
1520 2555 1592 2576 esse

916 2591 1145 2637 praedicabat,
1163 2604 1278 2625 coram
1296 2602 1446 2637 praetore
1460 2620 1470 2632 ,
1490 2595 1594 2629 festu-

917 2657 991 2678 cam
1007 2645 1163 2686 tenebat,
1183 2644 1313 2679 deinde
1331 2646 1512 2681 hominem
1531 2661 1591 2694 ap-

1368 2716 1382 2731 2

1328 2733 1352 2777 7
