2061 3288
427 227 1024 273 EPIGRAMMATUM
1063 227 1192 270 LIB.
1232 226 1330 268 Ill.

173 322 319 349 caecatus
336 315 508 348 existimat
525 314 679 360 puellam
696 327 768 348 esse
785 315 854 348 for-

173 380 326 409 mosam,
359 367 415 401 vel
439 375 588 408 castam,
619 380 699 413 quae
736 377 853 401 tamen

174 420 343 454 deformis
361 428 432 463 est,
447 433 512 454 nec
531 429 645 463 casta;
665 421 766 455 multi
783 434 852 468 pu-

175 482 249 507 tant
275 485 356 507 vere
380 470 486 507 fu‘isse
507 486 642 507 caecum
668 474 765 509 hune
786 476 853 509 Co-

175 525 298 569 drum,
319 527 381 572 qui
401 535 530 561 amaret
549 528 724 572 puellam,
744 540 852 573 quam

175 578 333 615 audierat
349 593 421 614 esse
438 580 638 615 formosam.
654 581 730 614 Lib.
744 582 852 622 VIII,

1494 242 1589 287 277

913 314 1025 361 epigr.
1043 325 1138 347 thx.
1155 312 1274 346 Potest
1291 311 1396 346 etiam
1411 313 1594 358 explicari:

914 368 1003 401 mala
1023 375 1057 401 et
1072 378 1162 400 caeca
1182 364 1312 399 fiducia
1328 364 1508 399 deluditur
1526 367 1596 400 Co-

914 420 1020 461 drus,
1043 420 1104 466 qui
1125 432 1238 465 quum
1260 419 1304 452 sit
1332 419 1479 452 omnino
1510 432 1596 466 pau-

913 487 975 521 per
987 499 998 515 ,
1017 480 1136 520 sperat
1159 485 1194 507 se
1210 484 1311 518 posse
1330 473 1372 505 ab
1395 480 1507 506 amata
1521 485 1597 506 mu-

912 536 1012 561 tuum
1044 538 1201 560 amorem
1224 526 1436 571 impetrare,
1460 534 1498 558 ut
1533 526 1598 572 ipsi

914 580 1017 614 faciat
1041 579 1094 614 sui
1117 579 1266 626 copiam.
1292 579 1359 612 En.

793 728 966 784 XVI.

686 898 740 926 IN
779 896 1092 926 CERDONEM.

249 1036 349 1079 DAs
375 1033 657 1096 gladiatores,
684 1044 882 1078 sutorum
909 1032 1081 1094 regule,
1105 1033 1260 1089 cerdo,

320 1105 542 1167 Quodque
566 1105 644 1149 tibi
669 1105 823 1148 tribuit
849 1103 1027 1157 subula,
1054 1105 1142 1149 sica
1170 1104 1295 1165 rapit.

250 1177 409 1221 Ebrius
434 1194 479 1220 es
504 1194 512 1220 :
540 1193 621 1220 nec
647 1177 762 1220 enim
789 1175 953 1219 faceres
976 1175 1019 1218 id
1045 1175 1215 1219 sobrius
1241 1191 1460 1235 unquam,

320 1249 383 1292 Ut
410 1246 541 1291 velles
565 1248 685 1292 corio
710 1246 883 1301 ludere,
910 1245 1068 1303 cerdo,
1097 1255 1186 1290 tuo.

237 1412 268 1432 1.
296 1398 508 1431 Ramiresius
537 1398 621 1443 legit
652 1409 660 1431 :
689 1406 853 1437 sutorum,

181 1451 319 1496 Regale,
345 1451 437 1484 cerdo
451 1478 460 1491 ,
489 1459 529 1484 ut
549 1451 702 1496 Regulus
725 1451 769 1484 sit
790 1463 856 1483 no-

181 1516 262 1537 men
282 1504 480 1551 proprium.
499 1504 602 1538 Cerdo
624 1516 753 1537 nomen
780 1516 859 1549 pro-

181 1557 300 1603 prium
318 1571 390 1592 esse
407 1558 454 1591 ait
471 1558 673 1603 Cagnerius.
693 1578 745 1584 —-
761 1557 858 1590 Suto-

183 1623 245 1642 rem
275 1610 462 1656 quemdam
493 1612 586 1656 justa
617 1610 860 1656 indignatione

186 1664 357 1708 suggillat,
368 1663 464 1709 quod
474 1663 720 1709 gladiatorium
733 1676 860 1697 munus

185 1716 398 1758 exhibuerit3
410 1729 513 1762 quem
522 1717 779 1750 Bononiensem
790 1729 861 1750 esse

186 1778 321 1803 constat
347 1782 386 1803 ex
411 1770 519 1816 epigr.
544 1783 606 1803 Lxx
631 1770 735 1816 hujus
757 1769 861 1810 libri,

186 1831 221 1855 et
253 1823 491 1856 succensuisse
526 1823 680 1856 Martiali
707 1823 753 1855 ob
786 1823 861 1856 haec

186 1884 374 1909 scommata
396 1875 563 1909 discimus
580 1889 621 1909 ex
640 1875 748 1921 epigr.
767 1887 862 1909 xcxx.

186 1951 239 1956 —
270 1930 341 1962 Dat
370 1929 578 1974 gladiatores.
611 1929 757 1963 Constat
791 1941 860 1962 non

188 1994 260 2015 esse
293 1983 447 2016 muneris
476 1981 666 2016 exhibendi
701 1982 864 2015 omnibus

189 2047 322 2080 aequam
359 2043 576 2081 potestatem.
612 2036 733 2069 Exstat
768 2035 864 2068 enim

190 2087 283 2133 apud
299 2088 460 2122 Tacitum
473 2115 481 2130 ,
498 2090 560 2122 lib.
578 2089 630 2121 IV
647 2089 790 2125 Annal.‚
813 2101 864 2121 se-

188 2142 491 2175 natusconsultum
502 2164 511 2180 ‚
523 2154 594 2187 quo
605 2150 745 2176 cautum
756 2150 802 2174 cst
822 2154 866 2175 ne

191 2194 269 2239 quis
281 2193 526 2239 gladiatorium
533 2207 661 2228 munus
670 2194 801 2237 ederet,
810 2195 866 2229 cui

190 2260 264 2280 uon
291 2256 365 2281 erat
391 2260 514 2281 census
536 2249 706 2294 equestris
731 2260 739 2281 ε
770 2257 804 2281 et
826 2260 865 2281 ex

192 2300 364 2334 Suetonio
377 2328 385 2341 ,
407 2300 530 2334 Claud.
551 2314 625 2347 cap.
651 2303 695 2335 28
713 2327 722 2343 ‚
741 2301 868 2347 conjici

190 2362 305 2399 potest
340 2354 475 2387 libertis
510 2354 578 2387 nisi
616 2367 657 2387 ex
687 2355 867 2388 voluntate

190 2407 360 2452 principis
385 2408 452 2441 hoc
481 2409 532 2451 ius
557 2420 630 2440 non
656 2416 867 2452 competere.

190 2461 299 2494 Recte
317 2461 423 2506 igitur
441 2459 580 2494 deridet
598 2461 768 2494 Martialis
786 2460 868 2494 infi-

192 2525 290 2546 mum
316 2514 498 2559 opificem,
519 2513 616 2559 quod
639 2522 712 2547 erat
737 2522 869 2559 specta-

194 2574 307 2599 tarum
340 2580 570 2612 personarum
602 2567 667 2600 sibi
703 2580 868 2612 arrogan-

194 2627 273 2652 tem.
296 2620 360 2652 En.
382 2643 433 2649 —
452 2620 584 2654 Eadem
605 2629 655 2653 est
670 2619 868 2665 indignatio

193 2673 374 2706 Juvenalis
400 2683 460 2707 sat.
487 2687 531 2707 111
558 2688 565 2705 ε
593 2673 808 2715 «Quondam
830 2674 866 2706 hi

919 1396 1121 1430 cornicines
1165 1405 1200 1429 et
1231 1396 1457 1442 municipalis
1489 1408 1604 1429 arenae

918 1450 1086 1495 Perpetui
1129 1449 1274 1483 comites
1297 1476 1305 1491 ,
1342 1457 1505 1495 notaeque
1537 1462 1600 1495 per

918 1502 1049 1549 oppida
1067 1503 1362 1544 buccae,Munera
1379 1515 1474 1537 nunc
1489 1501 1601 1536 edunt

918 1565 952 1590 et
966 1569 1065 1590 verso
1077 1556 1205 1602 pollice
1221 1556 1316 1601 vulgi
1329 1556 1533 1598 Quemlibet
1546 1568 1600 1589 oc-

920 1608 1047 1644 cidunt
1068 1609 1300 1656 populariter.
1318 1626 1331 1639 »
1351 1610 1396 1642 Et
1413 1610 1508 1642 Pers.
1535 1617 1598 1642 sat.

919 1676 976 1704 1v,
1008 1676 1110 1697 versu
1138 1663 1271 1708 penult.
1301 1662 1478 1707 «Respice
1505 1661 1600 1708 quod

919 1729 991 1749 non
1008 1725 1078 1758 est3
1095 1717 1193 1750 tollat
1208 1729 1269 1750 sua
1282 1728 1427 1749 munera
1444 1715 1563 1749 cerdo.
1582 1733 1594 1744 a

920 1769 1129 1803 —Sutorum
1142 1770 1248 1814 ›vgul‘e
1261 1797 1269 1810 ,
1287 1770 1389 1802 cerdo.
1407 1769 1485 1802 Hoc
1497 1768 1600 1802 diffe-

921 1830 1005 1855 runt
1021 1831 1109 1855 sutor
1125 1831 1159 1855 et
1178 1822 1270 1855 cerdo
1283 1850 1290 1861 ,
1315 1821 1413 1868 quod
1433 1830 1532 1856 sutor
1550 1822 1599 1854 fa-

922 1875 990 1909 ciat
1012 1876 1143 1909 calceos
1158 1901 1167 1917 ,
1187 1874 1294 1908 cerdo
1312 1875 1446 1908 reficiat
1459 1901 1468 1915 ,
1487 1887 1524 1908 ac
1543 1887 1602 1908 ve-

922 1937 1012 1961 teres
1028 1928 1171 1962 sarciat:
1189 1929 1273 1962 hinc
1291 1928 1602 1961 veteramentarius

923 1981 1027 2015 etiam
1045 1981 1253 2027 appellatur.
1274 1981 1396 2026 Itaque
1412 1979 1603 2014 cerdonem

924 2036 1056 2068 ironice
1070 2043 1171 2069 vocat
1190 2034 1361 2068 Martialis
1378 2042 1534 2067 sutorum
1553 2046 1604 2067 re-

923 2088 1047 2134 gulum'
1067 2097 1101 2121 et
1120 2088 1330 2133 principem.
1354 2087 1423 2120 ΕΙ).

982 2155 1013 2174 2.
1034 2142 1133 2174 Junt.
1154 2153 1236 2174 ann.
1262 2139 1326 2174 151
1339 2153 1355 2173 2
1369 2166 1379 2180 ,
1403 2143 1486 2172 sicca
1508 2142 1604 2185 rapit.

926 2215 978 2220 —-
998 2195 1154 2240 Quodque
1171 2194 1245 2233 tibi,
1267 2202 1330 2227 etc.
1352 2192 1539 2239 Quidquid
1556 2193 1607 2226 lu-

927 2248 978 2282 cri
994 2248 1059 2281 tibi
1071 2247 1172 2281 dedit
1186 2247 1320 2288 subula,
1331 2247 1607 2280 instrumentum

927 2310 994 2335 tuae
1011 2301 1093 2334 artis
1104 2327 1112 2342 ‚
1123 2301 1190 2334 hoc
1204 2300 1269 2334 tibi
1280 2301 1372 2345 rapit
1383 2301 1448 2333 sica
1461 2326 1469 2342 ,
1481 2300 1611 2333 instru-

927 2363 1086 2388 mentum
1110 2355 1193 2387 artis
1217 2352 1442 2399 gladiatoriae.
1464 2354 1532 2386 En.
1557 2373 1609 2379 -—

927 2407 1014 2441 Sica.
1042 2407 1121 2441 Sica
1147 2415 1197 2440 est
1225 2406 1341 2440 brevis
1365 2405 1501 2452 gladius
1519 2432 1527 2447 ,
1555 2406 1610 2438 inn

928 2473 1059 2495 curvus
1074 2461 1182 2493 instar
1195 2460 1331 2494 falculae
1340 2485 1349 2501 ,
1361 2472 1378 2493 a
1391 2458 1541 2494 secando
1559 2458 1610 2492 di-

928 2522 993 2547 cta.
1031 2514 1150 2547 Thrax
1182 2526 1244 2547 seu
1282 2513 1457 2548 Retiarius
1488 2521 1611 2546 contra

928 2567 1185 2600 Mirmillonem
1218 2567 1284 2600 sica
1312 2567 1502 2612 pugnabat.
1523 2564 1607 2598 Yid.

931 2621 1031 2666 epist.
1056 2620 1137 2653 libri
1162 2621 1204 2653 V.

987 2678 1019 2714 4.
1043 2674 1149 2707 l'clhu-
1169 2681 1203 2706 at
1223 2676 1306 2706 corio
1327 2673 1512 2706 Pulmanni
1536 2672 1598 2703 ΜΞ

1370 2734 1407 2760 ›J-

1326 2746 1378 2788 ib
