2061 3288
489 249 580 312 176

859 253 920 295 M.
948 253 1023 296 VA
1042 254 1089 296 L.
1130 253 1528 296 MARTIALIS

1109 398 1256 456 VII.

1013 544 1068 572 IN
1108 544 1365 573 ATTALUM.

553 657 816 699 DECLAMAS
840 653 976 711 belle;
1003 672 1155 700 causas
1180 657 1291 718 agis,
1314 655 1481 713 Astale,
1502 656 1626 701 helle.

624 727 837 770 Historias
867 725 1001 772 bellas
1018 761 1029 780 ,
1052 728 1248 771 carmina
1276 726 1390 771 bella
1416 727 1531 772 facis.

554 798 793 857 Componis
820 796 931 840 belle
962 798 1147 854 mimos,
1178 799 1496 858 epigrammata
1525 797 1662 855 belle3

623 866 767 912 Bellus
794 869 1129 929 grammaticus,
1155 867 1293 912 bellus
1318 885 1362 912 es
1388 867 1644 930 astrologus.

552 940 610 982 Et
639 938 749 982 belle
778 948 949 994 cantas,
976 949 1019 982 et
1044 938 1198 993 saltas,
1221 938 1386 994 Attale,
1412 938 1536 982 belle.

624 1008 768 1054 Bellus
791 1026 834 1053 es
860 1019 953 1053 arte
977 1008 1080 1070 lyrae
1095 1045 1106 1063 ‚
1127 1009 1267 1054 bellus
1289 1026 1333 1053 es
1362 1019 1454 1053 arte
1478 1009 1588 1070 pilae.

552 1079 625 1125 Nil
652 1081 762 1124 bene
786 1097 919 1140 quum
948 1080 1103 1136 facias,
1130 1080 1234 1124 facis
1260 1090 1452 1124 attamen
1479 1082 1626 1124 omnia
1649 1079 1772 1124 belle.

624 1153 701 1195 Vis
727 1151 868 1195 dicam
899 1151 1001 1212 quid
1031 1150 1116 1195 sis?
1137 1168 1322 1212 magnus
1345 1168 1390 1195 es
1416 1150 1593 1195 ardelio.

540 1285 571 1305 1.
592 1272 775 1304 Declamas.
797 1271 1013 1304 Declamatio
1032 1279 1083 1304 est
1103 1270 1165 1304 do-

481 1326 622 1359 mestica
649 1325 852 1358 exercitatio
883 1333 917 1357 et
946 1324 1163 1365 umhratilis,

482 1392 555 1424 quo
583 1379 618 1411 in
644 1390 773 1423 genere
798 1378 898 1423 pueri
930 1376 1024 1422 apud
1052 1377 1162 1422 inagi-

483 1441 571 1465 stros
585 1440 803 1465 exercentur.
822 1431 956 1464 Notum
970 1429 1161 1463 discrimen

484 1486 575 1518 inter
604 1484 874 1517 declamatorem
900 1492 933 1517 et
960 1492 1161 1516 oratorem:

484 1547 602 1572 orator
632 1550 729 1570 veras
766 1549 884 1570 causas
904 1562 912 1577 ‚

484 1591 582 1625 fictas
592 1592 723 1636 agebat.
738 1592 791 1623 De
806 1590 999 1635 Attalojain
1015 1588 1163 1631 dietum,

485 1644 546 1678 lib.
567 1645 605 1685 I,
635 1644 746 1690 epigr.
777 1656 877 1676 Lxxx.
903 1642 998 1676 Vide
1025 1655 1164 1688 quoque

482 1696 544 1731 lib.
561 1698 624 1736 IV,
647 1698 756 1742 epigr.
774 1709 892 1729 LxXIx.

539 1750 572 1783 3.
599 1750 768 1795 Componis
791 1762 932 1782 numeros
959 1749 1043 1782 citat
1072 1750 1164 1782 Lan-

483 1803 558 1848 gius
586 1816 627 1837 ex
659 1803 816 1837 editione
850 1803 1049 1836 Pulmanni.
1082 1802 1166 1835 Haec

484 1857 640 1902 quinque
663 1856 851 1896 vocabula,
870 1858 982 1889 nimius
996 1883 1004 1896 ,
1029 1868 1138 1888 munus
1153 1882 1162 1896 ‚

487 1912 595 1943 mimus
612 1937 620 1950 ‚
642 1904 753 1942 namus
768 1907 780 1949 (
793 1910 849 1944 vel
869 1903 1046 1952 nummus),
1064 1917 1166 1954 atque

949 1535 1163 1569 declamator

489 1976 599 1996 numus
630 1961 725 2001 (sive
746 1963 911 2003 numerus)
927 1989 935 2004 ,
956 1962 1120 1996 facillime
1148 1974 1167 1994 a

484 2017 594 2051 scriba
604 2025 817 2063 properante
829 2015 1038 2050 confundun
1044 2023 1167 2050 tur.—

1223 1271 1352 1304 Mimos.
1370 1271 1535 1304 Poemata
1546 1270 1694 1304 ridicula
1703 1297 1712 1313 ‚
1723 1270 1760 1304 in
1775 1270 1905 1316 quibus

1223 1324 1319 1357 solus
1341 1325 1433 1357 risus
1454 1324 1688 1369 quaerebatur.

1279 1379 1312 1411 8.
1332 1377 1536 1410 Beverlandi
1553 1377 1626 1410 MS.
1648 1376 1790 1417 ardalio3
1807 1383 1840 1408 et
1856 1374 1905 1408 sic

1224 1429 1259 1462 in
1294 1429 1417 1463 codice
1439 1430 1623 1463 Vaticano.
1637 1451 1689 1456 ——
1703 1429 1844 1473 Illagmcs
1873 1442 1905 1461 es

1224 1483 1356 1516 ardelio.
1385 1483 1658 1516 Proverbialiter
1681 1482 1906 1528 appellantur

1224 1535 1418 1569 ardeliones
1427 1536 1503 1581 ,qui
1515 1536 1604 1569 circa
1612 1536 1729 1569 omnia
1741 1535 1904 1571 volitant,

1223 1589 1350 1622 nullibi
1372 1588 1499 1635 pedem
1530 1589 1661 1634 figunt,
1690 1596 1724 1621 et
1750 1587 1787 1620 in
1815 1587 1906 1620 nihil

1223 1641 1358 1687 agendo
1381 1642 1445 1675 toti
1463 1642 1624 1687 occupati
1642 1650 1735 1674 sunt.
1753 1641 1830 1673 Hoc
1844 1652 1907 1673 no-

1223 1708 1302 1728 men
1337 1695 1394 1727 alii
1428 1694 1612 1728 deducunt
1647 1694 1690 1727 ab
1725 1693 1838 1726 ardore
1872 1701 1907 1727 et

1225 1749 1360 1794 impetu
1378 1748 1545 1781 tentantis
1568 1748 1677 1780 multa
1690 1773 1698 1789 ‚
1717 1746 1806 1780 nihil
1820 1758 1905 1779 vero

1224 1801 1463 1848 perficientis;
1495 1801 1554 1835 alii
1585 1801 1628 1834 ab
1653 1800 1781 1833 ardeola
1817 1811 1903 1838 ave,

1226 1867 1302 1900 quae
1325 1855 1511 1900 saepissiine
1532 1853 1595 1887 diu
1622 1853 1689 1887 alas
1719 1851 1878 1898 quatiens
1894 1876 1906 1893 ,

1227 1908 1263 1940 in
1279 1920 1356 1941 aere
1368 1907 1477 1940 veluti
1492 1905 1644 1952 pendet,
1659 1918 1723 1940 nec
1738 1906 1816 1939 loco
1832 1917 1906 1937 mo-

1227 1969 1341 1994 vetur.
1384 1960 1593 1994 Ardeliones
1634 1957 1748 2005 lepide
1793 1957 1906 2004 carpit

1228 2013 1415 2055 Phaedrus,
1433 2013 1496 2047 lib.
1513 2014 1570 2055 II,
1588 2013 1659 2047 fab.
1681 2016 1713 2052 4.

1099 2130 1283 2186 VIII.

992 2277 1061 2305 AD
1099 2275 1404 2305 LECTOREM.

558 2393 604 2434 81
630 2405 711 2450 qna
741 2387 1006 2431 videbuntur
1032 2385 1193 2429 chartis
1218 2384 1323 2437 tibi„
1350 2383 1506 2438 lector,
1532 2383 1574 2425 in
1600 2383 1711 2437 istis,

627 2462 723 2504 Sive
750 2459 938 2502 obscura
963 2457 1090 2500 nimis
1105 2491 1116 2512 ,
1139 2456 1227 2499 sive
1250 2454 1384 2498 latina
1409 2470 1589 2514 parum3

557 2533 659 2575 Non
685 2546 806 2573 meus
832 2538 897 2572 est
920 2544 1043 2571 error
1069 2545 1077 2570 :

543 2656 574 2687 ’1.
600 2655 771 2687 Librarius.
793 2653 906 2684 Poetae
923 2662 1063 2691 versus,
1079 2662 1166 2694 quos

484 2712 520 2743 iu
557 2708 698 2741 taberna
738 2703 904 2737 venderet
941 2702 1133 2746 bibliopola
1157 2728 1165 2742 ‚

1107 2527 1257 2570 nocuit
1282 2524 1484 2568 librarius
1510 2522 1613 2577 illis,

1227 2647 1506 2681 transcribebant
1528 2644 1680 2684 librarii,
1701 2652 1734 2677 et
1762 2656 1832 2689 prae
1851 2644 1905 2677 ni-

1227 2701 1295 2732 mia
1309 2699 1532 2732 festinatione
1548 2697 1674 2730 menda
1691 2698 1789 2741 plura
1807 2697 1907 2730 facie-
