2061 3288
456 237 554 299 370

829 239 891 281 M.
922 239 1065 282 VAL.
1106 239 1500 284 MARTIALIS

1102 389 1222 445 ΙΙΙ.

978 544 1043 572 DE
1082 524 1354 574 Numinis*

524 673 691 715 Aspmss
717 685 846 730 quam
872 667 1056 711 densum
1079 669 1309 712 tacitarum
1332 668 1472 713 vellus
1498 686 1709 731 aquarum

595 741 774 785 Defluat
796 741 840 783 in
870 738 1018 782 vultus
1044 740 1254 794 Caesaris,
1278 740 1409 801 inque
1436 741 1564 785 sinus.

524 811 731 873 Indulget
756 821 903 855 tamen
929 808 999 853 ille
1019 811 1142 867 Jovi‚
1162 826 1244 854 nec
1272 812 1434 855 vertice
1461 821 1581 856 moto

527 966 680 1004 Λεῦσσε
713 954 790 1011 δὴ,
820 964 870 1009 ὡς
895 961 1013 1001 ὑετοῦ
1040 958 1202 1007 πυκινὸς
1227 960 1350 1008 πόκος
1377 956 1626 1017 ἀψοφέοντος

598 1031 802 1090 Καίσαρος
823 1029 876 1079 εἰς
897 1030 1070 1078 κόλπους
1093 1028 1310 1083 πίλναται,
1335 1047 1386 1079 εις

1354 1028 1369 1041 ,l

1411 1047 1456 1071 τε
1482 1029 1610 1088 κάρα·

527 1102 622 1149 Ζηνὶ
650 1096 688 1143 δ’
716 1100 758 1150 ὃς
787 1103 934 1159 ἥσυχος
962 1098 1077 1152 εἴκει,
1108 1099 1332 1146 ἀκινήτοισι
1359 1102 1586 1160 προσώποις

508 1247 524 1261 *
547 1250 597 1282 De
612 1246 735 1280 iisdem
749 1246 892 1279 nivibus
907 1253 958 1279 est
977 1245 1044 1278 hoc
1063 1245 1139 1290 epi-

454 1314 617 1349 gramma.
638 1299 819 1333 Laudibus
845 1298 984 1332 extollit
1017 1298 1140 1330 Domi-

458 1356 543 1390 tiani
576 1352 806 1388 constantiam
823 1379 831 1393 ‚
861 1352 920 1397 qui
952 1350 1143 1384 decidente

456 1410 553 1447 nive,
569 1409 715 1440 immoto
725 1406 825 1439 vultu
838 1404 940 1438 ludos
951 1412 1141 1449 spectaret3

459 1471 492 1496 et
511 1462 636 1494 ultimo
660 1458 746 1492 dicit
764 1470 799 1491 se
818 1457 1010 1502 suspicari,
1031 1468 1048 1488 a
1068 1456 1142 1489 filio

463 1513 607 1549 Caesaris
621 1539 630 1553 ‚
645 1520 789 1544 mortuo
803 1512 873 1554 jain
883 1518 916 1542 et
928 1517 1142 1550 consecrato,

460 1568 559 1602 nives
573 1565 736 1599 demissas
751 1563 855 1596 fuisse
870 1561 946 1595 ludi
959 1574 1072 1595 causa.
1082 1563 1144 1594 Ra-

465 1622 615 1654 miresins.

521 1686 549 1706 1.
576 1671 738 1705 Barthius
764 1668 807 1702 ad
829 1668 989 1703 Gratian.
1010 1668 1144 1714 Cyneg.

467 1740 513 1772 77
533 1752 542 1769 ,
575 1725 659 1770 legit
692 1724 819 1756 densum
855 1725 1013 1755 nivearum
1044 1722 1147 1753 vellus

466 1791 643 1826 aquarum;
671 1775 731 1810 sed
760 1776 818 1809 hic
848 1775 939 1808 forte
970 1775 1147 1807 memoriae

465 1833 593 1879 lapsuS.
618 1831 802 1875 Eleganter
821 1827 907 1861 dicit
928 1827 1026 1860 nives
1050 1840 1148 1873 aquas

469 1888 584 1918 tacitas
600 1911 608 1924 ,
638 1883 719 1929 quia
753 1880 954 1915 decidentes
986 1892 1057 1913 non
1085 1892 1148 1913 au-

470 1939 629 1979 diuntur,
639 1945 679 1969 ut
693 1936 807 1969 imber
821 1935 873 1967 vel
891 1933 1036 1980 grandO.
1052 1933 1149 1974 Quin

470 1993 544 2038 ipse
565 1991 661 2023 hunc
676 2001 830 2023 errorem
848 1987 994 2032 corrigit
1009 1985 1051 2019 ad
1071 1986 1150 2019 Cal-

472 2044 589 2091 purnii
620 2043 726 2087 eclog.
748 2043 783 2074 II
798 2067 806 2082 ‚
828 2054 861 2086 7.
883 2061 935 2067 --
955 2040 1147 2072 Tacitaram.

473 2096 626 2140 Quidam
642 2104 693 2129 est
705 2108 801 2140 aquae
814 2093 968 2140 pluentis
983 2094 1037 2125 vel
1053 2092 1153 2125 levis-

473 2152 567 2184 simae
595 2161 780 2189 susurrus3
803 2146 995 2192 ingruentis
1015 2143 1153 2190 grandi-

474 2205 530 2237 nis
551 2204 706 2247 crepitus
727 2209 777 2234 est
793 2211 983 2240 resonans;
1004 2206 1099 2231 muta
1119 2206 1152 2231 et

474 2257 573 2302 quasi
588 2256 683 2288 nulla
696 2254 787 2287 nivis
797 2263 977 2285 murmura
990 2250 1153 2284 delaben-

474 2311 528 2343 tis.
544 2310 610 2342 En.
625 2330 676 2335 -—
695 2307 814 2339 Vellm.
837 2324 850 2335 «
870 2305 941 2346 Qui
961 2304 1020 2338 dat
1033 2304 1152 2336 nivem

475 2363 564 2395 sicut
594 2362 708 2394 lanam
735 2377 748 2389 n
765 2385 772 2398 ,
796 2359 844 2392 ait
877 2371 937 2391 rex
971 2356 1085 2390 David
1115 2357 1152 2389 in

474 2415 600 2448 Psalm.
619 2414 721 2446 Nivei
737 2412 830 2446 enim
847 2411 987 2444 flocculi
1002 2437 1011 2452 ,
1028 2419 1069 2443 ut
1083 2411 1154 2455 glo-

473 2468 510 2501 bi
539 2467 653 2507 lanei,
676 2466 774 2511 lapsu
793 2465 898 2498 tacito
921 2472 955 2497 et
975 2463 1154 2496 mollicula

474 2519 665 2553 substantia
703 2519 761 2551 vix
803 2517 969 2551 suscitant
1009 2528 1126 2549 aurem
1144 2542 1152 2556 ‚

473 2585 582 2618 quum
596 2584 707 2617 prope
722 2570 870 2611 cadunt3
888 2570 946 2603 vix
962 2568 1153 2602 offendunt

473 2634 622 2665 tactum,
633 2636 743 2669 quum
759 2636 863 2668 super
876 2623 1066 2667 impluunt.
1083 2622 1149 2654 En.

472 2700 523 2705 -.-
543 2678 653 2710 I'ellus
670 2689 834 2723 aquarum.
853 2677 922 2709 Nix
942 2688 1046 2720 quam
1060 2676 1150 2708 infra

1202 1254 1303 1279 vocat
1322 1255 1482 1278 concretas
1499 1259 1598 1292 aquas
1615 1273 1624 1287 ‚
1644 1249 1744 1278 siccas
1761 1259 1880 1291 aquas,

1202 1311 1381 1344 quamque
1404 1299 1517 1332 Graeci
1545 1299 1719 1332 vocabant
1747 1308 1882 1332 veteres

1202 1349 1331 1396 ἐριῶδες
1352 1350 1436 1397 ὕδωρ
1452 1379 1461 1391 ,
1487 1351 1524 1384 id
1549 1361 1618 1393 est,
1645 1365 1729 1398 aqua
1754 1353 1880 1384 lanata.

1202 1404 1297 1438 Vide
1321 1405 1480 1438 Eustath.
1509 1404 1553 1438 ad
1584 1405 1797 1450 Dionysium
1814 1431 1823 1446 ,
1848 1413 1883 1438 et

1203 1457 1341 1491 Arnob.
1362 1458 1398 1490 II
1413 1483 1423 1497 ‚
1448 1470 1461 1490 1
1474 1470 1505 1490 1.

1259 1509 1399 1543 2.Idem
1415 1510 1535 1543 Barth.
1553 1508 1596 1542 ad
1612 1509 1775 1542 eumdem
1792 1509 1882 1543 Gra·

1203 1562 1289 1595 tiani
1307 1563 1423 1596 locum
1444 1564 1535 1608 conj.
1554 1563 1697 1607 Deplzcat
1713 1565 1746 1595 in
1762 1563 1882 1595 vultus.

1204 1616 1330 1660 Depluo
1351 1624 1383 1649 et
1405 1616 1508 1661 defluo
1529 1616 1716 1661 saepissime
1741 1628 1884 1661 permu-

1205 1677 1333 1701 tantur.
1356 1667 1449 1701 Vide
1470 1668 1589 1701 Heins.
1609 1667 1652 1701 ad
1672 1668 1776 1702 Ovid.
1799 1668 1884 1701 Met.

1205 1722 1222 1754 Ι
1235 1747 1244 1763 ,
1266 1721 1361 1766 573;
1380 1723 1501 1755 Burm.
1521 1721 1563 1754 ad
1578 1722 1738 1766 Propert.
1758 1722 1809 1761 II,
1827 1733 1886 1763 20,

1208 1787 1226 1818 7
1243 1787 1252 1815 3
1272 1775 1449 1807 Drakenb.
1468 1774 1511 1807 ad
1533 1775 1593 1808 Sil.
1611 1775 1686 1808 Ital.
1705 1775 1793 1815 XII,
1817 1773 1884 1814 53;

1207 1827 1308 1860 Obss.
1326 1827 1423 1860 misc.
1446 1836 1532 1860 tom.
1549 1828 1660 1869 VIII,
1678 1841 1714 1873 p.
1738 1828 1805 1861 263
1821 1840 1830 1869 ;
1851 1835 1885 1860 et

1207 1893 1271 1913 nos
1288 1879 1331 1913 ad
1347 1881 1477 1914 Tibull.
1493 1882 1526 1922 Ι,
1546 1892 1588 1913 10
1600 1906 1608 1921 ,
1631 1882 1678 1914 68
1689 1905 1698 1921 ‚
1718 1880 1779 1913 ubi
1795 1880 1887 1913 inter

1208 1946 1243 1966 se
1259 1942 1520 1967 commutantur
1530 1933 1633 1967 verba
1643 1934 1766 1978 perfluo
1778 1960 1788 1973 ‚
1804 1946 1888 1978 proe-

1198 1987 1291 2032 fluo,
1308 1987 1434 2032 f'rqflllo
1447 2014 1457 2027 ,
1473 1987 1605 2032 perpluo
1620 2013 1628 2026 ,
1653 1995 1719 2020 etc.

1265 2039 1298 2072 3.
1318 2039 1468 2084 Indulget
1493 2048 1594 2072 tamen
1617 2040 1671 2072 ille
1691 2039 1775 2072 Jovi.
1799 2039 1887 2072 Sen-

1209 2104 1266 2125 sus
1287 2101 1359 2125 est:
1381 2093 1444 2126 sub
1465 2091 1525 2126 dio
1543 2101 1696 2138 perstat,
1715 2100 1749 2125 et
1762 2093 1887 2125 Jovem

1209 2145 1411 2190 ningentem
1435 2144 1572 2191 placide
1593 2145 1671 2178 fert.
1692 2145 1749 2178 Sic
1767 2145 1829 2178 lib.
1849 2146 1886 2186 I,

1209 2199 1317 2244 epigr.
1334 2211 1388 2240 CV,
1404 2212 1436 2231 v,
1451 2198 1469 2230 3
1492 2211 1499 2232 :
1522 2216 1534 2228 α
1551 2198 1740 2244 Indulgent
1753 2198 1888 2243 patien-

1209 2251 1294 2284 tiam
1327 2251 1474 2297 flagello.
1498 2268 1510 2281 n
1549 2252 1641 2292 Alii,
1677 2250 1737 2284 sed
1771 2251 1888 2283 minus

1210 2305 1299 2337 bene
1332 2317 1407 2337 mea
1436 2305 1604 2338 sententia
1621 2330 1628 2342 ‚
1659 2303 1861 2349 intelligunt
1878 2315 1886 2336 :

1211 2370 1282 2390 non
1306 2366 1413 2390 cessat
1432 2356 1613 2403 indulgere
1630 2357 1835 2401 spectaculis
1851 2356 1886 2388 in

1211 2410 1380 2443 honorem
1407 2411 1505 2444 Jovis
1533 2410 1646 2444 editis.
1669 2411 1735 2443 En.
1763 2410 1887 2441 -Ιη-

1212 2463 1331 2507 dulget.
1353 2462 1458 2505 Quod
1477 2463 1534 2497 hic
1550 2463 1718 2497 Martialis
1734 2461 1777 2495 de
1795 2461 1888 2502 nive,

1212 2516 1280 2549 hoc
1309 2515 1353 2549 de
1381 2517 1493 2549 imbre
1521 2517 1627 2549 refert
1648 2515 1835 2549 Suetonius
1852 2515 1886 2547 in

1212 2569 1428 2610 Domitiano,
1439 2582 1515 2614 cap.
1532 2573 1571 2609 4:
1588 2587 1601 2599 α
1617 2567 1738 2601 Edidit
1750 2567 1888 2600 navales

1211 2635 1343 2667 pugnas
1361 2634 1460 2668 paene
1477 2623 1647 2667 justarum
1673 2621 1835 2654 classium
1855 2628 1889 2653 et

1211 2675 1476 2709 circumstructo
1492 2676 1590 2719 juxta
1607 2674 1764 2707 Tiberim
1781 2674 1859 2706 lacu
1875 2685 1886 2713 ;
