2061 3288
447 195 1031 240 EPIGRAMMATUM
1071 196 1196 239 Lm.
1237 197 1335 240 ΙΙΙ.

1502 197 1594 262 307

324 284 606 328 Horatiorum
637 298 721 344 qua
752 283 861 325 viret
889 298 1010 326 sacer
1036 299 1240 343 campus,

321 358 377 400 Et
405 370 491 416 qua
521 353 663 415 pusilli
693 353 831 397 fervet
859 352 1057 398 Herculis
1088 354 1265 410 fanum,

320 426 522 469 Faustino
538 460 550 481 ,
571 423 699 486 plena
721 427 878 469 Bassus
904 424 994 468 ibat
1014 425 1058 467 in
1080 424 1215 468 rheda
1229 461 1240 482 ‚
1587 451 1599 472 ς,

321 498 487 541 Omnes
513 496 627 540 beati
654 497 801 557 copias
825 495 1001 539 trahens
1027 496 1150 540 ruris.

180 624 249 657 Pro
260 624 383 667 fhrrum
401 623 428 656 F
431 622 592 656 arnabius
608 625 701 669 conj.
722 636 856 657 sacrum.

179 698 230 704 —
257 678 469 724 Phrygiaeque
495 676 636 717 Matris,
657 683 724 710 etc.
757 675 857 710 Ordo

179 738 230 764 est
245 742 253 764 :
273 743 341 776 qua
357 729 483 764 fluvius
498 730 602 763 Almo
616 730 708 765 lavat
723 730 857 763 ferrum

178 784 340 829 Phrygiae
360 783 494 818 Matris.
518 784 584 816 En.
611 803 663 810 —-
684 783 856 828 Phrygiae-

179 850 247 883 que.
262 837 393 882 Cybele
403 836 554 870 deorum
568 845 678 869 mater
692 848 733 869 ex
747 837 858 881 Phry-

177 890 233 936 gia
259 891 406 924 Romam
433 890 547 923 fuerat
574 889 742 931 advecta,
764 888 857 923 unde

178 943 329 990 Phrygia
349 944 463 977 Mater
482 942 624 976 dicitur.
645 943 769 985 Almo,
790 942 857 976 flu·

179 996 254 1030 vius
282 997 451 1030 territorii
472 996 647 1038 Romani,
672 996 710 1028 in
738 996 856 1041 Tybe-

178 1050 245 1082 rim
263 1048 389 1084 defluit
402 1075 411 1091 ,
425 1048 531 1083 hodie
551 1050 688 1082 Dachia.
705 1049 772 1082 Per
787 1049 857 1094 Ap-

179 1103 271 1148 piam
294 1103 386 1136 viam
405 1103 606 1136 elabebatur
625 1102 685 1148 qui
710 1114 727 1134 a
754 1111 856 1147 porta

181 1155 310 1201 Capena
340 1156 540 1201 incipiebat.
571 1156 613 1188 In
636 1168 677 1189 eo
707 1155 856 1200 Cybeles

171 1209 312 1251 fhrrum,
345 1209 382 1242 id
410 1217 481 1250 est,
503 1209 633 1242 cultros
656 1207 701 1243 ad
727 1209 856 1242 hostias

177 1261 375 1296 mactandas
395 1262 497 1296 utiles
513 1262 674 1295 lavabant
693 1261 785 1295 Galli
807 1275 856 1296 sa·

177 1315 351 1357 cerdotes‚
370 1316 442 1348 imo
458 1323 492 1348 et
507 1315 623 1360 ipsum
643 1315 791 1360 Cybeles
809 1315 854 1349 si-

177 1369 383 1402 mulacrum.
412 1367 517 1401 Ovid.
543 1368 635 1401 Fast.
657 1380 717 1401 1v:
744 1386 757 1397 «
778 1368 854 1402 Illic

176 1434 357 1468 purpurea
374 1434 479 1455 canus
493 1434 573 1455 cum
585 1429 679 1454 veste
694 1420 854 1456 sacerdos

177 1475 337 1509 Almonis
367 1474 548 1508 dominam
580 1487 743 1520 sacraque
770 1475 853 1508 lavit

177 1529 285 1574 aquis.
311 1546 324 1559 u

232 1582 266 1615 3.
292 1584 476 1615 oratiorum
509 1582 545 1616 in
575 1581 658 1616 edd.
688 1590 771 1617 vett.
802 1603 854 1609 —-

178 1634 399 1668 Horatiorum.
428 1636 564 1681 Nempe
593 1644 688 1669 extra
716 1644 852 1682 portam

177 1686 354 1733 Capenam
373 1697 445 1721 erat
464 1689 664 1733 sepulcrum
688 1688 852 1721 Horatio-

177 1753 253 1773 rum
270 1767 279 1782 ‚
301 1750 334 1774 et
354 1754 496 1787 campus
516 1742 575 1774 ubi
602 1754 680 1774 cum
702 1742 854 1775 Curatiis

177 1803 414 1840 pugnaverant
434 1807 441 1827 :
468 1811 480 1823 n
501 1794 671 1839 Sepulcra
690 1803 827 1827 exstant
843 1819 853 1835 ,

177 1859 246 1892 quo
266 1848 416 1893 quisque
431 1848 510 1880 loco
528 1846 657 1880 cecidit
672 1859 680 1880 :
695 1845 767 1879 duo
782 1849 853 1880 Ro-

177 1912 277 1934 mana
312 1913 384 1934 uno
416 1901 495 1933 loco
529 1901 676 1946 propius
705 1900 829 1933 Albam
844 1925 853 1940 ‚

176 1953 242 1986 tria
278 1954 412 1987 Albana
443 1955 591 1986 Romam
622 1965 764 1994 versus,
793 1952 853 1986 sed

177 2005 340 2040 distantia
375 2006 459 2040 locis
475 2032 485 2048 ,
518 2015 552 2039 et
584 2014 623 2039 ut
656 2014 852 2052 pugnatum

177 2067 238 2092 est.
259 2076 273 2089 u
309 2060 353 2092 Et
383 2060 489 2104 paulo
512 2059 605 2093 infra
623 2084 633 2098 ,
662 2059 710 2093 sic
735 2059 852 2093 lictori

176 2120 275 2156 pater
311 2112 477 2146 Horatius
504 2125 511 2145 :
550 2130 563 2141 «
582 2113 739 2146 Verbera
756 2138 765 2154 ,
796 2113 851 2146 vel

178 2165 269 2198 intra
288 2165 499 2210 pomoerium
513 2191 521 2205 ‚
547 2165 654 2198 modo
673 2166 765 2199 inter
793 2165 851 2199 illa

177 2218 246 2263 pila
271 2226 304 2251 et
335 2219 445 2263 spolia
472 2219 646 2259 hostium3
673 2219 727 2252 vel
754 2227 849 2252 extra

176 2271 405 2316 pomoerium,
437 2270 544 2305 modo
571 2271 664 2304 inter
691 2272 849 2317 sepulcra

178 2323 429 2358 Curiatiorum.
450 2342 463 2353 u
485 2325 554 2357 Tit.
570 2325 645 2357 Liv.
664 2325 722 2357 lib.
739 2326 766 2357 Ι.
782 2326 850 2358 En.

175 2399 228 2403 —
245 2377 352 2410 Sacer.
372 2379 484 2422 Agros
505 2377 673 2422 sepulcris
697 2376 854 2410 addictos

176 2430 356 2475 religiosos
387 2443 476 2471 esse,
500 2439 533 2463 et
558 2443 603 2462 res
635 2431 751 2463 nullius
777 2431 853 2463 lieri

177 2482 352 2520 diximus,
375 2483 435 2516 lib.
458 2484 490 2524 I⁷
509 2483 712 2528 epigramm.
733 2496 797 2515 cxv
820 2491 854 2516 ct

176 2548 284 2570 «ΠΗ.
304 2537 370 2569 En.

232 2594 262 2629 4.
288 2590 336 2621 Et
354 2602 415 2635 qna
432 2589 579 2633 pusillum
598 2589 678 2622 Ant.
695 2590 732 2621 <le
748 2590 849 2635 Iiooy,

180 2650 216 2674 nt
237 2642 385 2686 pusillum
403 2641 444 2674 ad
461 2643 575 2683 fimum
596 2643 774 2676 referatur.
801 2642 853 2675 Si—

916 621 1060 668 quidem
1077 622 1113 656 in
1135 624 1280 669 regione
1296 636 1309 658 1
1329 625 1436 660 Urbis
1451 652 1460 669 ,
1482 628 1541 661 ubi
1565 638 1600 662 et

916 685 1017 721 porta
1031 675 1171 721 Capena
1183 703 1194 719 ‚
1206 676 1351 712 aedicula
1363 686 1498 713 tantum
1514 682 1600 715 Her-

915 729 1004 762 culis
1021 729 1164 763 locatur.
1184 732 1308 776 Itaque
1325 733 1474 776 pusillum
1491 733 1598 775 dicit,

915 791 953 815 ut
965 781 1155 829 distinguat
1165 784 1208 817 ab
1220 787 1292 818 aede
1301 785 1464 820 Herculis
1474 787 1598 821 Custo-

914 834 969 869 dis
987 836 1081 869 Circi
1097 837 1261 871 Flaminii
1279 863 1289 880 ,
1311 851 1389 884 quae
1407 840 1530 874 eratin
1543 854 1598 875 re-

914 888 1019 934 gione
1040 902 1075 923 lx
1089 917 1098 931 ,
1123 898 1158 923 et
1178 903 1196 923 a
1216 892 1348 937 templo
1375 893 1536 927 Herculis
1558 895 1595 928 in

914 941 1059 987 regi0ne
1086 955 1158 977 XIV.
1189 964 1241 969 —
1267 945 1396 979 Pusilli.
1421 947 1594 981 Pusillum

914 996 1068 1041 appellat
1090 997 1278 1031 Herculem
1293 1022 1300 1034 ‚
1326 998 1370 1032 ad
1393 1001 1596 1035 assentatio-

913 1061 994 1082 nem
1026 1050 1239 1092 Domitiani,
1266 1051 1327 1097 qui
1361 1065 1396 1086 se
1427 1055 1595 1099 majorem

914 1102 1105 1136 Herculem
1122 1103 1356 1149 praedicabat,
1378 1114 1418 1139 ut
1440 1115 1536 1152 patet
1554 1120 1594 1141 ex

913 1155 975 1188 lib.
1002 1155 1117 1202 Spect.
1142 1157 1252 1202 epigr.
1272 1170 1355 1200 xvu
1379 1167 1414 1192 et
1434 1160 1495 1193 lib.
1514 1161 1567 1193 IX
1583 1187 1593 1202 ,

914 1208 1024 1255 epigr.
1045 1222 1124 1252 LXV,
1146 1223 1228 1244 Lxx-1
1252 1218 1286 1244 et
1306 1223 1373 1245 CII.
1392 1212 1458 1246 Hic
1479 1221 1596 1247 tamen

914 1274 1032 1295 sensus
1067 1275 1139 1296 non
1176 1263 1359 1298 Gronovio
1390 1266 1503 1311 placet
1534 1268 1596 1312 qui

913 1314 1057 1360 quidem
1082 1316 1130 1350 sic
1160 1317 1308 1350 alterum
1334 1321 1529 1364 proponit:
1554 1322 1595 1353 In

912 1369 1048 1401 Aurelii
1072 1369 1226 1403 Victoris
1252 1371 1466 1415 Regionibus
1488 1373 1596 1407 Urbis

912 1421 976 1454 sub
1002 1431 1106 1467 porta
1128 1423 1270 1468 Capena
1288 1424 1429 1469 reperio
1453 1426 1596 1460 AEdica-

913 1475 975 1506 lam
998 1475 1167 1516 Herculis,
1190 1489 1267 1522 quae
1289 1486 1340 1511 est
1359 1478 1418 1512 illa
1440 1478 1515 1524 ipsa
1537 1478 1596 1514 hic

912 1538 1185 1563 commemorata
1198 1530 1363 1564 Martiali.
1382 1531 1419 1564 Si
1433 1544 1517 1577 ergo
1530 1546 1594 1566 no-

914 1581 1027 1615 lumus
1066 1583 1235 1616 Herculem
1263 1596 1395 1628 puerum
1427 1585 1594 1620 Romanis

913 1635 1019 1669 fuisse
1031 1636 1168 1669 cultum
1179 1662 1188 1678 ‚
1202 1644 1243 1669 ut
1259 1637 1505 1683 Jovempuerum
1518 1665 1526 1680 ,
1541 1648 1594 1672 tu-

914 1687 1084 1722 tissimum
1113 1698 1164 1723 est
1193 1689 1381 1724 decurrere
1406 1690 1449 1724 ad
1470 1692 1596 1738 hypal-

912 1741 1010 1786 lagen
1023 1766 1033 1780 ,
1060 1751 1093 1775 et
1107 1744 1219 1787 pusilli
1240 1744 1389 1776 Herculis
1404 1745 1518 1786 sanum
1540 1758 1596 1778 ex-

912 1795 1041 1838 plicare
1053 1821 1062 1834 ,
1079 1796 1247 1840 pusillum
1264 1796 1427 1830 Herculis
1448 1797 1568 1831 fanum
1585 1826 1594 1840 ‚

912 1846 983 1879 sive
1001 1846 1195 1882 aediculam.
1216 1849 1273 1882 Sic
1292 1849 1354 1883 lib.
1371 1851 1443 1882 VII
1456 1876 1464 1891 ‚
1482 1851 1591 1896 epigr.

912 1911 1027 1933 LXVIII
1043 1925 1052 1941 ‚
1071 1904 1178 1945 magni
1201 1904 1282 1934 senis
1307 1903 1436 1936 Atticus
1461 1904 1590 1945 hortus,

911 1965 976 1997 pro
992 1953 1108 1986 Attici.
1122 1974 1174 1979 —
1186 1955 1310 1987 Fervet.
1328 1956 1395 1989 Vel
1409 1956 1455 1988 ob
1470 1965 1592 1990 aestum

913 2013 947 2038 et
963 2006 1113 2040 calorem
1129 2008 1212 2040 solis
1225 2034 1234 2049 ‚
1251 2008 1307 2041 vel
1324 2008 1444 2054 potius
1460 2010 1506 2042 ob
1522 2010 1589 2043 fre-

913 2059 1091 2104 quentiam
1112 2073 1235 2093 eorum
1260 2061 1320 2106 qui
1343 2061 1377 2095 id
1406 2062 1526 2095 fanum
1544 2076 1594 2096 sa-

912 2112 1089 2154 lutabant,
1112 2125 1176 2158 per
1195 2114 1287 2147 viam
1316 2114 1469 2160 Appiam
1497 2128 1591 2149 com-

911 2174 1075 2199 meantes.

968 2218 1000 2252 5.
1037 2219 1137 2252 Plena
1166 2220 1285 2252 Bassus
1304 2247 1313 2260 ,
1349 2229 1415 2254 ete.
1442 2222 1522 2254 Non
1552 2231 1590 2255 ut

910 2272 1076 2304 Mathonis
1098 2273 1218 2306 lectica.
1238 2274 1419 2307 Juvenalis
1434 2301 1443 2315 ,
1463 2275 1544 2308 Sat..
1562 2277 1588 2309 I.

912 2325 1013 2357 Plena
1047 2327 1113 2369 ipso
1130 2352 1139 2365 ,
1172 2324 1232 2358 sed
1268 2326 1360 2359 ruris
1396 2327 1590 2362 honoribus

913 2389 1000 2422 quos
1013 2391 1051 2411 ex
1067 2378 1154 2411 urbe
1168 2379 1205 2411 in
1221 2392 1280 2412 rus
1296 2392 1396 2412 suum
1408 2406 1416 2421 ‚
1428 2393 1499 2414 non
1514 2394 1590 2423 rus,

913 2431 1084 2475 portabat.

968 2487 1002 2517 6.
1032 2485 1146 2516 Omnes
1171 2485 1264 2518 beati.
1298 2485 1419 2519 Faceta
1448 2486 1563 2520 irrisio
1582 2514 1591 2527 ‚

913 2549 1022 2581 quum
1045 2538 1088 2570 ab
1105 2539 1191 2571 urbe
1205 2538 1242 2570 in
1260 2551 1320 2572 rus
1332 2540 1424 2572 ruris
1436 2540 1591 2574 traheret

914 2590 1040 2634 copias.
1071 2590 1127 2623 Sic
1155 2591 1216 2624 lib.
1249 2591 1280 2623 X
1299 2618 1307 2632 ,
1335 2592 1443 2637 epigr.
1473 2605 1590 2626 rvul:

921 2661 931 2671 n
955 2644 1048 2675 Dura
1072 2644 1262 2677 suburbani
1282 2643 1369 2677 dum
1388 2647 1507 2691 jugera
1532 2659 1592 2691 pa·

1372 2716 1383 2732 2

1292 2733 1354 2762 20
