2061 3288
441 194 1026 238 EPIGRAMMATUM
1065 193 1188 235 Llss.
1232 192 1328 235 111.

1492 187 1588 234 315

806 344 959 400 LVL

492 501 557 530 DE
596 501 865 531 clsTERNA
906 501 1239 530 RAVENNATE.
1255 479 1274 497 *

247 630 324 672 SlT
349 629 537 672 cisterna
560 627 691 683 mihi,
714 642 844 688 quam
871 627 1025 680 vinea,
1050 624 1166 670 malo
1191 627 1415 670 Ravennae
1442 643 1449 667 :

313 699 462 756 Quum
488 699 652 759 possim
683 697 821 742 multo
851 697 1041 743 vendere
1068 696 1204 759 pluris
1233 713 1403 758 aquam.

230 833 243 848 ¹¹
259 838 444 876 Ravenna,
469 836 551 870 alias
572 836 738 878 AEmiliae,
759 849 854 870 nunc

176 889 417 924 Romandiolae
449 898 576 935 caput,
607 889 778 935 oppidum
804 898 854 924 est

177 944 285 978 Italia:
313 943 531 977 maritimum
557 944 594 976 iu
621 943 745 977 intimo
773 943 854 977 sinu

178 996 371 1030 Adriatico.
405 997 491 1038 Quae
522 1009 629 1042 quum
660 996 697 1029 in
729 995 855 1030 mediis

177 1049 364 1096 paludibus
386 1062 518 1095 aquoso
536 1050 690 1083 nimium
703 1050 776 1083 solo
791 1051 854 1084 sita

177 1103 221 1136 sit
234 1130 244 1146 ,
267 1103 355 1136 mira
375 1112 425 1136 est
446 1103 481 1136 in
501 1116 540 1136 ea
561 1103 694 1137 siccitas
717 1104 855 1149 potabi-

177 1156 264 1189 lium
284 1168 480 1202 aquarum3
503 1157 585 1202 quia
611 1169 721 1202 quum
749 1157 855 1190 maris

178 1218 279 1243 aestus
302 1218 508 1255 augescente
527 1210 609 1243 luna
631 1222 706 1243 eam
732 1210 855 1243 urbem

177 1263 284 1296 alluat
298 1289 307 1303 ‚
339 1272 413 1296 tum
450 1262 619 1297 salsedine
654 1275 715 1295 sua
735 1289 744 1303 ‚
781 1271 856 1297 tum

177 1315 308 1360 uligine
326 1316 391 1349 soli
413 1324 446 1349 et
464 1329 565 1349 coeno
585 1316 755 1349 vitiantur
779 1329 855 1349 om·

177 1369 263 1401 nino
283 1381 400 1415 aquae3
420 1369 468 1402 ita
492 1378 531 1402 ut
554 1372 666 1402 sitiant
685 1371 772 1410 vivi,
801 1382 856 1401 ηα-

179 1429 245 1454 tent
265 1422 387 1468 sepulti.
407 1421 528 1456 Sidon.
549 1422 705 1468 Apollin.
726 1422 787 1456 lib.
814 1423 831 1455 I
846 1448 855 1464 ,

178 1475 286 1521 epigr.
306 1488 327 1508 v
348 1483 381 1510 et
397 1487 487 1518 v111;
510 1474 604 1509 idem
626 1488 707 1509 usus
723 1484 773 1509 est
790 1475 855 1510 alia

915 836 1078 870 antithesi
1100 836 1254 870 carmine
1273 849 1392 870 nono:
1412 854 1424 865 a
1444 835 1596 869 Undosa:

915 890 1018 936 petiit
1039 890 1132 923 sitIm
1161 891 1348 924 Ravennae.
1373 907 1387 919 ι»
1413 891 1453 922 In
1475 888 1594 922 eadem

913 956 998 977 vero
1017 956 1140 989 magna
1156 943 1229 977 vini
1246 944 1347 989 copia
1364 970 1372 984 ‚
1393 951 1496 989 atque
1509 941 1596 976 adeo

916 996 986 1030 illic
998 997 1112 1042 pluris
1125 1009 1213 1042 aqua
1227 1023 1236 1038 ‚
1254 1009 1360 1042 quam
1378 996 1498 1030 vinum
1517 1008 1599 1029 ven-

915 1049 1074 1085 debatur.
1122 1072 1175 1077 -—-
1217 1050 1284 1083 Hic
1329 1049 1420 1083 nihil

917 1103 1129 1149 exemplaria
1154 1104 1395 1149 manuscripta
1417 1112 1475 1136 aut
1496 1103 1595 1148 prelo

915 1169 1050 1191 excusa.

977 1222 1008 1245 1.
1024 1210 1181 1244 cisterna.
1197 1210 1312 1244 Locus
1329 1218 1390 1251 est,
1406 1209 1452 1242 ait
1463 1209 1598 1248 Festus,

915 1264 977 1297 ubi
992 1276 1078 1309 aqua
1091 1263 1250 1309 pluvialis
1262 1263 1408 1297 collecta
1425 1270 1598 1297 servatur.

916 1329 933 1349 a
957 1319 1001 1349 cis
1021 1325 1054 1350 et
1078 1325 1159 1349 terra
1183 1315 1323 1350 dictus:
1349 1317 1429 1362 quia
1457 1315 1504 1348 cis
1528 1324 1595 1348 ter—

915 1382 1012 1406 ram,
1050 1371 1118 1403 hoc
1152 1378 1222 1412 est,
1249 1370 1339 1403 infra
1369 1378 1496 1403 terram
1525 1381 1596 1401 non

916 1423 1021 1456 habet
1046 1432 1254 1469 perpetuam
1279 1422 1433 1464 undam,
1456 1435 1519 1456 nec
1545 1421 1597 1454 vi·

917 1489 998 1510 vam
1016 1489 1152 1523 aquam.

1462 1050 1597 1083 variant

787 1615 984 1671 LVIL

688 1770 754 1797 DE
793 1749 1096 1799 GAUPONE.*

250 1896 491 1938 CALmDUS
516 1894 723 1952 imposuit
747 1909 888 1953 nuper
911 1893 1018 1935 mihi
1041 1909 1181 1955 caupo
1207 1894 1428 1937 Ravennae
1454 1911 1461 1933 :

321 1965 471 2021 Quum
504 1973 696 2024 peterem
726 1965 933 2019 mixtum,
957 1962 1150 2007 vendidit
1178 1962 1247 2006 ille
1277 1980 1461 2009 merum.

235 2100 247 2113 ’”
265 2104 364 2136 Patet
384 2103 452 2136 hoc
477 2102 688 2148 epigramma
711 2115 751 2136 ex
773 2116 861 2148 prae-

183 2156 330 2190 cedente
349 2169 358 2197 3
376 2168 483 2201 quum
503 2156 597 2189 enim
616 2168 704 2201 aqua
722 2156 859 2189 Raven-

182 2223 234 2243 nae
250 2209 363 2242 carior
380 2217 466 2242 esset
484 2209 565 2241 vino
579 2234 588 2250 ‚
603 2208 757 2242 dilutum
772 2222 859 2254 aqua

182 2263 305 2295 vinum
324 2263 436 2295 carius
453 2269 526 2295 erat
544 2274 653 2295 mero.

235 2336 287 2342 —
304 2315 426 2361 Neque
454 2315 491 2347 in
519 2315 586 2348 hoc
614 2314 859 2360 epigrammate

184 2367 374 2414 quidquam
397 2368 530 2401 variant
549 2368 757 2413 exemplaria
776 2369 862 2401 cala-

182 2434 240 2454 mo
270 2429 431 2463 exarata,
465 2429 525 2455 aut
557 2421 650 2466 typis
682 2421 858 2466 impressa.

920 2102 988 2135 sed
1009 2103 1045 2135 in
1065 2103 1162 2135 Junt.
1189 2114 1269 2135 ann.
1294 2102 1386 2135 1512
1402 2128 1410 2143 ,
1430 2110 1463 2135 et
1480 2103 1596 2135 Colin.

921 2169 1000 2189 ann.
1027 2155 1146 2195 1528,
1172 2156 1238 2189 hoc
1264 2163 1298 2188 et
1319 2155 1465 2200 praeced.
1492 2169 1598 2190 unum

920 2209 1053 2242 faciunt
1070 2209 1297 2253 epigramma.

979 2275 1008 2295 1.
1028 2263 1188 2306 Imposuit.
1204 2262 1263 2294 Me
1279 2260 1415 2307 decepit
1435 2274 1442 2294 :
1460 2262 1581 2307 gallice
1593 2288 1601 2303 ‚

922 2316 954 2348 Il
972 2316 1055 2347 m'en
1076 2318 1204 2359 imposa.
1229 2314 1344 2348 Hodie
1370 2315 1470 2348 multi
1494 2328 1601 2360 cupe-

921 2377 998 2401 rent
1021 2368 1067 2401 ita
1090 2367 1222 2413 decipi,
1247 2367 1306 2401 sed
1337 2381 1440 2402 nemo
1463 2378 1511 2402 est
1530 2369 1602 2413 ‘qui

921 2420 1082 2466 decipiat.
1102 2420 1255 2455 Βωμῶν.
