2061 3288
433 204 1018 250 EPIGRAMMATUM
1057 205 1183 249 LIB.
1224 208 1274 250 II
1293 210 1322 250 Ι.

1487 207 1584 269 3¹5)

315 296 411 339 Non
435 295 576 356 segnis
601 293 700 338 albo
727 292 859 355 pallet
878 295 967 338 otio
994 309 1135 355 caupo
1157 311 1165 338 :

310 366 402 411 Nec
429 365 573 427 perdit
596 364 743 409 oleum
766 363 958 409 lubricus
982 363 1217 426 palaestrita
1242 383 1250 408 ;

308 436 395 481 Sed
421 436 560 481 tendit
584 436 722 480 avidis
748 445 839 480 rete
863 434 1094 480 subdolum
1121 436 1281 490 turdisz,

307 506 567 552 Tremulave
598 516 776 569 captum
802 506 915 551 linea
943 507 1076 551 trahit
1098 508 1264 568 piscem
1281 544 1292 564 ,

307 580 396 623 Aut
419 577 675 640 impeditam
700 578 894 622 cassibus
919 577 1054 622 refert
1077 578 1266 623 damam.

305 650 493 695 Exercet
519 647 678 693 hilares
707 648 841 693 facilis
866 649 1020 693 hortus
1046 649 1266 704 urbanos,

167 795 264 829 tius:
299 811 313 824 α
340 794 483 828 Sacrum
513 793 658 829 vetustis
694 802 846 828 exstruat

165 847 269 894 lignis
285 848 413 882 focum.
433 859 447 873 ¹)

224 905 283 941 24.
304 901 391 935 Albo
405 901 507 946 pallet
529 903 605 934 otio.
627 899 742 934 Otiosi
763 899 845 934 ssac-

166 953 246 987 cido
276 955 441 1000 luteoque
470 954 602 999 pallent
636 954 765 987 colore.
794 974 846 980 -—

169 1007 292 1053 Caupo.
314 1008 438 1054 Caupo
458 1019 580 1040 servus
601 1015 675 1040 erat
698 1006 758 1052 qui
781 1005 846 1040 do-

165 1061 253 1093 mini
267 1061 389 1094 vinum
401 1086 411 1103 ,
426 1061 462 1093 in
478 1061 566 1093 urbe
584 1060 848 1102 commorantis,

167 1113 342 1148 vendebat
359 1139 368 1156 ‚
411 1113 658 1159 institoresque
697 1113 848 1147 habebat

167 1167 228 1212 qui
248 1167 370 1200 vinum
390 1167 445 1200 vel
463 1179 526 1212 per
546 1166 682 1200 theatra
709 1166 764 1199 vel
782 1178 846 1211 per

166 1219 261 1253 vicos
276 1220 435 1253 ferebant
449 1231 598 1253 vaenum.
619 1220 713 1252 Rure
731 1227 847 1253 autern

165 1284 341 1318 cauponas
360 1281 511 1318 quaestus
534 1284 635 1305 causa
658 1272 847 1306 constitue-

166 1325 251 1359 bant
266 1324 420 1368 domini,
435 1326 563 1371 quibus
580 1325 769 1370 praefectus
788 1325 847 1359 hic

165 1390 284 1412 servus
294 1404 304 1420 ,
323 1391 422 1424 caupo
437 1378 643 1412 nominatus
654 1404 663 1417 ,
678 1378 827 1412 obsonia
838 1405 846 1420 ‚

163 1431 359 1477 hospitium
374 1457 384 1472 ‚
409 1431 603 1476 vinumque
627 1444 646 1464 e
667 1431 748 1464 villa
774 1433 846 1465 col-

164 1484 294 1518 lectum
311 1484 505 1518 viatoribus
524 1484 641 1529 pretio
666 1483 844 1518 venderet.

166 1537 290 1579 Quum
319 1546 433 1571 autem
466 1538 540 1571 istae
573 1549 741 1582 cauponae
772 1551 846 1571 non

165 1589 252 1623 adeo
274 1591 580 1637 &equentarentur
592 1615 602 1628 ‚
621 1602 734 1636 caupo
752 1591 846 1624 villae

166 1643 322 1677 Faustini
353 1643 473 1677 fuisset
499 1643 654 1685 otiosus,
682 1644 750 1677 nisi
784 1656 845 1677 au-

164 1696 293 1742 cupio,
319 1696 483 1737 venatui,
515 1703 582 1729 etc.
614 1708 756 1741 operam
784 1696 846 1730 de-

166 1748 282 1783 disset.

221 1804 282 1836 25.
302 1803 370 1837 Nec
389 1803 496 1847 perdit
516 1803 616 1835 oleum
634 1801 771 1834 lubricus
784 1815 846 1846 pa-

166 1857 310 1889 [cestr-ita.
330 1856 520 1889 Palaestrita
547 1867 666 1888 servus
689 1863 764 1889 erat
787 1855 847 1900 qui

165 1909 201 1941 in
219 1910 376 1955 palaestra
389 1909 504 1942 oleum
521 1933 529 1949 ,
542 1908 726 1953 pulverem
742 1916 776 1941 et
790 1920 846 1941 ce-

165 1975 263 1995 roma
274 1962 455 1996 luctaturis
468 1960 714 2007 suppeditabat
729 1986 738 2003 ‚
759 1961 849 2006 ipse-

165 2027 233 2060 que
263 2014 454 2061 aliquando
484 2015 707 2048 luctabatur:
737 2027 847 2060 quum

167 2076 283 2101 autem
304 2077 391 2102 esset
411 2068 620 2113 amplissima
641 2067 723 2100 villa
741 2076 775 2101 et
797 2069 845 2101 fa-

167 2121 261 2154 milia
281 2121 449 2162 Faustini,
461 2129 534 2154 erat
550 2121 587 2153 in
602 2121 660 2154 illa
673 2121 846 2166 palaestra,

166 2174 202 2206 in
227 2174 293 2207 hac
317 2174 514 2219 palaestrita.
537 2172 605 2206 Sed
626 2174 685 2206 ille
709 2187 781 2207 non
808 2183 847 2208 ut

166 2225 202 2259 in
230 2227 380 2272 publicis
409 2226 575 2272 palaestris
607 2235 721 2260 totum
751 2227 845 2261 diem

165 2281 332 2326 occupari
351 2279 500 2312 debebat
515 2280 551 2311 in
567 2291 608 2312 eo
625 2279 818 2313 ministerio
835 2295 843 2321 ;

165 2345 211 2365 ne
231 2333 337 2378 igitur
353 2333 483 2365 otiosus
502 2333 680 2376 langueret
693 2359 702 2373 ‚
722 2332 843 2366 iisdem

166 2386 476 2419 exercitationibus
499 2385 626 2430 quibus
651 2397 763 2430 caupo
785 2398 844 2419 oc·

166 2440 375 2484 culpabatur.
397 2437 480 2471 Vid.
498 2438 559 2470 inf.
577 2437 689 2482 epigr.
707 2451 845 2482 LXXXII,

167 2504 216 2524 vs.
251 2505 308 2525 20.
339 2514 385 2518 —
414 2491 528 2524 Perdit
546 2491 655 2523 oleum.
676 2491 786 2525 Ludit
808 2493 845 2525 in

165 2545 274 2578 verbo
290 2545 478 2578 Martialis:
490 2544 622 2589 perdet-e
637 2544 730 2577 enim
746 2546 846 2578 oleam

165 2605 216 2629 est
254 2606 393 2643 tempus
423 2597 569 2643 perdere
587 2610 595 2637 ;
631 2610 702 2630 nou
740 2599 847 2643 igitur

167 2658 285 2695 stvnsms
314 2652 413 2683 verdit
434 2651 617 2696 palaestrita
638 2677 645 2693 ‚
665 2652 722 2695 qui
743 2653 847 2697 vulgo

904 794 941 827 in
961 793 1133 841 ungendis
1152 795 1380 830 luctatoribus
1401 796 1501 830 oleum
1515 810 1587 843 per-

904 847 963 882 dit.
991 848 1060 882 En.
1080 871 1131 875 —
1154 849 1319 883 Lubricus.
1346 850 1530 884 Luctaturi
1551 865 1586 885 se

904 910 1079 935 ceromate
1105 914 1146 935 ex
1163 903 1241 936 oleo
1256 928 1264 939 ‚
1288 915 1366 937 cera
1387 912 1421 937 et
1441 905 1586 950 pulvere

904 954 1072 1000 AEgyptio
1091 967 1150 989 seu
1163 956 1355 990 Puteolano
1367 982 1376 998 ‚
1396 959 1585 1003 ungebant,

904 1019 974 1053 quo
1003 1009 1170 1042 membris
1195 1008 1464 1044 flexibiliorihus
1491 1013 1584 1046 vale-

902 1068 983 1094 rent
999 1087 1009 1104 ,
1034 1060 1282 1108 difficiliusque
1308 1064 1352 1097 ab
1385 1063 1585 1099 adversario

903 1114 1063 1159 prensari
1089 1124 1148 1149 aut
1177 1115 1282 1161 dejici
1313 1126 1466 1162 possent.
1493 1119 1584 1152 Hinc

903 1179 1028 1201 vocem
1063 1168 1158 1201 illam
1191 1170 1322 1215 explica
1353 1170 1501 1206 lubricus.
1534 1194 1585 1199 --

904 1221 1102 1255 Paloestrita.
1134 1223 1195 1256 Est
1227 1223 1385 1268 palaestra
1415 1225 1512 1258 locus
1546 1226 1581 1259 in

903 1274 1108 1320 gymnasio,
1140 1276 1226 1321 palae
1252 1289 1314 1310 seu
1347 1277 1448 1311 luctae
1479 1277 1586 1313 (lesti-

906 1335 1022 1360 natus.

960 1382 1020 1414 26.
1042 1381 1158 1415 Avidis
1179 1383 1288 1416 turdis.
1313 1383 1371 1418 Sic
1391 1384 1556 1419 Horatius
1574 1399 1582 1419 :

908 1450 921 1463 «
944 1434 1018 1466 Aut
1045 1434 1150 1468 amite
1170 1435 1239 1469 levi
1264 1449 1342 1470 rara
1365 1437 1480 1471 tendit
1497 1439 1584 1472 retia

902 1485 1034 1521 Turdis
1054 1486 1221 1522 edacibus
1244 1488 1356 1523 dolos.
1378 1512 1430 1517 —
1455 1492 1582 1526 Turdis.

904 1539 1039 1573 Gallice
1052 1565 1062 1581 ,
1080 1544 1194 1585 ίςηῆνεε.

960 1605 1017 1638 27.
1042 1594 1247 1636 Tremulave,
1272 1603 1340 1629 etc.
1364 1596 1420 1630 Sic
1443 1600 1585 1632 venatui

904 1653 938 1679 et
957 1645 1104 1691 piscatui
1120 1660 1265 1693 operam
1284 1648 1405 1683 dantes
1421 1662 1534 1697 caupo
1550 1660 1585 1685 et

903 1699 1088 1743 palaestrita
1110 1713 1183 1734 non
1210 1702 1352 1736 inutiles
1379 1712 1498 1739 terunt
1519 1705 1584 1738 ho·

904 1764 972 1785 ras.
990 1753 1058 1786 ΕΒ.

960 1818 1020 1848 29.
1053 1807 1194 1839 Exercet·
1220 1808 1320 1841 hilare
1333 1810 1447 1851 facilis
1477 1811 1582 1844 hortus

905 1857 1028 1890 umbras
1050 1858 1087 1890 in
1111 1860 1210 1893 Junt.
1236 1873 1315 1894 ann.
1343 1862 1453 1896 1512.
1477 1864 1583 1897 Exer-

905 1918 952 1942 cet
978 1911 1092 1943 hilares
1116 1913 1228 1955 facilis
1255 1915 1363 1947 leoz-tas
1391 1915 1516 1949 umbras
1547 1918 1581 1950 in

904 1963 1020 1997 Colin.
1036 1977 1116 1998 ann.
1142 1978 1155 1999 1
1167 1965 1239 2000 528
1255 1967 1386 2009 :facilis
1399 1969 1505 2002 hortas
1519 1984 1583 2003 um-

905 2016 1002 2049 bellas
1020 2018 1172 2063 Langius
1189 2041 1199 2058 ,
1219 2020 1349 2054 Junius
1362 2046 1371 2061 ‚
1393 2030 1459 2056 etc.
1472 2025 1584 2065 facilis

905 2070 1012 2102 slot-lus
1041 2084 1132 2104 arcus
1152 2073 1278 2123 umblssas
1298 2074 1417 2118 legunt
1438 2076 1508 2109 alii.
1540 2079 1583 2110 At

904 2134 968 2168 ego
983 2148 993 2164 ‚
1012 2124 1128 2169 inquit
1146 2126 1436 2169 Musamberdus,
1459 2129 1485 2161 si
1505 2132 1582 2175 quis

903 2178 1112 2221 conjecturae
1124 2179 1222 2215 locus
1232 2189 1300 2220 est,
1314 2179 1463 2214 dixerim
1478 2183 1582 2217 fuisse

904 2242 923 2262 a
942 2230 1072 2263 Valerii
1090 2244 1196 2265 manu
1216 2245 1223 2265 :
1250 2234 1387 2265 Ena-et
1407 2235 1582 2277 hilm-esfic-

903 2283 971 2315 cilis
988 2284 1094 2317 horsus
1104 2286 1247 2319 ancillas.
1261 2307 1313 2313 —-
1328 2287 1449 2320 Facilis
1462 2290 1580 2324 hortus.

903 2336 985 2368 Non
1003 2336 1128 2370 laboris
1148 2339 1312 2384 exquisiti
1327 2366 1335 2380 ‚
1354 2349 1392 2374 ut
1408 2341 1444 2374 in
1460 2344 1584 2376 subur-

903 2388 1016 2422 banis.
1035 2410 1087 2415 -
1104 2391 1242 2424 Eicercet
1259 2393 1375 2425 hilares
1386 2394 1499 2437 facilis
1512 2397 1582 2428 hor-

906 2450 954 2474 tus
975 2444 1119 2492 urbanos.
1148 2445 1189 2477 In
1209 2445 1276 2478 hoe
1297 2459 1419 2484 versu,
1438 2457 1472 2481 et
1492 2462 1581 2494 prae-

905 2493 1112 2529 cedentibus
1127 2521 1138 2536 e
1168 2506 1201 2530 et
1225 2500 1452 2544 sequentibus
1468 2528 1477 2543 ‚
1508 2504 1582 2537 vult

906 2548 1101 2592 significare
1118 2550 1244 2584 Noster
1260 2551 1405 2586 domum
1425 2554 1580 2589 Faustini

907 2600 992 2634 adeo
1029 2615 1100 2637 esse
1134 2605 1357 2639 constitutam
1391 2615 1429 2639 ut
1463 2621 1582 2641 omnes

908 2654 1038 2698 quibus
1058 2665 1191 2690 constat
1217 2659 1292 2698 eius
1321 2659 1468 2701 familia,
1497 2661 1581 2706 quin
