2061 3288
544 182 602 224 M.
633 182 708 224 VA
722 182 771 224 L.
811 180 1215 224 MARTIALIS.
1438 196 1583 224 Lxxxt

241 269 380 332 1754.
411 272 560 313 Paris.
595 284 669 311 12.
696 267 811 311 Voll.
838 284 869 311 11
888 303 898 321 ,
925 268 1036 328 typis
1059 267 1238 327 Josephi
1262 268 1461 324 Barbou,
1482 286 1583 313 cum

161 341 380 473 flgiti-764.
409 413 507 454 Ant.
531 409 584 453 de
607 411 732 469 Rooy
754 410 1029 470 Conjecturae
1054 410 1148 452 crit.
1181 410 1223 452 in
1251 418 1401 470 poetas
1425 419 1512 454 vet.
1542 419 1586 454 et

161 480 422 526 Martialem.
439 481 553 541 Traj.
578 480 632 524 ad
658 481 742 524 Rh.
775 478 840 525 8.²

241 552 381 615 1782.
405 552 669 606 Manlzemc'z‘,
695 568 799 596 cura
821 561 864 595 et
891 550 1105 595 sumtibus
1129 552 1358 595 Societatis
1382 549 1584 605 literatae,

165 624 219 679 83
239 640 334 685 quae
363 623 558 684 sequitur
574 622 674 666 edit.
701 623 938 666 Parisinam
961 638 1027 682 ap.
1048 622 1246 677 Barbou,
1269 631 1312 665 et
1335 620 1585 666 Martialem

163 711 251 739 non
283 703 497 739 resectum
526 693 711 738 exhibet.

778 820 958 830 -q--ss
974 822 981 825 «

216 925 296 959 Nos
314 931 458 958 textum
475 921 674 966 Scriverii,
695 934 716 956 a
736 920 958 958 Schrevelio
983 922 1242 971 recognitum,
1264 923 1497 971 recepimus,
1516 922 1588 959 de-

165 997 243 1021 nuo
267 985 445 1021 collatum
468 997 489 1020 a
510 982 622 1019 nobis
645 995 732 1038 cum
753 982 972 1019 Raderiano
995 991 1032 1020 et
1055 982 1310 1020 Farnabiano.
1331 987 1437 1021 Inter
1465 983 1591 1020 varias

167 1047 366 1083 variorum
386 1054 588 1082 auctorum
611 1045 706 1081 vitas
733 1045 936 1091 Martialis,
963 1059 1082 1095 quum
1104 1046 1234 1095 potior
1256 1045 1369 1083 nobis
1389 1046 1468 1082 visa
1493 1054 1591 1082 esset

167 1108 231 1144 illa
250 1106 388 1144 Matth.
406 1105 569 1151 Raderi,
594 1119 640 1142 ex
660 1106 745 1156 ipso
766 1107 942 1144 Martiale
962 1107 1208 1153 concinnata,
1226 1107 1348 1157 priori
1371 1120 1453 1144 eam
1475 1108 1591 1144 volu-

167 1168 257 1205 mini
278 1167 538 1218 praemisimus.
551 1167 728 1204 Secundo
749 1168 935 1205 volumini
956 1168 1180 1218 adjecimus,
1202 1168 1377 1205 eumdem
1398 1168 1590 1206 Schreve—

166 1229 258 1265 lium
278 1228 449 1277 sequuti,
463 1227 727 1278 Appendicem
747 1229 1074 1279 Epigrammatum
1089 1230 1259 1267 Martiali
1288 1231 1369 1267 sive
1392 1244 1482 1267 vere
1510 1231 1590 1268 sive

165 1301 369 1339 perperam
394 1289 684 1339 suppositorum
707 1290 777 1334 (cf.
799 1291 846 1327 cl.
865 1294 913 1327 G.
931 1294 973 1328 E.
992 1291 1176 1341 Lessingii
1195 1292 1436 1329 Vermischte
1457 1292 1591 1330 Schri—

167 1351 244 1388 ften
264 1350 404 1388 Berlin.
423 1363 534 1397 1771.
556 1359 581 1386 t.
605 1364 634 1386 1.
655 1350 703 1387 de
724 1351 902 1389 Martiale
921 1356 940 1398 S
956 1353 1020 1403 4),
1048 1364 1124 1389 uno
1154 1353 1456 1403 Epigrammate‚
1480 1353 1592 1391 nobis

167 1426 210 1458 x,
230 1412 439 1449 auctiorem
452 1426 461 1457 ;
476 1411 581 1462 quod
604 1424 650 1448 ex
671 1412 813 1450 Codice
828 1413 1022 1460 Salmasii,
1043 1414 1109 1463 qui
1129 1427 1231 1450 nunc
1251 1424 1373 1452 exstat
1391 1416 1428 1452 in
1445 1414 1592 1452 biblio-

169 1473 278 1510 theca
292 1473 397 1523 regia
413 1472 582 1509 Parisina
596 1501 605 1519 ‚
623 1486 644 1509 a
659 1473 789 1511 Gudio
809 1474 1045 1525 descriptum
1066 1475 1212 1525 primus
1229 1476 1265 1512 in
1288 1477 1411 1514 lucem
1432 1477 1594 1528 protulit

167 1535 212 1572 cl.
247 1534 462 1585 Lessingius
489 1535 513 1571 l.
545 1548 576 1571 c.
612 1534 887 1586 Subjunximus
920 1536 1091 1581 tandem,
1125 1549 1202 1586 quo
1237 1536 1310 1574 sibi
1342 1537 1593 1588 responderet

168 1598 367 1647 utriusque
385 1596 591 1633 voluminis
610 1598 732 1634 nostri
751 1598 991 1648 plagularum
1008 1610 1209 1644 numerus,
1227 1599 1477 1636 Diversorum
1496 1613 1593 1650 poe—

169 1667 292 1695 tarum
312 1658 352 1695 in
370 1659 552 1709 Priapum
572 1662 695 1696 Lusus
709 1689 719 1706 ‚
734 1673 781 1697 ex
799 1660 1005 1698 novissima
1028 1673 1163 1697 eorum
1183 1659 1369 1707 editione,
1390 1675 1474 1711 quae
1497 1674 1594 1712 pro-

169 1720 240 1757 diit
261 1733 319 1757 an.
336 1720 450 1766 1781,
471 1721 550 1757 sine
568 1720 642 1757 loci
662 1730 699 1758 et
720 1722 959 1773 impressoris
978 1730 1080 1759 nota.
1104 1724 1162 1759 De
1182 1721 1227 1758 iis
1249 1722 1388 1759 videsis
1406 1723 1591 1760 Notitiam

172 1782 379 1819 literariam
396 1782 435 1819 iu
454 1782 604 1833 Virgilii
621 1783 742 1820 nostri
754 1785 842 1821 Vol.
860 1787 916 1831 ΙΙ,
932 1799 967 1835 p.
987 1785 1073 1821 255.
1087 1783 1100 1807 3
1140 1784 1200 1821 Sic
1219 1784 1373 1835 Bipont.

228 1915 258 1935 1.
279 1902 371 1936 C’est
387 1902 420 1935 la
439 1904 551 1936 meme
574 1901 708 1936 edition
737 1915 806 1949 que
833 1904 864 1939 la
886 1903 1098 1950 precedente
1124 1917 1203 1939 avec
1229 1918 1277 1938 un
1306 1918 1468 1938 nouveau
1495 1905 1590 1938 fron-

169 1955 301 2001 tispice.
321 1955 359 1988 B.

226 2020 258 2042 2.
271 2009 354 2042 Ant.
372 2006 416 2040 de
434 2008 536 2054 Rooy
551 2007 711 2042 nondum
727 2009 828 2043 editae
841 2009 1174 2044 Animadversiones
1188 2010 1224 2043 in
1238 2011 1408 2044 Martialis
1422 2011 1594 2056 epigram-

170 2069 272 2095 mata.
294 2059 499 2094 Hardervici
514 2086 522 2101 ‚
543 2062 651 2106 1787,
673 2056 785 2097 in-8.⁰
808 2064 847 2097 B.

225 2117 257 2147 3.
280 2114 346 2147 Les
373 2114 527 2158 Priape'es
554 2127 599 2148 ne
622 2127 656 2148 se
681 2123 846 2150 trouvent
870 2129 932 2162 pas
957 2115 1043 2150 dans
1067 2124 1170 2149 notre
1197 2115 1334 2150 edition
1364 2116 1408 2150 de
1431 2116 1591 2161 Virgile,

170 2178 347 2211 parceque
357 2166 408 2198 M.
424 2166 549 2212 Heyne
567 2168 650 2202 etait
663 2169 838 2214 persuade
857 2182 925 2215 que
940 2182 996 2203 ces
1018 2170 1204 2215 opuscutes
1223 2169 1415 2203 licentieux
1429 2169 1594 2204 n'etaient

171 2232 233 2265 pas
253 2218 297 2252 de
321 2231 361 2253 ce
383 2223 495 2263 poete.
516 2221 638 2266 Voyez
657 2234 691 2255 sa
712 2223 827 2257 notice
846 2223 884 2256 de
904 2223 1038 2267 Virgilii
1057 2223 1260 2262 editionibus,
1282 2231 1306 2256 t.
1323 2223 1393 2256 VII
1424 2221 1467 2256 de
1489 2231 1592 2257 notre

172 2271 307 2306 edition
320 2297 330 2313 ,
348 2285 382 2317 p.
403 2274 487 2312 462.
506 2273 546 2305 B.
