2061 3288
439 231 465 257 '2
475 213 538 268 46

815 216 878 258 Μ.
907 217 1045 259 VAL.
1087 218 1477 262 MARTIALIS

577 303 700 362 Saepe
729 301 889 363 duplex
920 320 1057 347 unum
1087 306 1246 365 pagina
1275 314 1433 349 tractat
1457 321 1580 366 opus.

505 373 547 416 N
550 388 607 415 on
630 383 731 416 sunt
752 371 902 434 longa,
921 375 1077 434 quibus
1102 374 1209 419 nihil
1232 385 1317 431 est,
1336 375 1454 436 quod
1474 375 1648 420 demere
1668 378 1826 437 possis;

575 443 660 486 Sed
686 454 756 499 tu,
778 445 990 501 Cosconi,
1013 444 1196 489 disticha
1218 445 1348 507 longa
1372 445 1487 491 facis.

431 594 515 615 vero
544 583 759 617 Albinovani
778 609 787 625 .,
823 584 1113 630 epigrammatum

433 636 583 668 auctoris
608 637 851 679 celeberrimi,
868 646 974 671 restat
989 650 1114 671 conso-

432 688 514 721 latio
538 687 580 722 ad
603 690 760 731 Liviam,
786 703 862 736 quae
888 700 921 724 et
945 690 1075 724 Oviflio
1095 705 1113 725 a

431 741 641 787 quibusdam
658 743 833 789 adscripta
855 744 1109 778 circumfertur.

486 797 520 828 6.
543 795 636 840 Soepe
654 797 781 841 duplex.
797 797 895 843 Saepe
910 809 1021 830 unum
1038 797 1112 843 epi-

430 859 587 892 gramma
606 849 705 882 binas
719 850 842 896 implet
857 850 1009 896 paginas,

488 903 520 934 8.
538 901 604 935 Sed
620 910 664 935 tu.
686 903 758 944 Qui
775 916 841 937 nec
856 912 1000 937 venuste
1012 903 1112 950 quid-

431 967 534 998 quam
555 980 564 995 ‚
592 968 656 988 nec
688 965 810 1001 argute
846 955 962 990 dicere
995 966 1107 1002 potes.

429 1007 549 1040 Brevis
570 1020 653 1041 vero
679 1017 729 1042 est
748 1009 807 1042 ille
827 1010 934 1043 Poeta
947 1035 956 1051 ,
976 1011 1037 1056 qui
1060 1011 1109 1044 fa-

429 1059 476 1093 cit
507 1059 607 1105 quod
634 1061 812 1103 instituit,
841 1075 950 1108 quum
981 1076 1109 1109 nempe

428 1112 514 1148 dicit
540 1122 621 1159 apte
653 1128 719 1160 pro
749 1116 907 1161 subjecta
939 1117 1108 1158 materia;

427 1166 569 1211 longum
598 1180 682 1201 vero
708 1169 763 1201 vel
781 1182 891 1202 uuum
919 1169 1109 1203 distichum

426 1218 539 1253 videri
555 1229 690 1266 potest,
704 1221 739 1254 in
753 1234 824 1267 quo
840 1221 973 1268 aliquid
988 1235 1108 1268 super-

1173 585 1287 618 fluum
1313 593 1374 619 est.
1402 585 1564 619 Cosconii
1585 585 1733 620 disticha
1764 587 1853 620 mala

1174 651 1301 684 nempe
1329 639 1398 672 hoc
1422 651 1526 673 sensu
1553 639 1755 684 longissima
1780 652 1851 673 esse

1173 691 1356 737 intelligit,
1381 691 1461 736 quia
1494 692 1568 725 laxa
1597 701 1631 725 et
1660 691 1848 727 fastidiosa.

1173 744 1258 778 Vid.
1275 745 1338 778 lib.
1354 745 1454 786 XIV,
1472 745 1676 790 epigramm.
1695 758 1778 779 een.
1799 767 1851 771 -—-

1173 797 1332 831 Raclerus
1348 798 1452 831 etiam
1468 797 1632 843 intelligit
1647 810 1654 831 :
1670 799 1760 840 Quia
1778 806 1851 832 tota

1172 852 1242 885 vita
1257 851 1424 885 laborasti
1439 877 1447 893 ‚
1464 864 1529 884 nec
1543 863 1654 884 unum
1674 850 1850 885 distichon

1172 903 1368 945 absolvisti,
1385 913 1418 937 et
1428 903 1579 938 edidisti.
1590 905 1685 937 Malo
1695 904 1850 950 priorem

1171 969 1335 998 sensum3
1354 970 1436 990 nam
1451 965 1554 991 vocat
1570 958 1666 1002 longa
1684 957 1849 991 Cosconii

1170 1011 1317 1043 Disticha
1345 1022 1408 1056 per
1435 1010 1696 1056 oppositionem
1726 1022 1850 1043 eorum

1169 1064 1295 1109 quibus
1311 1063 1399 1096 nihil
1416 1062 1509 1097 demi
1522 1071 1649 1109 potest.
1666 1063 1846 1109 Significat

1170 1117 1276 1162 igitur
1298 1117 1405 1150 multa
1428 1129 1467 1150 ex
1478 1116 1585 1150 'istius
1606 1116 1716 1162 epigr.
1737 1115 1848 1156 recidi

1169 1178 1265 1203 recte
1295 1183 1418 1215 posse,
1453 1182 1530 1215 quae
1557 1182 1684 1215 nempe
1705 1169 1846 1215 largiori

1170 1235 1257 1256 vena
1273 1223 1538 1268 profluant.ED.

970 1360 1300 1417 LXXVIII.

882 1516 949 1544 An
988 1494 1386 1544 CAECILIANUM„*

497 1639 686 1682 AEsrivo
717 1655 861 1683 serves
888 1639 961 1682 ubi
990 1641 1153 1700 piscem
1179 1649 1399 1700 tempore,
1421 1639 1605 1700 quaeris?

565 1710 616 1751 In
644 1709 824 1753 thermis
853 1726 999 1766 serva,
1025 1709 1281 1766 Caeciliane,
1305 1711 1402 1754 tuis.

480 1845 491 1857 ³
530 1849 654 1894 Neque
688 1850 725 1882 in
758 1850 826 1883 hoc
856 1851 1104 1896 epigrammate

426 1901 621 1948 quidquam
652 1903 790 1936 variant
808 1905 1019 1938 membranae
1046 1913 1105 1938 aut

424 1955 506 1988 libri
523 1955 615 2001 typis
632 1957 759 1989 excusi.

482 2021 513 2041 2.
537 2010 577 2041 In
599 2010 734 2042 thermis.
756 2010 918 2043 Thermae
935 2018 1015 2043 sunt
1032 2010 1106 2043 bal-

424 2074 489 2093 nea
520 2061 631 2094 calida
649 2088 657 2103 ,
687 2075 706 2095 a
739 2062 854 2096 calore
879 2057 963 2109 (qui
993 2075 1102 2109 graece

424 2116 520 2159 θέρμη
539 2112 551 2154 )
584 2115 632 2148 sic
667 2115 893 2151 denominata
913 2115 935 2158 ς’
957 2116 1102 2150 thermae

423 2176 536 2201 autem
550 2168 726 2203 Caeciliani
741 2169 829 2204 adeo
841 2177 940 2204 erant
954 2168 1100 2215 frigidae,

1164 1858 1203 1883 ut
1225 1851 1279 1883 vel
1306 1858 1419 1884 aestate
1440 1849 1549 1895 pisces
1571 1862 1589 1882 a
1613 1849 1841 1895 corruptione

1163 1903 1344 1937 vindicare
1355 1911 1507 1949 possent.
1522 1901 1608 1936 Ideo
1618 1902 1718 1947 fingit
1732 1903 1838 1935 Poeta

1163 1969 1198 1990 se
1213 1970 1230 1989 a
1248 1956 1434 1990 Caeciliano
1448 1955 1658 2001 interrogari
1671 1981 1680 1997 ‚
1695 1955 1756 1988 ubi
1770 1967 1839 1988 ser-

1162 2022 1244 2043 vare
1262 2010 1374 2053 pisces
1397 2009 1506 2055 possit
1525 2021 1589 2054 per
1611 2017 1761 2042 aestatem
1774 2034 1782 2050 ‚
1803 2016 1837 2041 et

1161 2063 1262 2096 illum
1282 2063 1521 2108 inexspectato
1538 2074 1706 2107 responso
1726 2060 1837 2106 carpit

1160 2115 1283 2149 festive
1318 2125 1351 2149 et
1391 2115 1547 2148 irrisorie
1586 2115 1754 2161 castigans
1789 2114 1834 2147 ob

1161 2169 1377 2203 thermarum
1398 2168 1635 2214 frigiditatem.
