2061 3288
476 215 1066 263 EPIGRAMMATUM
1106 215 1232 258 Llss.
1273 213 1358 256 IV.

1531 207 1630 270 475

782 371 1056 426 LXXIX.

747 523 803 550 ιΝ
851 499 1094 550 ΑΕΒΓΜ.’ι

283 651 502 694 CONDITA
529 663 662 708 quum
690 647 769 690 tibi
797 647 849 689 sit
871 645 962 705 jam
991 644 1258 704 sexagesima
1284 644 1456 697 messis,

352 722 409 763 Et
433 718 563 762 facies
587 717 725 761 multo
751 715 979 777 splendeat
1002 713 1099 758 alba
1127 713 1237 775 pilo;

281 790 501 834 Discurris
531 798 623 833 tota
650 804 787 849 vagus
815 787 947 842 urbe,
973 803 1054 831 nec
1084 784 1171 829 ulla
1201 784 1409 829 cathedra
1441 793 1528 840 est,

352 861 434 905 Cui
463 877 550 902 non
580 875 707 902 mane
734 858 846 902 feras
873 859 1155 918 irrequietus,
1179 859 1286 900 Ave.

281 933 338 975 Et
363 932 452 975 sine
477 941 518 974 te
544 930 650 973 nulli
677 930 740 973 sas
770 939 835 974 est
856 929 1033 990 prodire
1060 928 1261 982 tribuno,

265 1064 279 1079 '¹
295 1069 418 1101 Afrum
436 1069 546 1114 carpit
567 1068 781 1101 ardelionem
795 1094 803 1108 ,
822 1067 888 1100 mi-

211 1122 291 1156 nori
312 1123 415 1154 etiam
430 1148 438 1163 ‚
453 1135 556 1167 quam
574 1121 728 1155 Attalum
744 1120 831 1160 (lib.
852 1121 868 1152 I
881 1147 889 1161 ‚

213 1176 322 1221 epigr.
334 1188 446 1217 Lx>;x;
467 1184 500 1208 et
516 1175 576 1208 lib.
592 1176 627 1207 II
639 1201 648 1216 ,
665 1174 775 1220 epigr.
792 1171 888 1214 vn),

214 1229 436 1261 excusatione
454 1228 599 1274 dignuin
614 1253 623 1269 ,
644 1227 742 1273 quod
754 1254 762 1269 ,
778 1240 889 1272 quum

212 1290 300 1315 esset
325 1282 588 1327 sexagenarius,
617 1289 650 1314 et
678 1293 798 1313 rerum
826 1293 891 1312 usu

213 1335 316 1367 tritus
334 1360 343 1375 ‚
373 1336 488 1368 minus
511 1347 591 1368 eum
619 1333 758 1367 deceret
786 1332 890 1366 undi-

213 1399 281 1432 que
300 1387 496 1421 discurrere
506 1388 708 1432 juveniliter
720 1414 728 1427 ‚
742 1395 775 1420 et
799 1386 892 1419 deri-

213 1439 327 1473 denda
359 1440 579 1474 officiositate
604 1451 895 1485 unumquemque

216 1505 351 1527 vexare.
374 1494 441 1526 En.

267 1567 318 1574 —
351 1547 412 1580 Ad
444 1547 561 1590 Rufum
595 1560 695 1579 senem
725 1549 893 1592 inquietum

213 1599 419 1632 inscribitur
440 1600 476 1632 in
498 1598 577 1633 cod.
593 1600 734 1633 Thuan.

273 1665 304 1686 1.
326 1652 464 1685 Condita
478 1666 569 1699 quum
587 1653 644 1685 tihi
656 1680 664 1693 ,
686 1661 750 1686 etc.
770 1653 893 1694 Quum

217 1717 326 1738 annos
354 1706 527 1751 sexaginta
557 1705 601 1738 sis
630 1714 731 1738 natus
756 1717 763 1738 ς
791 1708 895 1738 messis

215 1771 280 1803 pro
303 1767 471 1792 autumno
486 1785 495 1800 ,
521 1766 687 1791 autumnus
712 1771 778 1804 pro
805 1771 895 1791 anno

215 1812 381 1845 sumitur.
402 1833 453 1837 —
475 1812 624 1845 Condita.
648 1813 795 1845 Messem
821 1825 895 1843 cotz-

216 1864 288 1896 dere
305 1873 356 1897 est
373 1877 448 1898 eam
467 1865 501 1897 in
522 1866 646 1898 horrea
668 1865 852 1898 devehere.

273 1931 305 1950 2.
325 1919 371 1950 Et
382 1919 485 1960 facies
501 1918 598 1950 multo
615 1946 623 1959 ‚
640 1927 705 1952 etc.
725 1919 769 1951 Et
787 1918 895 1952 barba

217 1970 280 2003 tibi
301 1971 510 2004 incanuerit.
530 1973 597 2004 Ευ.

274 2024 306 2057 3.
327 2025 488 2056 Discurris
504 2033 570 2056 tota
588 2037 692 2069 ‘rugus
710 2024 797 2056 urbe.
816 2026 898 2056 Am-

217 2077 344 2110 bitiosa
365 2076 530 2122 indagine
552 2078 730 2111 officiosus
747 2078 896 2111 circum-

219 2141 333 2162 cursas
353 2131 571 2175 potentiores
593 2140 760 2176 patronos
773 2159 780 2172 ‚
806 2129 896 2163 divi-

218 2190 269 2215 tes
293 2182 429 2225 viduas,
453 2192 511 2216 aut
536 2185 638 2216 orbas
663 2178 728 2226 (id
749 2192 801 2217 est
822 2184 897 2217 sine

219 2234 384 2277 liberis),
410 2244 473 2269 etc.
504 2238 728 2270 salutaturus.
755 2259 806 2263 —
830 2237 898 2269 Nec

221 2288 285 2320 alla
299 2290 448 2321 cathedra
462 2298 516 2323 est.
533 2291 659 2323 Sensus
674 2299 723 2323 est
740 2302 747 2322 r
765 2298 798 2322 et
813 2303 897 2335 quo-

220 2341 284 2374 ties
307 2341 371 2374 tibi
390 2354 453 2387 per
465 2343 594 2393 ⁸urbem
617 2343 754 2388 vaganti
776 2355 898 2376 occur-

220 2394 268 2426 rit
289 2394 411 2428 lectica
435 2395 490 2428 vel
511 2396 591 2428 sella
613 2396 795 2440 gestatoria
811 2421 820 2435 ,
840 2409 898 2429 ex-

221 2447 355 2492 templo
385 2446 544 2489 advolas,
575 2449 787 2482 salutaturus
818 2461 898 2482 eum

222 2499 285 2544 qui
307 2509 468 2545 gestatur.
495 2501 589 2534 Vide
611 2502 673 2534 lib.
693 2503 766 2543 XI,
789 2502 898 2547 epigr.

222 2564 314 2585 xc1x.
348 2575 399 2579 —
434 2555 503 2587 Ant
534 2567 597 2599 per
627 2554 713 2588 atria
746 2554 899 2588 divitum

222 2606 448 2645 transcurris,
459 2616 493 2640 et
513 2620 799 2653 unumquemque
814 2608 902 2641 salu-

224 2666 273 2695 tas
302 2660 338 2693 in
365 2659 568 2695 cathedram
590 2673 686 2694 suam
712 2660 899 2694 ascenden-

952 1075 1020 1099 tem
1034 1092 1043 1107 ,
1059 1075 1096 1100 ut
1111 1075 1164 1099 eat
1182 1066 1284 1099 foras.
1300 1066 1367 1099 En.
1382 1087 1433 1091 ——
1448 1065 1514 1097 Vel
1528 1064 1631 1097 etiam

949 1129 1066 1166 portas
1083 1122 1156 1152 Ave
1172 1119 1330 1165 patronis
1344 1145 1352 1159 ,
1365 1131 1425 1151 seu
1444 1117 1558 1151 viduis
1570 1144 1579 1159 ,
1595 1118 1631 1150 in

950 1173 1115 1207 cathedra
1143 1171 1240 1205 domi
1263 1172 1485 1213 sedentibus,
1516 1179 1550 1205 et
1579 1184 1630 1204 sa-

949 1227 1101 1260 lutantes
1124 1226 1415 1272 exspectantibus
1441 1246 1494 1251 —
1514 1225 1632 1258 Cathe-

950 1280 1019 1313 (ἱνα.
1039 1279 1211 1312 Cathedra
1228 1291 1415 1312 commune
1426 1278 1555 1312 Graecis
1567 1290 1632 1310 no-

951 1345 1032 1366 men
1049 1342 1098 1366 est
1109 1346 1173 1379 pro
1188 1333 1312 1378 quovis
1326 1331 1446 1374 sedili3
1462 1339 1495 1364 et
1512 1329 1630 1364 eadem

951 1387 1086 1419 ratione
1113 1399 1129 1418 a
1153 1386 1287 1419 Latinis
1310 1392 1520 1430 usurpatur,
1538 1396 1634 1416 nune

952 1453 1018 1486 pro
1050 1440 1155 1480 sella,
1187 1451 1282 1472 nunc
1304 1451 1370 1484 pro
1399 1437 1634 1470 muliebribus

952 1493 1066 1526 stratis
1095 1505 1102 1526 :
1133 1493 1198 1525 hac
1227 1492 1350 1525 ultima
1378 1491 1633 1537 significatione

953 1546 1105 1579 sumitur
1126 1559 1144 1579 a
1164 1546 1294 1578 Nostro
1323 1557 1445 1591 supra,
1466 1544 1528 1576 lib.
1557 1544 1612 1576 III
1626 1568 1636 1582 ,

953 1600 1065 1645 epigr.
1091 1611 1188 1633 anx
1204 1625 1213 1639 ,
1234 1612 1284 1631 vs.
1310 1610 1330 1642 7
1350 1610 1357 1631 ε
1385 1615 1397 1627 ι(
1417 1599 1515 1630 Inter
1532 1597 1635 1630 femi-

952 1665 1035 1685 neas
1057 1661 1128 1685 tota
1151 1652 1212 1698 qui
1236 1652 1314 1684 luce
1333 1650 1514 1685 cathedras
1531 1649 1631 1683 Desi-

955 1705 1014 1738 det
1036 1718 1073 1747 »;
1094 1714 1127 1738 et
1146 1706 1204 1738 lib.
1228 1705 1315 1742 XII,
1337 1705 1447 1750 epigr.
1473 1715 1633 1744 xxxvxn,

953 1771 1005 1792 vs.
1026 1772 1039 1792 1
1057 1772 1066 1800 ;
1086 1767 1119 1791 et
1135 1758 1300 1791 Horatius
1314 1785 1322 1798 ‚
1335 1759 1352 1790 I
1366 1783 1375 1799 ‚
1390 1766 1450 1793 sat,
1469 1770 1488 1790 x
1504 1769 1512 1790 ε
1531 1756 1641 1789 Disci-

955 1812 1119 1857 pularum
1142 1812 1232 1844 inter
1250 1811 1358 1855 jubeo
1371 1811 1510 1856 plorare
1526 1810 1641 1843 cathe-

955 1864 1048 1898 dras.
1074 1882 1086 1893 n
1120 1865 1190 1896 Pro
1211 1864 1332 1896 lectica
1354 1872 1468 1896 autem
1489 1863 1640 1896 sumitur

957 1927 1017 1951 aut
1034 1917 1152 1963 potius
1165 1930 1229 1963 pro
1246 1915 1345 1950 sedili
1362 1917 1508 1957 lecticae,
1525 1925 1586 1949 sat.
1606 1928 1642 1955 1,

955 1985 1004 2004 vs.
1028 1971 1097 2004 65:
1128 1988 1140 1999 ιι
1161 1983 1269 2016 quum
1294 1972 1365 2016 jam
1391 1978 1483 2003 sexta
1503 1969 1636 2003 cervice

957 2026 1087 2057 feratur
1104 2024 1196 2057 Hinc
1214 2032 1317 2068 atque
1337 2022 1419 2056 inde
1437 2031 1561 2068 patens
1575 2049 1584 2063 ,
1601 2034 1640 2055 ac

956 2076 1049 2111 nuda
1072 2090 1170 2122 paene
1190 2076 1368 2110 cathedra.
1398 2094 1410 2105 n

1013 2135 1046 2170 4.
1073 2130 1134 2163 Cui
1152 2144 1214 2162 non
1236 2143 1345 2171 mane,
1373 2138 1438 2162 etc.
1462 2128 1554 2162 Vide
1576 2128 1638 2161 lib.

957 2185 1011 2216 III
1025 2211 1032 2223 ‚
1056 2184 1221 2229 epigram.
1247 2196 1305 2216 LVI
1318 2209 1326 2225 ‚
1343 2196 1392 2216 vs.
1424 2184 1443 2214 6
1460 2194 1467 2215 :
1488 2182 1642 2227 ineptior

958 2246 1073 2270 autem
1107 2237 1191 2269 Afer
1213 2263 1220 2277 ‚
1245 2249 1352 2282 quam
1384 2235 1499 2268 caeteri
1533 2235 1642 2267 clien-

959 2299 1009 2323 tes
1022 2315 1031 2331 ‚
1058 2291 1138 2335 quia
1158 2291 1227 2323 Ave
1246 2297 1419 2334 portaret,
1445 2301 1553 2333 quum
1570 2289 1642 2334 jam

960 2344 1035 2376 seni
1054 2342 1246 2376 dicendum
1268 2350 1354 2375 esset
1378 2340 1565 2374 Vale.Vid.
1584 2341 1645 2374 lib.

962 2398 1009 2435 V,
1023 2396 1133 2440 epigr.
1146 2408 1244 2429 van
1256 2421 1264 2436 ,
1281 2404 1314 2428 et
1331 2395 1454 2428 Senec.
1470 2393 1512 2427 de
1528 2395 1644 2427 Tran-

964 2449 1064 2494 quill.
1085 2461 1164 2493 cap.
1192 2461 1249 2481 12.

1017 2502 1049 2534 5.
1075 2502 1125 2534 Et
1143 2504 1209 2533 sine
1229 2509 1257 2534 te
1271 2529 1278 2540 ,
1307 2509 1374 2534 etc.
1392 2500 1469 2533 Hoc
1486 2508 1554 2540 est,
1577 2498 1641 2532 tri-

960 2555 1074 2587 hunos
1100 2563 1134 2587 et
1157 2554 1317 2587 consules
1341 2553 1447 2587 domo
1476 2560 1642 2587 exeuntes

961 2608 1150 2647 assectans,
1164 2606 1307 2640 deducis
1320 2633 1328 2648 ,
1344 2615 1410 2640 etc.
1429 2606 1484 2639 Sic
1497 2605 1557 2638 lib.
1574 2606 1639 2643 xl,

961 2661 1069 2706 epigr.
1090 2673 1168 2694 κους
1184 2673 1190 2693 ;
1215 2677 1220 2685 ·
1239 2661 1319 2693 Non
1336 2660 1535 2694 consulatus
1552 2658 1640 2702 ipse.
