2061 3288
454 209 1033 253 EPIGRAMMATUM
1071 210 1195 253 LIB.
1235 211 1267 252 Ῐ.

1503 208 1564 254 83

801 360 931 416 XL.

653 517 718 545 nr„
766 517 1034 547 DECIANO.
1057 497 1075 515 '²

230 641 276 684 S1
305 639 399 700 quis
425 639 529 694 crit,
555 655 677 683 raros
702 641 814 683 inter
836 639 1132 684 numerandus
1157 655 1346 696 ammos,

302 709 465 767 Quales
492 710 635 770 prisca
666 710 796 765 fides,
821 710 1022 772 famaque
1048 712 1174 755 novit
1197 727 1332 768 anus;

232 782 275 825 Si
299 782 393 841 quis
420 782 644 842 Cecropiae
669 781 868 825 madidus
899 782 1120 842 Latiaeque
1148 783 1361 827 Minervae

302 851 506 905 Artibus,
530 861 573 896 et
597 868 701 896 vera
728 851 1004 913 simplicitate
1030 853 1198 908 bonus;

232 923 276 967 Si
304 924 400 983 quis
426 924 508 966 erit
533 924 639 966 recti
664 933 830 979 custos,
858 924 1038 967 mirator
1068 924 1262 981 honesti,
1563 947 1576 969 5

305 995 363 1037 Et
391 993 497 1037 nihil
527 1009 688 1038 arcano
717 996 790 1054 qui
816 1004 940 1055 roget
967 1011 1043 1038 ore
1069 994 1196 1051 deos3

234 1066 277 1109 Si
304 1065 398 1125 quis
428 1065 510 1108 erit
540 1081 708 1126 magnae
739 1065 947 1108 subnixus
978 1065 1136 1109 robore
1164 1066 1345 1117 mentis,

306 1137 588 1196 Dispeream,
614 1137 647 1179 si
673 1152 763 1179 non
788 1136 858 1180 hic
885 1136 1104 1180 Decianus
1129 1137 1225 1181 erit.

219 1270 233 1284 ‘²
264 1276 305 1307 In
326 1275 511 1313 omnibus,
543 1275 602 1307 Ad
637 1275 844 1313 Decianum;

167 1327 330 1361 eumdem
349 1327 539 1361 Decianum
554 1353 563 1368 ‚
594 1327 744 1360 stoicum
765 1327 846 1371 phi-

168 1381 355 1426 losophum
367 1406 377 1422 ‚
396 1382 496 1425 cujus
515 1393 620 1425 supra
637 1381 843 1425 epigramm.

170 1447 207 1467 1x
220 1460 228 1475 ‚
245 1433 405 1479 dogmata
426 1432 601 1473 laudavit,
622 1442 655 1466 et
674 1432 717 1465 ad
740 1446 845 1479 quem

171 1487 266 1520 misit
297 1487 405 1532 epigr.
430 1499 511 1522 xxv,
541 1499 637 1519 nunc
662 1486 846 1531 magnifico

171 1540 309 1574 extollit
323 1540 491 1572 Martialis
505 1539 700 1585 praeconia,
717 1540 847 1573 amicus

172 1593 335 1626 amicum.
350 1594 402 1625 De
418 1592 542 1625 eodem
558 1605 699 1638 quoque
714 1593 847 1627 mentio

173 1655 244 1686 est,
260 1646 353 1678 infra
367 1671 376 1685 ‚
400 1645 510 1690 epigr.
527 1658 605 1679 Lxu
620 1671 629 1686 ‚
651 1658 684 1679 v.
709 1657 761 1679 10.
779 1646 846 1679 ΕΙ).

230 1712 261 1731 2.
285 1699 327 1731 In
347 1699 473 1731 Venet.
501 1698 579 1731 Ald.
601 1699 700 1732 Junt.
731 1698 847 1732 Coliu.

174 1751 313 1798 Gryph.
335 1751 447 1784 Puhn.
463 1759 497 1784 et
515 1752 589 1784 aliis
604 1752 850 1797 vetustumque

175 1807 263 1837 novit
275 1817 359 1837 avos.
372 1803 464 1837 Vide
481 1804 542 1837 lib.
561 1804 651 1845 XII,
670 1804 779 1850 epigr.
798 1817 848 1846 iv,

178 1862 214 1899 Δ,
226 1866 260 1890 et
274 1857 400 1891 Catull.
413 1869 517 1890 carm.
538 1857 714 1899 LXVIII,
730 1858 851 1897 45.—

179 1911 312 1954 Quales.
339 1910 474 1943 Priscos
501 1910 579 1943 illos
598 1918 744 1955 propter
766 1910 851 1943 ami-

177 1964 295 1997 citiam
324 1964 454 1996 sincere
473 1964 600 1996 cultam
630 1962 851 2005 decantatos,

179 2016 376 2049 Pirithoum
407 2024 441 2049 et
461 2016 635 2049 Theseum
652 2042 660 2058 ‚
693 2018 853 2050 Damona

180 2078 215 2102 et
230 2069 391 2115 Pythiam
402 2096 410 2109 ‚
434 2068 602 2114 Pyladem
620 2078 653 2103 et
672 2069 831 2103 Orestem
845 2096 853 2111 ‚

180 2130 246 2156 etc.
277 2143 328 2148 —
355 2123 459 2155 Fama
482 2136 572 2156 arms.
598 2122 641 2155 Id
663 2131 737 2164 est,
765 2124 854 2157 fama

181 2183 336 2216 vetusta,
354 2174 538 2217 diuturna,
557 2176 676 2209 multis
694 2185 790 2210 retro
806 2189 856 2210 se-

182 2228 269 2262 culis
291 2228 468 2262 celebrata.

238 2282 272 2314 3.
291 2281 321 2314 C
319 2284 460 2327 εει-θρίω.
477 2282 613 2316 Atticae.
627 2282 780 2327 Cecrops
795 2294 857 2315 rex

182 2336 319 2380 primus
331 2335 397 2368 fuit
409 2335 687 2368 Atheniensium.
698 2335 857 2368 Minerva

185 2388 299 2421 Attica
330 2400 396 2433 pro
430 2388 629 2421 Graecarum
662 2388 857 2421 litterarum

184 2441 383 2486 cognitione
406 2441 566 2486 ponitur.
596 2441 694 2474 Latia
720 2453 786 2486 pro
809 2441 857 2475 la-

186 2493 260 2526 tina
294 2493 504 2527 eruditione.
526 2493 609 2527 Vid.
636 2494 743 2539 epigr.
773 2506 857 2526 xxVI

186 2559 264 2591 sup.
281 2567 331 2573 —-
352 2547 516 2581 madidus.
544 2548 624 2581 Non
645 2547 768 2580 leviter
790 2547 858 2580 tin-

905 1283 981 1309 ctus
1000 1276 1143 1317 litteris,
1164 1275 1222 1309 sed
1244 1277 1388 1310 omnino
1411 1278 1581 1313 imbutus.

961 1332 994 1368 4.
1036 1328 1256 1373 Simplicitate.
1295 1330 1503 1375 Simplicitas
1541 1345 1581 1366 ac

904 1381 1042 1414 bonitas
1060 1394 1195 1415 summa
1211 1383 1296 1415 olim
1310 1383 1463 1418 hominis
1478 1386 1582 1431 probi

906 1442 1009 1479 atque
1024 1447 1122 1479 paene
1138 1436 1208 1468 sola
1224 1436 1480 1470 commendatio
1497 1447 1583 1472 erat.

905 1487 1097 1532 Postquam
1110 1500 1194 1521 vero
1208 1488 1261 1522 hae
1273 1489 1419 1523 virtutes
1435 1491 1582 1525 aliorum

905 1540 1045 1573 malitiae
1063 1567 1072 1582 ‚
1088 1540 1269 1575 calliditati
1290 1551 1324 1575 et
1343 1543 1458 1576 fraudi
1475 1557 1582 1591 expo-

906 1593 980 1626 sitae
991 1604 1062 1626 esse
1075 1603 1271 1639 coeperunt,
1289 1595 1396 1637 bonos,
1413 1598 1579 1642 simplices,

906 1648 1027 1679 minime
1040 1647 1137 1679 malos
1150 1674 1159 1687 ‚
1180 1649 1296 1687 εὐήθεις
1306 1675 1316 1690 ,
1331 1651 1505 1694 χρηστοὺς,
1521 1664 1581 1697 ap-

906 1699 1083 1744 pellarunt
1106 1700 1268 1734 homines
1298 1714 1423 1747 parum
1444 1712 1581 1746 cautos,

907 1761 941 1786 et
961 1764 1052 1797 saepe
1070 1752 1228 1787 stolidos.
1246 1755 1382 1789 Herald.

964 1805 996 1838 5.
1017 1807 1059 1838 In
1076 1805 1199 1839 iisdem
1213 1806 1292 1841 edd.
1308 1817 1342 1841 et
1354 1809 1475 1842 multis
1488 1810 1562 1843 aliis
1574 1836 1583 1851 ,

909 1860 1050 1891 imitato}-
1068 1859 1199 1893 honesti.
1215 1861 1310 1894 Lect.
1333 1870 1486 1895 nostram
1511 1875 1581 1896 ser-

907 1920 991 1944 vant
1007 1911 1148 1944 Thuan.
1169 1921 1203 1945 et
1226 1914 1353 1958 optimi
1371 1916 1504 1960 quique
1522 1928 1582 1949 co-

910 1963 1003 1997 dices
1017 1990 1026 2005 ,
1046 1976 1194 2009 eamque
1216 1967 1342 2011 probat
1369 1968 1582 2002 Gronovius.

965 2020 1000 2051 6.
1031 2019 1163 2051 Arcano
1193 2031 1254 2053 ore.
1288 2020 1376 2052 Nam
1404 2021 1465 2066 qui
1495 2021 1582 2058 clam

911 2069 994 2103 deos
1005 2071 1255 2116 precabantur,
1267 2072 1425 2118 improba
1439 2082 1520 2108 vota
1534 2075 1582 2107 fa-

911 2136 989 2157 cere
1010 2125 1252 2159 censebantur.
1274 2127 1315 2158 In
1339 2139 1424 2171 quos
1445 2127 1584 2161 Persius

912 2177 1111 2218 invehitur‚
1132 2186 1193 2211 sat.
1213 2180 1248 2211 II
1272 2190 1279 2211 :
1305 2197 1317 2208 «
1340 2178 1444 2212 Haud
1473 2181 1583 2215 cuivis

912 2239 1115 2276 promptum
1133 2240 1202 2272 est,
1224 2244 1453 2278 murmurque
1472 2234 1586 2267 humi-

914 2284 1031 2328 lesque
1047 2296 1205 2317 susurros
1216 2285 1355 2318 Tollere
1370 2285 1414 2319 de
1426 2287 1565 2332 templis
1575 2313 1585 2328 ‚

915 2344 949 2369 et
966 2345 1085 2382 aperto
1103 2337 1222 2371 vivere
1243 2346 1337 2372 voto.
1359 2356 1372 2368 »

972 2391 1006 2423 8.
1028 2390 1078 2422 Ne
1097 2390 1245 2432 valeam,
1273 2394 1302 2423 si
1327 2405 1388 2424 non
1416 2393 1452 2425 in
1479 2406 1584 2438 marg.

916 2440 1014 2475 Junt.
1042 2456 1095 2488 ap.
1124 2442 1190 2476 Ed.
1216 2465 1268 2470 —-
1300 2445 1469 2479 Decianus.
1495 2446 1588 2480 Vide

919 2508 1038 2540 supra,
1069 2496 1178 2541 epigr.
1209 2509 1246 2530 ix
1275 2507 1309 2531 et
1331 2511 1421 2540 xxv,
1444 2508 1476 2533 et
1498 2499 1588 2533 infra

919 2548 981 2581 lib.
1005 2550 1058 2588 II,
1081 2549 1188 2595 epigr.
1204 2563 1236 2583 v.

1330 2744 1383 2787 (3³
