2061 3288
407 234 503 244 212⁸*
509 234 1457 252 §15⁸3W28u=nn*m=1‡=21==snswnsmxsvnsmxms
1464 243 1821 256 Ἁτιιιὶκνιὶκνινιαννῠ

542 407 664 472 DE
715 409 808 473 M.
843 411 1053 478 *VAL
1109 414 1696 484 MARTIALIS

412 584 947 665 INGENIO
1010 590 1157 666 ET
1219 589 1821 671 OPERIB'US

614 771 1610 874 DISSERTATIO.

785 986 1385 1009 ——fflowffi——v
1407 999 1446 1002 ἡ

421 1101 658 1179 ΝΕΜΙΜ
700 1149 801 1175 sane
841 1149 892 1175 ex
945 1134 993 1176 iis
1043 1133 1115 1192 qui
1164 1134 1225 1176 rei
1265 1132 1461 1177 literariae
1500 1135 1710 1194 primitias
1762 1135 1828 1178 vel

417 1203 618 1244 extremis
663 1201 792 1245 labris
831 1202 1108 1256 delibarunt,
1151 1203 1363 1247 Martialis
1410 1214 1484 1248 aut
1530 1221 1717 1255 nomen,
1755 1215 1828 1248 aut

419 1273 580 1332 scripta
612 1273 891 1333 ignorantum
920 1273 992 1316 sed
1033 1290 1193 1333 paucos
1225 1274 1461 1318 admodum
1493 1292 1583 1318 esse
1615 1292 1728 1327 reor,
1757 1277 1830 1335 qui

420 1343 680 1386 festivissiini
720 1353 858 1404 poetae
896 1343 1062 1387 libellos
1095 1343 1245 1388 sedulo
1280 1345 1544 1401 evolverint,
1577 1356 1620 1389 et
1655 1363 1707 1389 ex
1741 1347 1832 1389 istis

422 1414 650 1473 pauciores
681 1415 754 1474 qui
782 1414 967 1474 probent
999 1424 1041 1457 et
1068 1414 1253 1459 libenter
1285 1426 1494 1477 repetant.
1519 1416 1732 1460 Videmus
1762 1425 1829 1460 ta-

421 1501 521 1527 men
543 1484 800 1544 quibusdam
827 1495 870 1528 et
885 1495 1080 1529 veterum
1105 1496 1148 1529 et
1169 1487 1461 1530 recentiorum
1487 1487 1832 1547 frequentissime

422 1554 606 1598 Bilbilici
628 1556 764 1599 nostri
785 1566 827 1599 et
853 1573 1060 1599 numeros
1080 1566 1123 1599 et
1151 1556 1259 1601 sales
1287 1575 1375 1601 non
1406 1557 1537 1602 modo
1566 1575 1653 1601 non
1680 1557 1832 1619 displi-

423 1626 585 1677 cuisse,
617 1626 689 1669 sed
716 1627 759 1669 iu
784 1627 945 1687 pretio,
977 1626 1051 1670 sed
1078 1628 1121 1670 in
1149 1626 1310 1671 deliciis
1338 1629 1657 1689 propemodum
1689 1628 1831 1672 fuisse.

423 1696 555 1752 Quod
588 1706 635 1739 ut
665 1696 756 1740 haec
780 1697 1020 1757 legentibus
1048 1698 1286 1759 approbem
1308 1733 1318 1752 ,
1346 1716 1435 1743 non
1464 1700 1597 1760 ipsius
1622 1697 1836 1743 Martialis

424 1768 672 1810 testimonia
689 1769 891 1828 arripiam
907 1785 915 1811 :
934 1785 1064 1828 quem
1082 1770 1197 1812 enim
1216 1786 1397 1830 usquam
1416 1771 1623 1825 invenies,
1641 1770 1719 1813 etsi
1739 1771 1836 1813 siin-

427 1836 584 1897 pliccm
611 1837 771 1898 alioqui
796 1849 838 1882 et
860 1839 1095 1884 candidum
1128 1840 1294 1895 virum,
1322 1842 1385 1884 sui
1411 1841 1577 1900 justum
1603 1841 1832 1884 aestimato-

430 1924 518 1951 rem
534 1907 552 1951 Ρ
567 1909 661 1969 quis
684 1911 919 1969 prcesertim
935 1946 945 1961 ,
969 1911 1001 1953 si
1022 1909 1262 1966 calamum,
1287 1913 1320 1955 si
1343 1911 1476 1972 lyram
1499 1910 1565 1954 vel
1592 1928 1680 1954 uno
1701 1911 1836 1971 digito

429 1980 642 2039 attigerit,
665 1996 744 2023 nec
770 1980 963 2024 uaeniolis
994 1982 1081 2025 suis
1110 1981 1249 2033 favet,
1276 1999 1355 2026 nec
1383 1983 1541 2042 ingenii
1571 1982 1650 2025 sibi
1676 1991 1718 2024 et
1745 1981 1834 2041 glo-

428 2050 500 2093 riae
537 2049 631 2110 plus
662 2049 977 2111 aliquantulum
1012 2054 1262 2113 auspicatur
1291 2069 1419 2113 quain
1455 2062 1529 2095 aut
1559 2061 1837 2112 assequutus,

429 2130 827 2181 aumssequuturus
839 2120 996 2166 est?At
1010 2124 1050 2165 in
1067 2133 1273 2184 promptu
1288 2124 1564 2183 antiquorum
1578 2123 1688 2166 bene
1702 2121 1836 2166 multa

428 2193 676 2235 testimonia
716 2202 829 2235 sunt.
863 2194 976 2236 Nam
1009 2193 1255 2237 Martialem
1290 2194 1343 2236 ab
1376 2195 1576 2237 acumine
1607 2194 1766 2254 ingenii
1796 2202 1836 2237 et

432 2260 661 2306 dicacitate
692 2262 838 2306 laudat
864 2262 1023 2307 Plinius
1054 2264 1248 2319 min0r¹,
1275 2264 1547 2308 acutissimus
1576 2265 1666 2325 ipsc
1696 2274 1739 2307 et
1767 2263 1832 2306 di-

432 2333 681 2376 cacissimus
712 2335 913 2394 scriptor,
936 2335 1009 2394 qui
1037 2334 1318 2394 epistolarum
1347 2352 1521 2379 suarum
1546 2334 1665 2378 libris
1681 2370 1691 2387 ,
1717 2335 1835 2377 flori„

433 2402 513 2445 dus
549 2419 735 2463 semper,
764 2403 985 2465 elegantiae
1017 2413 1059 2448 et
1091 2406 1296 2466 argutiae⁷
1333 2407 1364 2449 si
1404 2423 1491 2449 non
1533 2406 1682 2457 nimis,
1722 2414 1837 2447 certe

432 2473 603 2516 abunde
640 2476 741 2517 satis
778 2476 945 2535 sparsit.
978 2478 1087 2518 Item
1109 2512 1119 2527 ,
1155 2476 1368 2520 referente
1399 2474 1676 2536 Spartiauo7³
1708 2475 1835 2518 tradi-

495 2625 520 2643 ι.
545 2612 644 2644 Plinii
663 2612 777 2644 Caecil.
797 2612 855 2644 lib.
872 2613 943 2649 Ul,
963 2614 1059 2658 epist.
1083 2614 1214 2646 ultima.

492 2677 520 2695 2.
543 2665 686 2708 Corpus
704 2664 831 2697 Histor.
851 2667 994 2709 August.
1014 2665 1046 2697 in
1065 2666 1129 2698 iL'l.
1145 2667 1229 2698 Ver.
1248 2667 1320 2698 (Iaes
