2061 3288
436 217 935 264 EPIGRAMMATU
951 217 999 260 M
1038 217 1161 259 LIB.
1201 216 1288 258 lv.

1468 212 1566 268 (215

683 368 1037 426 XXXVII.

718 526 779 553 An
808 502 1007 553 Arnum*

300 654 501 695 emmim
537 651 760 700 Coranus,
792 657 834 691 et
862 647 1050 691 ducenta
1081 646 1336 697 Mancinus,

298 724 511 765 Trecenta
541 720 670 764 debet
694 720 853 772 Titius,
882 719 967 762 hoc
998 717 1062 761 bis
1093 717 1275 761 Albinus
1294 752 1305 770 ‚

299 794 456 836 Decies
483 792 689 847 Sabinus,
718 790 989 850 alterumque
1016 790 1251 842 Serranu53

300 865 366 906 Ex
390 861 536 906 insulis
560 861 790 922 fundisque
814 861 959 904 tricies
982 859 1176 914 sofflum,

302 936 366 977 Ex
394 950 552 994 pecore
583 932 766 976 redeunt
791 942 858 975 ter
883 931 1051 975 ducena
1077 931 1322 974 Parmensi:

299 1006 419 1048 Totis
444 1004 618 1055 diebus,
640 1004 766 1057 Afer,
790 1004 877 1047 hoc
900 1002 1006 1045 mihi
1032 1018 1181 1046 narras
1206 1019 1214 1044 :

301 1078 356 1118 Et
380 1086 507 1119 teneo
528 1074 680 1118 melius
702 1076 806 1128 ista,
829 1090 959 1134 quain
983 1089 1129 1116 meum
1153 1089 1326 1116 nomen.

302 1148 514 1190 Numeres
538 1155 713 1207 oportet
734 1145 917 1206 aliquid,
941 1154 989 1188 ut
1012 1145 1101 1205 pati
1125 1144 1284 1204 possim
1309 1161 1316 1186 :

302 1217 614 1273 Quotidianam
646 1216 777 1260 refice
803 1232 1010 1259 nauseam
1038 1216 1243 1258 nummis.

303 1287 465 1331 Audire
489 1289 645 1350 gratis,
670 1287 793 1341 Afer,
815 1288 892 1331 ista
918 1303 1005 1330 non
1028 1303 1217 1347 possum.
1546 1312 1577 1326 η,

217 1420 230 1434 '¹
248 1426 297 1458 Ut
316 1425 522 1458 Mancinum
545 1425 626 1459 infr.
642 1425 752 1471 epigr.
766 1438 839 1466 LXI,

163 1478 211 1512 sic
244 1479 367 1512 Afrum
386 1505 394 1519 ‚
424 1478 667 1524 importunum
700 1491 839 1511 suarum

164 1544 274 1577 opum
291 1533 495 1577 jactatorem
512 1557 521 1572 ,
538 1532 665 1565 Noster
684 1532 751 1565 hoc
771 1532 844 1577 epi-

165 1593 356 1630 grammate
372 1584 528 1626 deridet3
545 1586 600 1618 cui
613 1612 622 1627 ‚
640 1584 839 1618 debitorum

165 1651 309 1671 suorum
330 1638 553 1677 nominibus,
579 1647 612 1672 et
641 1651 841 1671 annuorum

166 1699 404 1736 proventuum
418 1692 738 1736 computationibus
751 1692 843 1724 Mar-

166 1744 257 1777 tialis
268 1756 365 1777 aures
378 1743 583 1777 retundenti
595 1771 603 1785 ,
619 1745 666 1778 ait
680 1744 756 1784 ille,
769 1757 841 1777 uon

166 1809 266 1842 posse
285 1796 398 1830 audiri
417 1806 527 1830 tantas
542 1798 698 1842 pecuniae
719 1810 842 1830 nume-

167 1850 344 1890 rationes,
374 1850 439 1883 nisi
466 1859 648 1884 numerata
675 1850 842 1896 quadam,

168 1903 203 1935 in
216 1903 367 1948 pretium
388 1903 581 1948 patientiae,
601 1904 758 1949 pecunia.
776 1904 842 1937 En.

225 1969 254 1989 1.
281 1956 412 1989 Centum
443 1957 616 1990 Coracinus
642 1957 678 1990 in
700 1957 844 2002 quibus-

169 2007 248 2041 dam
277 2021 285 2041 ε
322 2010 464 2043 Coranus
486 2009 616 2043 habent
642 2009 722 2043 edd.
755 2010 844 2043 anti·-

169 2063 275 2107 quiss.
287 2083 339 2088 —
357 2062 507 2104 Centum,
522 2063 654 2096 ducenta
665 2090 674 2103 ,
697 2071 843 2096 trecenta.

170 2115 331 2160 Adjunge
352 2116 461 2148 millia
481 2118 676 2150 sestertium
696 2128 704 2150 :
723 2115 844 2149 adver·-

170 2167 238 2200 biis
262 2180 345 2201 vero
375 2169 439 2208 bis,
471 2169 591 2209 decies,
623 2172 744 2210 tricies,
773 2178 842 2208 ter,

171 2219 260 2254 adde
277 2229 421 2253 centena
436 2222 546 2255 millia
564 2223 772 2256 sestertium.

228 2285 258 2306 2.
276 2273 389 2306 Debet.
408 2274 510 2308 Mihi.

228 2327 260 2359 3.
287 2326 356 2358 Alii
387 2327 508 2372 legunt
541 2327 699 2360 Cel-ranas
712 2355 719 2365 ‚
750 2327 848 2372 quod

172 2378 315 2412 exhibet
341 2379 544 2412 Beverlandi
573 2380 645 2413 MS.
676 2381 751 2421 alii,
785 2380 847 2414 Sa-

174 2444 284 2472 ramcs,
304 2431 359 2465 alii
378 2431 530 2478 denique
550 2433 718 2466 Sarranus.
742 2433 847 2466 Simi-

173 2484 213 2517 lis
240 2485 398 2518 confusio
424 2493 474 2518 est
500 2485 596 2530 apud
621 2486 847 2527 Juvenalem‚

901 1424 971 1456 VII
984 1448 994 1462 ‚
1020 1425 1143 1458 80.—
1158 1423 1375 1468 Alter-umque.
1402 1421 1524 1455 Decies
1543 1431 1577 1455 et

900 1477 1047 1510 alterum
1067 1475 1202 1517 decies,
1222 1474 1257 1508 id
1277 1483 1328 1509 est
1345 1475 1460 1509 vicies.

956 1535 988 1570 4.
1018 1528 1226 1563 Beverlandi
1255 1529 1329 1562 MS.
1356 1528 1501 1562 solidum.
1523 1550 1571 1555 ——-

901 1584 957 1616 Ea:
979 1583 1097 1616 insulis.
1131 1581 1291 1615 AEdificia
1317 1583 1352 1614 in
1380 1583 1470 1615 urbe
1500 1595 1577 1627 quae

899 1637 970 1670 sola
991 1645 1100 1678 stant,
1120 1637 1163 1669 ab
1181 1636 1256 1668 aliis
1278 1636 1325 1668 ita
1346 1636 1517 1680 sejuncta,
1540 1644 1578 1668 ut

901 1691 1016 1736 aliquo
1048 1689 1127 1722 vico
1148 1688 1396 1734 undecumque
1423 1689 1577 1721 ambian-

902 1752 979 1784 tur,
1001 1741 1299 1789 quemadmodum
1333 1754 1423 1775 verae
1457 1742 1580 1775 insulse

901 1797 1091 1841 cinguntur
1102 1796 1200 1830 mari.
1216 1795 1288 1828 Sub
1301 1795 1581 1840 Imperatoribus

902 1862 967 1882 vox
1001 1850 1057 1881 illa
1093 1849 1294 1882 sumebatur
1322 1861 1387 1893 pro
1415 1848 1580 1881 omnibus

902 1901 1036 1935 aedibus
1051 1901 1295 1940 conductitiis;
1310 1913 1350 1934 ex
1368 1913 1516 1946 quarum
1532 1901 1583 1934 Ιο-

902 1956 1038 1988 catione
1060 1967 1220 2000 magnam
1243 1954 1448 1999 pensionem
1471 1954 1582 1999 perci-

904 2009 1022 2054 piebat
1037 2008 1132 2041 Afer.
1146 2030 1198 2034 -
1216 2009 1336 2040 Tricies
1351 2007 1484 2040 soldum.
1505 2007 1582 2040 Tri-

903 2063 970 2095 cies
990 2060 1142 2094 solidum
1155 2087 1163 2102 ,
1184 2060 1221 2094 id
1241 2070 1311 2100 est,
1328 2061 1503 2105 integrum
1517 2086 1526 2101 ,
1542 2069 1581 2093 ut

903 2115 965 2147 lib.
986 2115 1003 2147 I
1019 2141 1027 2157 ,
1046 2115 1154 2160 epigr.
1171 2127 1211 2155 c,
1226 2126 1275 2146 vs.
1298 2127 1311 2146 1
1335 2140 1344 2155 ,
1365 2113 1477 2147 dixit:
1496 2131 1508 2143 u
1527 2114 1580 2146 vi-

903 2169 973 2201 cies
992 2168 1149 2213 plenum.
1177 2185 1189 2196 η

961 2221 992 2254 5.
1034 2222 1091 2253 Ex
1123 2233 1234 2264 pecore
1269 2221 1446 2252 Parmensi.
1488 2219 1581 2253 Oves

905 2275 1108 2307 Parmenses
1145 2273 1376 2318 interpretare
1391 2299 1399 2313 ,
1433 2285 1581 2318 quarum

905 2328 983 2360 lana
993 2327 1120 2372 passim
1130 2325 1292 2359 laudatur
1302 2339 1321 2358 a
1334 2333 1453 2359 nostro
1467 2335 1582 2371 poeta,

907 2379 991 2412 Vid.
1010 2380 1072 2412 lib.
1092 2379 1146 2420 II,
1169 2379 1278 2425 epigr.
1302 2392 1393 2412 x.1.111
1407 2405 1416 2420 ,
1431 2391 1480 2412 VS.
1502 2383 1536 2419 4.

961 2446 994 2465 ⁵.
1036 2434 1138 2465 Teneo
1169 2433 1277 2464 melius
1302 2435 1373 2465 ista.
1401 2432 1583 2465 Memoria·

963 2462 974 2477 Ι

908 2499 991 2519 meae
1014 2485 1208 2519 commissa.
1231 2485 1297 2517 En.
