2061 3288
475 245 1055 292 EPIGRAMMATUM
1094 245 1217 287 LIB.
1258 244 1321 286 II.

1510 246 1594 288 181

811 370 978 427 XIV.

342 507 415 535 AD
454 504 755 536 PAULINUM
796 505 860 534 DE
900 502 1064 533 SELIO
1099 480 1458 531 COENIPETA.*

262 591 353 635 Nn.
374 592 632 634 intentatum
657 588 817 645 Selius,
838 587 898 633 nil
923 587 1077 649 linquit
1101 587 1300 631 inausum
1314 622 1325 643 ‚

331 661 605 706 Coenandum
636 662 804 722 quoties
824 659 913 721 jam
939 658 1057 703 videt
1081 674 1172 702 esse
1198 657 1329 702 domi.

261 734 410 776 Currit
434 732 489 776 ad
518 734 744 793 Europen3
773 740 817 775 et
841 740 907 786 te,
930 728 1129 785 Pauline,
1153 738 1338 789 tuosque

330 803 503 848 Laudat
530 801 773 858 Achilleos,
800 801 873 846 sed
904 801 993 845 sine
1020 799 1129 853 fine,
1152 798 1297 860 pedes.

259 874 303 918 Si
332 873 438 918 nihil
463 876 639 935 Europe
671 873 794 929 fecit,
824 882 916 916 tum
949 873 1082 932 Septa
1113 879 1342 932 petuntur,

329 946 372 989 Si
397 945 501 1006 quid
524 943 780 1005 Phillyrides
805 952 1000 1004 praestet,
1026 952 1069 986 et
1092 940 1330 986 AEsonides.

257 1016 371 1061 Hinc
392 1032 564 1077 quoque
585 1015 792 1076 deceptus
817 1013 1102 1075 Memphitica
1125 1010 1287 1073 templa
1312 1011 1577 1073 frequentat,

239 1124 294 1162 *In
309 1130 426 1164 Selium
439 1131 565 1164 lemma
578 1139 627 1164 est
638 1129 673 1162 in
686 1127 764 1162 edd.
775 1136 859 1162 vett.

186 1204 237 1208 —
254 1183 386 1216 Selium
409 1184 615 1229 coenipetam
640 1182 683 1216 de
701 1195 771 1228 quo
788 1183 859 1228 jam

185 1237 335 1277 mentio,
354 1250 430 1283 sup.
449 1238 557 1283 epigr.
574 1249 610 1270 x1
624 1262 632 1278 ,
651 1236 781 1269 iterum
799 1234 859 1268 de-

184 1287 297 1330 ridet,
326 1290 362 1323 in
394 1288 589 1336 quaerendis
618 1289 859 1323 vocationibus

185 1350 224 1374 ut
256 1341 389 1376 sodales
419 1343 547 1376 Catulli
577 1337 721 1385 (Catul.
747 1341 857 1387 epigr.

183 1394 321 1435 xrvn1)
351 1395 536 1442 diligenter
564 1403 799 1441 occupatum3
825 1402 859 1427 et

184 1448 375 1482 celebriora
400 1449 495 1483 urhis
515 1450 592 1482 loca
616 1456 691 1482 toto
720 1447 777 1481 die
802 1447 856 1481 lu-

182 1509 371 1544 strantem,
396 1503 424 1536 si
449 1503 541 1536 forte
569 1503 606 1536 in
635 1501 785 1535 maximo
806 1501 855 1533 ci-

183 1554 280 1587 vium
310 1567 485 1590 concursu
513 1555 775 1590 convivatorem
802 1553 856 1587 in-

183 1607 311 1641 veniat.
334 1609 400 1642 En.

238 1660 272 1694 3.
297 1661 408 1695 Currit
422 1662 468 1694 ad
478 1662 638 1707 Europen.
659 1660 796 1695 Scilicet
813 1659 855 1693 ad

182 1725 346 1759 campum
361 1714 527 1748 Martium
541 1730 549 1756 ς
566 1715 601 1748 in
616 1727 685 1760 quo
698 1714 856 1760 porticus

181 1766 345 1810 plurimae
376 1768 522 1812 picturis
551 1767 701 1813 insignes
724 1791 732 1803 ‚
765 1767 858 1799 inter

184 1831 267 1864 quas
284 1829 356 1854 erat
378 1834 446 1853 una
460 1846 469 1862 ‚
489 1821 630 1865 Europe
642 1819 733 1853 dicta
746 1845 756 1860 ‚
776 1819 857 1864 quia

184 1872 358 1907 visebatur
389 1874 426 1906 in
455 1886 494 1906 ea
518 1874 630 1918 imago
655 1873 812 1918 Europes
839 1885 857 1904 a

182 1925 270 1959 Jove
300 1926 336 1959 in
368 1936 509 1960 taurum
538 1938 709 1960 converso
737 1933 855 1970 raptae.

183 1977 326 2021 Strabo,
343 1979 406 2013 lib.
426 1981 458 2012 V
474 1991 482 2013 :
502 1980 640 2014 Πλησὶεν
659 1975 693 2011 δ’
713 1978 781 2011 ἐστὶ
801 1982 856 2011 τοῦ

184 2029 297 2065 πεδίου
325 2034 437 2065 τούτου
465 2032 520 2066 καὶ
549 2032 623 2065 ἄλλο
642 2028 776 2072 πεδίον,
803 2030 858 2063 καὶ

184 2084 278 2117 στοαὶ
298 2086 399 2131 κύκλῳ
421 2087 645 2130 παμπληθεῖς,
670 2084 724 2117 καὶ
754 2085 854 2119 ἄλση,

185 2140 239 2171 καὶ
254 2139 373 2184 θέατρα,
392 2141 465 2182 τρία
478 2162 487 2178 ,
508 2152 536 2170 κ.
560 2151 590 2170 τ.
609 2143 638 2169 λ.
658 2138 762 2182 Prope
777 2137 858 2169 hunc

184 2203 324 2235 campum
341 2192 366 2228 Γ
368 2191 521 2224 Martium
542 2190 669 2235 nempe)
686 2217 693 2229 ,
713 2191 794 2223 alius
812 2197 859 2222 est

185 2256 329 2288 campus,
347 2246 547 2289 porticusque
568 2246 765 2276 circumcirca
783 2257 856 2288 per—

185 2297 290 2329 multae
305 2323 313 2336 ,
340 2305 402 2329 tum
424 2298 501 2338 luci,
525 2296 645 2328 theatra
675 2299 735 2328 tria
750 2323 759 2336 ,
791 2304 856 2329 etc.

184 2370 236 2376 —
253 2350 298 2382 Te
313 2350 462 2390 Pauline,
480 2358 643 2396 tuosque...
658 2357 721 2382 etc.
742 2349 857 2381 Pauli-

183 2414 248 2436 nus
262 2428 271 2444 ,
285 2411 323 2436 ut
339 2403 453 2436 caeteri
472 2402 636 2443 Romani,
655 2398 750 2447 (lege
767 2401 857 2434 Stra-

183 2455 313 2489 bonem
327 2456 404 2489 loco
420 2449 564 2497 citato),
581 2454 617 2487 in
629 2467 751 2500 campo
765 2454 857 2487 Mar-

184 2508 233 2541 tio
265 2521 368 2542 cursu
401 2521 436 2542 se
470 2507 651 2542 exercebat
690 2515 723 2540 et
753 2507 852 2540 saltu.

183 2560 277 2595 Huic
288 2562 393 2607 igitur
409 2561 555 2595 Paulino
569 2586 579 2602 ,
600 2569 638 2594 ut
652 2561 694 2593 ab
708 2572 750 2593 eo
764 2560 854 2592 invi-

183 2622 275 2649 tetur
288 2614 330 2648 ad
348 2627 479 2648 coenam
498 2641 506 2655 ,
520 2612 679 2647 adulatur
696 2613 770 2647 sine
782 2613 852 2646 fine

184 2664 294 2702 Selius
307 2693 316 2708 ‚
328 2680 406 2702 eum
416 2681 434 2702 a
446 2666 574 2713 pedum
592 2666 764 2700 celeritate
781 2667 852 2700 lau-

920 1126 1058 1169 dando,
1072 1127 1269 1174 Achillique
1285 1126 1509 1162 conferendo.
1527 1129 1595 1162 Ei).

974 1181 1006 1215 5.
1038 1180 1075 1214 Si
1106 1182 1189 1214 nihil
1218 1182 1358 1226 Europe.
1389 1180 1424 1214 Si
1455 1182 1591 1214 nullum

916 1234 990 1268 illic
1021 1234 1171 1280 reperiat
1199 1247 1216 1267 a
1242 1247 1310 1280 quo
1340 1234 1531 1275 invitetur,
1557 1248 1591 1268 se

917 1287 1054 1321 confert
1084 1286 1127 1320 ad
1149 1287 1264 1333 Septa.
1292 1309 1344 1313 —-
1371 1287 1479 1333 Septa.
1508 1288 1591 1322 Erat

916 1353 995 1386 pars
1013 1341 1127 1386 campi
1143 1340 1279 1380 Martii,
1298 1339 1444 1374 sudibus
1462 1349 1496 1374 et
1510 1353 1590 1375 can-

916 1394 1011 1427 cellis
1054 1394 1189 1427 inclusa
1232 1393 1342 1427 instar
1386 1394 1565 1428 caularum
1581 1420 1590 1435 ,

915 1459 1019 1492 quam
1041 1447 1086 1480 ob
1111 1459 1247 1480 causam
1273 1446 1381 1480 Ovilia
1407 1447 1470 1480 iste
1493 1448 1589 1481 locus

914 1501 1019 1533 etiam
1045 1500 1283 1545 appellabatur
1304 1496 1398 1539 (vid.
1419 1501 1440 1533 J
1443 1513 1500 1534 uv.
1518 1500 1587 1534 Sat.

915 1554 987 1594 VI,
1009 1565 1043 1586 v.
1073 1552 1144 1587 528
1159 1551 1183 1593 ).
1210 1553 1253 1585 In
1281 1564 1322 1585 eo
1343 1552 1590 1588 includebatur

913 1606 1068 1640 centuria
1085 1607 1249 1652 quaelibet
1263 1614 1323 1639 aut
1338 1606 1450 1640 tribus
1466 1608 1587 1652 populi

912 1659 1070 1700 romani,
1091 1672 1201 1705 quum
1218 1658 1386 1693 darentur
1406 1660 1589 1705 suffragia,

913 1721 952 1746 ut
994 1713 1164 1746 tumultus
1205 1712 1387 1745 vitaretur.
1428 1713 1589 1747 Comitiis

913 1778 996 1799 vero
1027 1765 1146 1798 solutis
1170 1765 1390 1811 occupabant
1414 1766 1509 1799 hunc
1536 1766 1588 1799 lo-

913 1831 992 1851 cum
1015 1826 1242 1859 mercatores,
1266 1817 1353 1852 adeo
1374 1827 1413 1852 ut
1434 1819 1483 1851 ibi
1503 1831 1585 1864 pro-

912 1880 991 1915 pter
1025 1880 1212 1916 perpetuas
1249 1871 1347 1916 quasi
1384 1871 1563 1906 nundinas
1578 1899 1586 1913 ,

913 1924 1036 1969 ingens
1053 1932 1141 1957 esset
1158 1923 1342 1956 hominum
1355 1924 1548 1959 celebritas.

969 1979 1002 2009 6.
1022 1976 1090 2009 Alii
1113 1976 1317 2022 Plrrllirides.
1335 1976 1389 2010 Sic
1405 1977 1482 2021 quid
1494 1978 1587 2011 Phil-

915 2029 1031 2074 hvides
1065 2028 1143 2061 Ald.
1182 2029 1278 2062 Juni.
1319 2037 1353 2062 et
1388 2030 1503 2064 Colin.
1535 2051 1586 2058 —n

913 2081 1120 2127 ΡΙιίίζγνίιίες.
1141 2080 1276 2115 Chiron
1302 2081 1442 2115 scilicet.
1471 2084 1586 2129 Prope

914 2135 1017 2181 Septa
1061 2135 1230 2180 templum
1270 2142 1343 2168 erat
1390 2136 1550 2180 Neptuni
1577 2163 1586 2178 ‚

910 2190 1077 2234 juxtaque
1103 2187 1340 2233 pulcherrima
1366 2189 1522 2234 porticus
1550 2190 1586 2223 in

914 2254 981 2287 qua
995 2243 1273 2287 Argonautarum
1295 2241 1410 2274 fabula
1427 2242 1516 2275 miro
1533 2255 1586 2276 ar·

912 2295 1022 2328 tificio
1053 2303 1125 2327 erat
1153 2292 1323 2338 depicta:
1354 2294 1444 2327 inter
1478 2296 1586 2341 Argo-

912 2357 1033 2381 nautas
1049 2359 1132 2380 vero
1148 2347 1214 2380 fuit
1233 2347 1367 2380 Chiron
1382 2347 1536 2393 Neptuni
1554 2358 1587 2382 et

912 2401 1079 2445 Phillyrae
1097 2400 1190 2433 filius
1201 2425 1210 2441 ,
1230 2408 1263 2433 et
1279 2400 1383 2433 Jason
1400 2401 1443 2434 ab
1458 2403 1586 2435 AEsone

912 2461 1112 2499 procreatus
1121 2479 1130 2494 ‚
1142 2451 1239 2486 unde
1247 2452 1432 2487 AEsonides
1442 2453 1585 2488 dicitur.

911 2507 964 2540 De
990 2506 1043 2539 his
1065 2505 1212 2551 picturis
1238 2505 1313 2539 fuse
1340 2507 1408 2552 agit
1431 2508 1586 2549 Plinius,

909 2559 971 2592 lib.
994 2559 1144 2600 XXXV,
1166 2571 1240 2604 cap.
1269 2571 1323 2592 10.

966 2625 1000 2656 7.
1010 2612 1224 2658 Memphitica.
1236 2611 1312 2645 Hoc
1324 2621 1390 2655 est,
1403 2615 1581 2661 AEgyptia:

912 2664 1087 2711 Memphis
1106 2666 1188 2699 urbs
1208 2666 1353 2711 AEgypti
1377 2667 1564 2702 clarissima
1578 2696 1586 2706 ,

1300 2727 1382 2784 123
