2061 3288
5 3135 7 3150 r„
5 3114 7 3128 ,.
0 2807 7 3108 Μ“,’--,,Ῐᾼ

464 230 1051 276 EPIGRAMMATUM
1091 230 1215 272 LIB.
1256 229 1319 271 ΙΙ.
1510 224 1599 270 261

777 384 1017 442 XCIII.

681 541 752 568 AD
796 519 1117 569 REGULUM*

262 666 448 709 Pmmus
473 665 548 708 ubi
571 675 655 720 est,
681 665 842 725 inquis,
866 679 1001 725 quum
1026 663 1080 706 sit
1106 662 1215 706 liber
1238 663 1318 706 iste
1342 660 1587 706 secundus?

333 735 452 793 Quid
479 735 632 779 faciam
650 771 661 792 ,
685 736 718 779 si
747 734 844 796 plus
872 733 942 778 ille
968 732 1149 795 pudoris
1175 731 1340 777 habet?

262 807 330 850 Tu
353 816 500 851 tamen
530 807 649 852 hunc
680 805 773 850 fieri
804 808 837 851 si
867 807 1027 860 mavis,
1055 803 1247 866 Regulo,
1274 805 1465 865 primum
1488 821 1497 846 :

333 879 484 922 Unum
513 877 567 922 de
592 876 719 922 titulo
746 876 897 921 tollere
927 878 1014 920 iota
1040 885 1175 937 potes.

246 1011 324 1050 *De
340 1018 463 1063 Regulo
483 1016 624 1052 vidend.
643 1019 754 1064 epigr.
769 1031 875 1051 anv

195 1083 300 1116 supra
313 1097 322 1112 ,
337 1079 370 1104 et
383 1072 443 1106 lib.
457 1074 473 1105 I
484 1098 493 1110 ,
509 1071 617 1117 epigr.
629 1084 699 1105 xn1
712 1097 721 1113 ,
737 1084 873 1105 Lxxxlu

196 1132 230 1158 et
248 1137 333 1158 cxu.

250 1195 302 1199 --
326 1178 431 1212 Nulla
462 1177 609 1211 varietas
636 1186 685 1210 est
708 1179 744 1211 in
773 1179 877 1224 hujus

199 1231 306 1277 epigr.
327 1231 489 1265 lectione.

256 1297 288 1317 Ι.
311 1285 435 1317 Primus
455 1285 518 1318 ubi.
544 1286 588 1317 In
612 1285 724 1318 lucem
745 1283 877 1330 prodiit

198 1337 376 1370 secundus
415 1337 472 1370 hic
504 1337 616 1378 liber,
654 1337 773 1382 primo
805 1350 878 1370 non

199 1389 312 1432 edito,
326 1391 415 1424 forte
426 1390 507 1436 quia
522 1391 658 1424 cautior
672 1390 741 1423 fuit
750 1390 875 1429 Poeta,

200 1442 312 1477 donec
339 1444 532 1490 legentium
558 1443 690 1489 judicia
718 1442 877 1485 audiret3

200 1497 257 1529 vel
275 1497 365 1530 forte
380 1497 462 1543 quia
482 1497 518 1530 in
533 1497 649 1543 primo
665 1497 756 1530 libro
770 1498 878 1530 multa

202 1550 387 1595 scripserat
414 1549 457 1584 ad
489 1550 628 1584 laudem
655 1550 749 1591 Titi,
778 1553 879 1596 cujus

202 1611 317 1636 tamen
336 1616 466 1637 nomen
483 1617 555 1638 non
580 1602 763 1637 addiderat
778 1631 788 1646 ,
819 1602 878 1637 sed

205 1655 374 1690 Caesarem
400 1665 535 1691 tantum
554 1656 709 1699 dixerat,
736 1670 812 1703 quae
837 1658 879 1690 li-

935 1018 1061 1052 benter
1070 1017 1203 1050 laturus
1214 1029 1290 1050 non
1302 1015 1614 1056 eratDomitianus,

937 1071 997 1117 qui
1014 1070 1086 1104 Titi
1103 1070 1218 1103 fratris
1233 1078 1266 1103 et
1283 1069 1393 1115 patris
1408 1068 1614 1114 Vespasiani

935 1123 1057 1157 laudes
1079 1124 1259 1169 arrogabat
1275 1123 1354 1156 sibi.

991 1191 1024 1211 2.
1055 1177 1147 1220 Ouid
1164 1178 1287 1219 sariam
1300 1173 1319 1205 :³
1349 1176 1431 1209 Non
1461 1183 1511 1208 est
1540 1187 1616 1207 mea

902 1276 905 1279 Ι
937 1231 1057 1276 culpa,
1079 1230 1195 1276 inquit
1215 1229 1385 1263 Martialis
1402 1242 1411 1271 3
1433 1228 1522 1261 llber
1541 1228 1616 1272 pri-

937 1296 1014 1317 mus
1051 1292 1102 1317 est
1133 1282 1349 1324 modestior,
1377 1282 1437 1328 qui
1476 1281 1617 1314 eruhuit

938 1336 1069 1370 scilicet
1081 1345 1217 1370 nostras
1226 1335 1270 1369 ad
1284 1344 1317 1369 te
1326 1336 1481 1381 perferre
1494 1346 1615 1379 nugas.

993 1393 1028 1431 4.
1056 1390 1124 1423 Pro
1147 1390 1204 1430 II,
1223 1401 1319 1435 pone
1337 1389 1378 1430 I;
1403 1388 1532 1433 fietque
1552 1387 1615 1420 tihi

937 1443 1076 1489 primus
1104 1442 1204 1476 liber.
1234 1443 1276 1475 In
1310 1440 1618 1488 epigrammatibus

939 1496 1034 1529 enim
1064 1495 1153 1529 ordo
1179 1495 1328 1529 minime
1354 1492 1618 1540 respiciendus;

939 1550 1034 1583 nulla
1059 1550 1164 1583 series
1191 1557 1243 1583 est
1272 1548 1397 1582 melior
1429 1547 1618 1593 opusculo-

938 1616 1033 1645 rum,
1044 1615 1195 1648 quorum
1211 1602 1456 1648 unusquisque
1468 1601 1533 1634 sihi
1551 1601 1621 1633 suf-

940 1656 1026 1690 ficit.
1051 1657 1118 1690 Et).

1349 2760 1403 2804 17
