2061 3288
446 202 538 245 DE
576 201 846 244 METRIS
884 197 1297 243 MARTlALlS.
1516 210 1583 238 xci

208 320 241 361 l.
284 317 455 377 Quibus
484 321 679 362 menteris
706 331 792 360 succ
821 318 1049 378 scripserit
1077 314 1313 358 Martialis
1325 348 1337 367 ,
1368 322 1411 355 ec
1440 327 1555 372 quos

647 403 805 433 versus
830 388 1123 449 coaptaverit.

242 510 419 570 Septem
456 524 663 552 versuum
703 523 864 569 genera
900 506 1129 568 usurpavit
1161 502 1398 548 Martialis:
1432 502 1591 546 horum

172 588 317 623 autem
353 588 442 623 tres
480 595 653 640 semper
689 576 956 623 monocolon
978 576 989 591 ¹
1016 593 1127 638 opus
1163 574 1386 629 efficiunt,
1411 583 1499 617 tres
1534 574 1593 617 ita

229 713 263 734 1.
287 701 470 734 Monocolos
499 701 553 734 vel
584 702 765 735 monocolon
793 694 961 744 (subaud.
984 699 1037 733 vel
1054 701 1159 745 poesis
1184 698 1239 732 vel
1256 692 1390 744 poema)
1414 696 1450 730 id
1473 697 1593 743 appel-

171 754 261 787 latur
284 754 412 799 poetici
435 754 553 800 operis
577 767 704 800 genus,
729 767 800 800 quo
821 766 912 795 una,
937 762 972 788 et
993 751 1114 786 eadem
1133 760 1322 798 perpetua,
1336 764 1456 785 versus
1480 751 1593 784 forma

172 806 388 850 admittitur,
413 816 453 842 ut
485 808 522 841 in
550 808 700 842 heroicis
723 807 970 849 Carminibus,
1003 814 1044 839 ut
1068 806 1105 839 in
1129 806 1401 839 Horatianarum
1433 803 1593 838 Odarum

173 860 285 905 prima
301 872 309 894 :
341 861 539 895 «Maecenas
563 861 671 895 atavis
696 860 791 895 edite
819 861 981 906 regibus,
1000 868 1106 901 etc.»,
1125 859 1179 893 vel
1205 859 1241 892 in
1259 859 1327 893 hoc
1346 858 1596 904 epigrammate

171 914 359 948 Martialis:
382 915 473 947 «Issa
490 922 539 948 est
556 927 692 961 passere
708 915 859 960 nequior
877 914 1020 954 Catulli,
1039 921 1125 947 etc.»
1142 913 1275 946 Dicolos
1289 925 1373 946 vero
1393 920 1451 945 aut
1467 911 1594 944 dicolon

173 965 209 1000 id
222 967 412 1012 significat,
426 980 499 1013 quo
515 966 644 1013 duplex
662 980 828 1001 versuum
845 980 953 1013 genus
972 967 1139 1001 miscetur
1157 975 1192 1000 et
1207 966 1404 1000 alternatim
1424 964 1535 1005 redit,
1555 971 1594 997 ut

174 1020 210 1052 in
235 1020 349 1054 Flacci
375 1021 540 1054 omnibus
563 1022 637 1055 fere
660 1020 815 1067 Epodis..
841 1028 878 1054 ut
906 1021 942 1054 in
967 1021 1022 1054 his
1045 1033 1123 1066 quae
1150 1020 1330 1066 Elegiacos
1356 1032 1476 1053 versus
1493 1045 1503 1058 ‚
1531 1025 1592 1050 aut

172 1074 334 1107 breviore
352 1075 494 1108 nomine
514 1075 639 1120 Elegos
656 1083 799 1117 vocant;
819 1075 960 1108 Tricolos
978 1082 1037 1107 aut
1055 1074 1204 1107 Tricolon
1216 1100 1225 1114 ,
1247 1086 1356 1119 quum
1378 1072 1506 1118 triplex
1520 1083 1597 1104 ver-

173 1139 274 1160 suum
285 1139 410 1172 genus3
430 1128 611 1161 Tetracolos
620 1136 680 1162 aut
696 1128 897 1169 Tetrac0l0n‚
909 1141 1015 1172 quum
1027 1126 1259 1174 quadruplex,
1269 1135 1333 1159 etc.
1350 1126 1460 1159 Porro
1472 1133 1599 1158 notan-

171 1178 258 1212 dum
300 1180 336 1213 in
363 1181 554 1225 lyricorum
587 1182 753 1228 principe
779 1181 928 1214 Horatio
940 1208 948 1223 ,
978 1193 1161 1226 nunquam
1194 1180 1273 1226 plus
1304 1192 1408 1225 quam
1421 1178 1591 1212 Tricolon

173 1232 343 1273 inveniri;
359 1243 392 1267 at
408 1234 445 1267 in
463 1234 638 1276 Pindaro,
666 1242 699 1268 et
713 1235 868 1280 Tragicis
887 1234 1018 1267 Graecis
1038 1234 1224 1280 saepissime
1245 1233 1442 1267 Octocolon
1455 1258 1464 1273 ,
1482 1233 1593 1264 Deca-

171 1285 294 1327 colon‚
311 1286 500 1332 aliquando
522 1286 870 1321 Pentecaedecacolon
882 1312 892 1328 ,
915 1286 1208 1321 Eccaedecacolon
1220 1313 1228 1329 ,
1249 1285 1594 1331 Eptacaedecacolon.

172 1338 345 1372 Caeterum
368 1352 413 1372 ne
439 1340 499 1374 has
520 1353 623 1374 voces
644 1341 676 1374 T
674 1341 806 1380 ricolos,
827 1341 1008 1373 Ten-aeolos
1024 1367 1033 1381 ‚
1057 1352 1138 1373 cum
1160 1340 1214 1373 his
1233 1341 1264 1373 T
1263 1340 1433 1385 ristropltos
1447 1364 1455 1378 ,
1479 1339 1592 1370 Tetra-

171 1392 333 1436 stropleos,
359 1392 498 1426 easdem
525 1402 628 1439 putes
652 1406 660 1426 :
695 1394 894 1438 Tristroplios
919 1403 978 1427 aut
1003 1393 1243 1438 Tetrastropltos
1269 1393 1437 1438 strophen
1460 1390 1595 1424 indicat

172 1457 252 1489 quae
271 1453 340 1479 tres
358 1454 419 1480 aut
438 1455 590 1492 quatuor
610 1460 730 1481 versus
746 1447 872 1489 habet3
893 1448 1018 1480 tricolus
1035 1455 1097 1480 aut
1117 1447 1282 1479 tetracolos
1298 1459 1377 1492 quae
1393 1446 1518 1490 triplex
1533 1453 1592 1477 aut

172 1497 391 1545 quadruplex
404 1512 568 1534 versuum
581 1512 701 1546 genus.
714 1500 782 1542 Sic,
792 1513 827 1534 v.
841 1514 873 1546 g.
886 1499 922 1534 id
933 1500 1084 1542 Horatii,
1095 1500 1155 1534 lib.
1169 1501 1218 1542 II,
1229 1499 1298 1534 Od.
1310 1512 1383 1541 xlv,
1398 1511 1435 1533 21
1448 1506 1481 1531 et
1493 1510 1589 1544 seqq.

526 1582 678 1615 Linquenda
690 1580 763 1606 tellus
772 1600 778 1611 ‚
793 1588 818 1606 et
830 1582 921 1606 domus
933 1601 938 1611 ‚
958 1588 983 1606 et
998 1581 1102 1616 placens

524 1625 613 1656 [ἵκοι-ς
631 1635 678 1651 nec
694 1625 786 1651 harum
803 1635 867 1660 quas
887 1626 949 1651 colis
964 1627 1087 1652 arborum

578 1670 615 1694 Te
625 1689 631 1699 ‚
645 1677 739 1703 praeter
750 1671 846 1695 invisas
860 1680 996 1713 cupressus
1008 1689 1016 1700 ,

610 1713 670 1738 Ulla
682 1714 787 1739 brevem
801 1715 934 1739 dominum
950 1721 1082 1748 sequetur.

173 1790 433 1836 tetrastrophon
453 1799 504 1824 est
523 1787 626 1830 (nam
644 1799 795 1837 quatuor
815 1804 934 1825 versus
957 1792 993 1825 in
1015 1800 1087 1825 tota
1108 1791 1252 1837 strophe
1273 1784 1535 1833 continentur),
1555 1798 1589 1823 at

173 1843 323 1875 tricolon
343 1840 438 1882 (nam
460 1852 529 1878 tres
549 1853 684 1877 tantum
701 1857 868 1878 versuum
886 1845 1017 1891 species
1042 1845 1098 1878 hic
1120 1852 1335 1885 occurrunt,
1354 1856 1461 1889 quum
1486 1843 1589 1888 primi

173 1894 246 1928 duo
265 1895 428 1931 eumdem
447 1897 658 1942 rhythmum
681 1892 869 1942 habeant).

226 1949 264 1981 In
288 1949 352 1983 hac
374 1963 456 1984 vero
479 1951 612 1984 Gallica
632 1951 850 1993 imitatione,

524 2034 573 2058 Des
584 2033 665 2058 beaux
676 2034 764 2058 arbi-es
777 2034 821 2067 qui
837 2034 918 2058 m'ont
931 2043 964 2058 vu
978 2035 1060 2058 naitre

523 2079 570 2102 Les
585 2077 675 2112 cypres
691 2078 797 2102 doivent
809 2078 876 2102 seuls
889 2087 923 2101 uu
934 2078 995 2111 jour
1004 2096 1011 2105 ‚

525 2122 647 2146 Derniers
660 2131 835 2155 compagnons
852 2122 882 2145 de
896 2121 952 2146 leur
967 2122 1056 2146 xuaitre
1070 2140 1075 2149 ,

521 2165 567 2190 Me
583 2167 669 2190 suivre
682 2175 714 2190 en
730 2175 790 2191 mou
806 2166 911 2190 dernier
924 2166 1022 2198 se'jouiu

524 2209 592 2234 Mais
603 2220 653 2244 que
665 2209 764 2244 pai-sois
772 2209 796 2234 la
815 2210 890 2243 vigne
903 2218 996 2234 encore

523 2253 573 2277 Sur
584 2263 629 2278 nos
641 2254 724 2279 fronzs
736 2263 785 2288 que
796 2263 842 2278 son
852 2255 894 2287 jus
905 2253 992 2278 colore

522 2296 628 2322 Com-be
640 2307 680 2322 ses
691 2298 807 2322 fon-tunes
819 2298 946 2322 berceaux
957 2316 963 2327 ‚

525 2342 609 2365 Avant
623 2350 672 2374 que
685 2341 709 2365 le
720 2341 810 2375 cypris
821 2341 896 2366 fidkle

522 2384 629 2409 Balance
641 2394 688 2409 son
702 2385 792 2410 umbre
806 2384 927 2409 e'ternelle

521 2427 572 2452 Sur
582 2428 605 2452 le
617 2429 719 2453 marbre
732 2429 763 2452 de
775 2438 822 2453 nos
832 2429 976 2453 tombeaux.

731 2481 851 2506 cisum.
872 2483 1042 2506 nummus.
1057 2482 1109 2505 Ode
1121 2481 1136 2505 ἁ
1151 2491 1198 2506 mes
1212 2491 1271 2505 amu
1285 2501 1290 2509 ,
1303 2488 1340 2505 vic

168 2556 335 2601 strophen
355 2556 459 2590 habes
476 2556 738 2603 decastrophon
758 2552 902 2600 (decem
920 2557 1050 2591 scilicet
1070 2558 1226 2591 versibus
1247 2553 1493 2600 constantem)
1516 2571 1585 2589 mo-

167 2609 318 2642 nocolon
337 2606 395 2647 (in
418 2622 484 2655 qua
505 2623 630 2656 nempe
650 2610 768 2645 decem
790 2611 968 2645 versiculis
988 2610 1094 2644 iidem
1116 2612 1296 2657 rhythmi,
1316 2609 1422 2643 iidem
1450 2611 1584 2644 numeri

165 2670 336 2707 prepetun
355 2664 563 2696 conveniant
575 2658 601 2706 J.
