2061 3288
564 208 654 251 DE
693 205 1188 250 SPECTACULIS.

1519 204 1574 249 31

307 300 426 342 Dum
454 294 624 340 facilem
651 292 743 339 tolli
765 295 827 338 sic
847 292 1077 354 elephanta
1100 301 1236 353 putat.

308 415 522 474 Εὐμαρέως
549 411 667 473 αἴρειν
698 406 771 467 (ᾖδ’
802 412 1000 471 ἐλέφαντα
1030 404 1176 453 δοκῶν.

168 553 301 599 potitus
314 559 364 586 est
375 559 524 585 cornuto
537 549 661 584 ardore
671 576 679 591 ‚
693 550 760 582 hoc
775 558 841 591 est,

168 618 342 640 cornuum
361 616 503 639 suorum
528 603 748 637 vehementia
772 603 845 648 ipsa

169 660 281 692 victus
301 667 362 692 est.
383 658 487 690 Hunc
511 655 679 702 loquendi
699 655 846 689 modum

168 712 350 757 usurpavit
359 711 502 744 Plautus
510 710 546 743 in
557 710 730 755 Captivis,
738 717 801 742 act.
810 710 827 741 I
836 735 845 750 ,

169 777 261 798 scen.
281 778 298 797 2
318 776 327 798 ε
346 779 358 791 «
373 765 559 809 Postquam
573 772 678 796 natus
694 771 774 796 tuus
786 775 846 808 po-

170 818 255 851 titus
269 826 319 851 est
333 817 488 850 hostium
508 834 521 845 n
539 826 548 856 3
570 815 847 861 subintelligitur

170 873 298 917 imperio
311 898 318 911 ‚
338 879 372 904 et
388 870 523 916 passive
537 870 686 903 sumitur
697 895 706 907 ..
726 868 762 902 id
776 876 844 911 est,

170 924 212 956 ab
232 924 390 957 hostibus
408 924 534 957 victus.
558 923 627 955 Alii
655 923 775 968 legunt
789 935 847 967 pe-

171 979 246 1009 titus
265 985 298 1009 et
316 977 517 1022 intelligunt
537 984 677 1009 taurum
698 975 848 1021 petitum

170 1030 221 1063 ira
245 1041 412 1069 cornuta,
443 1029 479 1063 id
508 1038 558 1063 est
587 1029 752 1062 cornibus
772 1028 849 1062 irati

170 1083 372 1129 elephanti,
394 1095 454 1116 seu
474 1082 639 1116 dentibus
660 1094 747 1128 quas
771 1094 849 1114 cor·

171 1148 239 1169 nua
248 1145 360 1175 vocat,
374 1145 411 1170 ut
421 1137 482 1169 lib.
493 1137 522 1172 Ι,
531 1136 641 1182 epigr.
654 1147 780 1169 Lxxin.
791 1135 851 1168 Fa-

908 547 1054 582 tendum
1081 557 1132 581 est
1154 546 1237 581 huic
1253 548 1366 581 sensui
1388 548 1502 582 minus
1523 563 1583 583 co-

904 602 1037 635 liaerere
1052 613 1192 634 versum
1215 600 1403 643 ultimuin;
1425 603 1583 648 quamvis

905 655 1017 696 enim,
1034 654 1150 700 inquit
1171 654 1346 697 Ramires,
1368 655 1477 689 facilis
1495 666 1583 690 esset

906 708 981 741 tolli
1000 707 1162 753 elephas,
1185 716 1302 753 posset
1318 715 1457 742 taurum
1479 709 1584 743 ferire

905 770 938 795 et
959 761 1253 795 transverberare.
1280 761 1348 794 En.

960 818 994 855 4.
1018 814 1104 847 Tolli
1122 816 1180 847 sie.
1196 815 1402 859 Rutgersius
1418 815 1500 849 huic
1514 816 1586 862 epi-

907 867 1089 913 grammati
1120 868 1304 913 subjungit
1340 866 1429 901 duos
1466 881 1585 902 versus

907 921 967 966 qui
998 929 1080 954 sunt
1108 921 1144 954 in
1169 922 1239 953 fine
1264 921 1368 967 hujus
1387 922 1470 955 libri
1493 935 1501 956 :
1526 922 1586 956 Ce-

909 974 981 1007 det-e
1013 976 1147 1020 majori,
1176 976 1306 1007 wirtutis
1331 976 1426 1018 sama
1451 976 1587 1009 secunda

909 1036 955 1060 est
970 1041 981 1061 .·
1001 1028 1065 1061 Illa
1079 1029 1187 1072 gravis
1202 1028 1313 1073 palma
1328 1037 1376 1061 est
1388 1054 1396 1070 ,
1422 1042 1514 1074 quam
1536 1031 1590 1061 mi-

909 1094 968 1113 7201·
996 1081 1092 1113 hostis
1114 1081 1219 1115 lcabec.
1242 1082 1325 1123 Quo
1345 1095 1447 1115 sensu
1472 1082 1590 1116 videat

909 1135 1029 1167 lector.

806 1267 949 1322 XX.

547 1430 612 1457 DE
652 1429 771 1457 PARI
812 1428 1228 1458 GLADIATORUM.

176 1533 390 1583 Principem
419 1532 466 1569 ab
493 1532 732 1582 indulgentia
761 1532 909 1578 laudat,
935 1531 1039 1582 quod
1074 1545 1120 1568 ex
1149 1545 1217 1569 sua
1245 1532 1406 1579 familia,
1435 1547 1592 1572 munere

226 1595 451 1645 quaestorio,
479 1593 575 1630 duos
601 1593 850 1644 gladiatores,
874 1607 994 1630 unum
1020 1601 1058 1630 et
1081 1594 1244 1631 alterum
1271 1596 1417 1645 populo
1448 1598 1593 1646 petenti

229 1654 403 1702 dederit,
423 1655 620 1704 Myrinum
638 1664 676 1692 et
695 1655 965 1706 Triumphum.
984 1658 1053 1695 En.

247 1789 366 1832 DUM
388 1796 556 1847 peteret
578 1803 678 1847 pars
700 1786 794 1830 haee
812 1787 1058 1847 Myrinum,
1077 1802 1178 1848 pars
1196 1786 1268 1831 illa
1280 1789 1594 1852 Triumphum,

247 1916 478 1960 Αἰτούντων
507 1921 587 1958 τῶν
616 1916 684 1976 μὲν
716 1917 907 1975 Μύρινον,
934 1921 1014 1958 τῶν
1041 1909 1080 1957 δ’
1106 1914 1195 1958 αὖθι
1218 1914 1451 1977 Θρίαμὲον,

230 2056 374 2089 Lemma
400 2056 437 2088 in
465 2054 587 2089 codice
608 2055 745 2089 Thuan.
779 2063 829 2089 est
850 2068 857 2089 :

180 2110 232 2141 De
257 2109 387 2153 ZlIyrz'no
412 2117 443 2140 et
474 2110 505 2141 T
504 2110 659 2154 riumpleo·
692 2111 734 2145 In
759 2109 858 2142 Junt.

180 2163 363 2196 Assentitar
376 2160 508 2195 Caesari.

239 2227 270 2247 1.
288 2215 375 2246 Dum
390 2222 509 2258 peteret
524 2227 613 2259 pars.
629 2216 722 2248 Duas
732 2215 791 2248 hic
804 2215 858 2248 in·

181 2267 296 2312 tellige
322 2267 488 2300 factiones
511 2267 830 2313 Amphitheatrales
849 2293 859 2310 ,

181 2332 330 2365 quarum
348 2320 453 2353 altera
465 2321 646 2365 Myrinum
656 2347 665 2362 ,
679 2323 776 2366 cujus
790 2334 861 2354 me-

179 2373 284 2406 minit
303 2374 363 2406 lib.
384 2373 473 2414 XII,
493 2374 602 2419 epigr.
621 2385 709 2407 xXIx
723 2399 732 2416 ,
753 2374 859 2407 altera

180 2426 418 2472 Triumphum
441 2426 647 2472 gladiatores
669 2440 756 2472 quos
777 2427 860 2460 viri-

180 2479 266 2522 bus,
285 2487 357 2512 arte
373 2505 382 2521 ,
405 2489 530 2514 ornatu
549 2480 699 2525 insignes
715 2505 723 2521 ,
749 2480 860 2513 alebat

179 2532 248 2565 sibi
258 2533 424 2578 proprios
436 2533 632 2579 Imperator
642 2559 651 2573 ‚
661 2533 861 2579 postulabat

182 2584 386 2618 auctoriam
400 2587 457 2619 vel
470 2586 737 2633 supposititium
757 2587 856 2620 alteri

181 2636 376 2682 gladiatori.
395 2639 461 2673 En.
478 2662 530 2666 —
541 2640 727 2675 Suetonius
744 2640 780 2674 in
792 2640 863 2673 Do-

919 2056 1066 2089 mitiano
1082 2068 1158 2102 cap.
1174 2061 1194 2097 4
1209 2068 1216 2089 :
1240 2057 1432 2091 «Praeterea
1442 2059 1600 2100 Quaesto-

919 2109 980 2142 riis
1008 2110 1236 2149 muneribus,
1258 2123 1335 2155 quae
1359 2111 1443 2143 olim
1471 2114 1597 2148 omissa

918 2171 1144 2196 revocaverat
1159 2188 1169 2203 .‚
1189 2163 1236 2195 ita
1258 2176 1395 2209 semper
1415 2164 1576 2200 interfuit
1589 2195 1598 2210 ‚

918 2224 958 2249 ut
973 2216 1106 2261 populo
1122 2224 1329 2261 potestatem
1351 2217 1477 2251 faceret
1490 2245 1498 2260 ‚
1513 2220 1596 2254 bina

918 2270 1026 2315 paria¹
1040 2282 1058 2302 e
1079 2282 1142 2302 suo
1160 2268 1255 2313 ⁸ludo
1282 2271 1504 2315 postulandi,
1523 2285 1599 2319 quae

920 2322 1110 2355 novissima
1130 2323 1244 2355 aulico
1265 2332 1434 2369 apparatu
1452 2325 1598 2361 induce-

920 2383 984 2408 ret.
1003 2392 1016 2404 ·
1035 2376 1234 2416 Quaestores
1253 2377 1322 2409 suis
1340 2377 1506 2423 impensis
1524 2393 1602 2415 mu-

918 2440 1002 2461 nera
1021 2427 1125 2462 edere
1149 2430 1364 2474 cogebantur
1386 2443 1394 2464 :
1418 2440 1452 2465 at
1473 2433 1597 2468 Domi·

920 2481 1034 2515 tianus
1052 2494 1072 2514 e
1089 2494 1151 2515 sua
1167 2482 1299 2516 familia
1318 2482 1406 2518 duos
1426 2485 1508 2519 istos
1526 2488 1597 2533 gla-

920 2533 1072 2568 diatores
1097 2535 1250 2569 libenter
1277 2538 1471 2580 concessit,
1492 2548 1599 2587 atque

919 2595 1058 2622 extensa
1085 2596 1233 2634 utraque
1254 2602 1361 2624 manu
1383 2590 1520 2627 duabus
1546 2595 1596 2628 fa-

919 2640 1094 2676 ctionibus
1125 2640 1263 2677 diversa
1297 2645 1496 2688 petentibus
1535 2648 1596 2680 be-
