2061 3288
445 246 588 273 Lxxvi
742 231 1113 278 RECENSUS
1151 235 1571 280 EDITIONUM

522 317 663 362 1612.
703 321 885 364 Goslar.
930 338 1002 366 12.

522 388 666 434 1613.
707 392 862 436 Colon.
903 392 949 437 8.

521 458 666 507 1615.
698 462 946 518 Γανηαῶῖὶ,
987 480 1025 520 1,
1059 465 1201 508 Lond.
1236 466 1279 510 8.
1313 482 1349 509 c.
1386 466 1600 509 n.Thom.
1635 468 1836 511 Farnabii
1858 503 1870 522 ‚

441 531 516 591 qui
547 530 712 592 aliquot
741 535 868 578 MSS.
901 551 1004 578 usus
1028 545 1092 579 est
1117 535 1172 579 ad
1199 545 1365 580 textum
1394 536 1704 597 corrigendum
1736 547 1780 582 et
1799 556 1869 582 su—

441 602 665 662 periorum
692 605 962 665 optimorum
988 607 1116 650 notis.

522 672 662 735 1617.
688 677 831 719 Lucet.
860 679 1011 720 Paris.
1040 676 1112 721 fol.
1137 679 1195 721 M.
1212 679 1254 721 V
1257 677 1308 721 al.
1336 677 1548 722 Martialis
1566 679 1867 740 Epigramma·

441 752 534 786 tuln
566 743 665 788 libri
704 762 790 801 XV,
835 763 934 791 cum
981 749 1205 792 variorum
1245 748 1479 792 doctorum
1519 751 1871 807 commentariis,

441 815 578 871 notis,
600 816 1002 875 observationibus,
1021 820 1422 874 emendationibus,
1442 829 1484 863 et
1505 820 1870 881 paraphrasibus‚

443 902 578 928 unum
602 887 643 930 in
668 905 829 949 corpus
854 906 1016 950 magno
1043 891 1188 934 studio
1215 891 1437 951 conjectis.
1466 892 1580 935 Cum
1609 891 1752 936 indice
1773 909 1870 936 om-

439 956 562 1000 nium
582 958 818 1003 verborum
837 961 1018 1021 Josephi
1041 963 1198 1023 Langii
1225 962 1558 1006 Caesari-Mont.
1583 957 1675 1019 (sed
1705 963 1870 1024 absque

441 1027 533 1086 ejus
563 1029 683 1089 praef.
712 1040 755 1074 et
785 1030 922 1075 dedic.
950 1048 1080 1092 quam
1113 1033 1246 1076 habet
1277 1032 1381 1076 edit.
1416 1035 1597 1093 Argent.
1641 1028 1795 1095 1595)
1828 1044 1872 1078 et

441 1097 534 1142 aliis
569 1100 784 1145 indicibus
817 1101 1181 1163 locupletissimis.
1215 1104 1400 1148 Lutetiae
1426 1104 1721 1159 Parisiorum,
1754 1104 1871 1165 apud

439 1169 702 1214 Michaelein
723 1173 936 1216 Sonnium
950 1209 960 1229 ,
987 1175 1056 1217 via
1070 1174 1271 1219 Jacobaea
1297 1174 1377 1218 sub
1400 1184 1524 1218 scuto
1545 1174 1784 1219 Basiliensi.
1804 1176 1871 1218 Ex

440 1241 552 1301 regis
584 1241 829 1304 privilegio.
862 1245 1088 1306 Praecipua
1120 1245 1213 1289 haec
1244 1245 1375 1289 editio
1404 1247 1616 1290 instructa
1651 1255 1716 1290 est
1752 1262 1870 1290 com-

440 1314 666 1356 mentariis
699 1315 895 1359 virorum
923 1315 1155 1359 doctorum
1187 1317 1387 1377 notisque
1414 1317 1597 1360 Domitii
1629 1316 1871 1371 Calderini,

441 1382 621 1444 Georgii
654 1384 836 1430 Merulae
862 1385 1169 1443 Alexandrini,
1189 1387 1412 1431 Theodori
1442 1386 1674 1431 Pulmanni
1693 1423 1704 1441 ‚
1735 1387 1870 1431 Hadr.

439 1454 556 1496 Junii
576 1490 587 1508 ‚
619 1454 789 1499 Nicolai
817 1456 1019 1517 Rigaltii,
1053 1458 1362 1519 Christophori
1384 1457 1530 1501 Coleri
1550 1493 1561 1513 ³
1592 1458 1740 1518 Steph.
1768 1457 1871 1502 Cla-

439 1525 569 1577 verii,
592 1526 693 1569 ch.
717 1526 891 1571 Morclli
907 1564 918 1583 ‚
939 1538 982 1572 et
1009 1530 1239 1572 Ramiresii
1265 1529 1318 1572 de
1342 1528 1483 1572 Prado
1505 1529 1549 1571 111
1576 1527 1734 1572 librum
1758 1530 1871 1589 Spe-

440 1595 713 1640 vtae-ulmum
729 1608 771 1641 et
789 1608 979 1659 quatuor
993 1601 1157 1660 primos
1172 1601 1553 1661 Epigrammatum
1568 1598 1701 1643 libros
1712 1635 1722 1654 ‚
1742 1609 1872 1660 atque

439 1665 648 1711 adversus
672 1668 790 1713 hunc
823 1671 1169 1714 commonitoriis
1197 1670 1369 1715 Claudii
1399 1670 1872 1714 Musambertileieo-

440 1736 534 1780 dori
562 1740 664 1782 item
695 1739 881 1784 Marcilii
911 1742 954 1784 in
989 1741 1148 1785 librum
1178 1740 1564 1802 Spectaculorum,
1593 1751 1636 1785 et
1664 1742 1707 1784 in
1738 1740 1872 1786 libros

439 1824 509 1852 XII
539 1810 808 1870 Epigrainm.
838 1812 1055 1856 Desiderii
1083 1812 1277 1857 Hcraldi.
1303 1813 1510 1856 Occurrit
1528 1829 1703 1873 quoque
1723 1813 1768 1855 in
1789 1812 1873 1855 hac.

440 1878 543 1922 edit.
560 1881 855 1942 R'Ietaplirasis
875 1885 1031 1928 Graeca
1055 1883 1315 1928 selectorum
1335 1883 1549 1927 Martialis
1567 1884 1870 1944 Epigramma-

440 1959 531 1993 tum
566 1954 809 2013 composita
837 1970 860 1997 a
891 1955 1085 2016 Josepho
1112 1955 1349 2016 Scaligero.

519 2021 660 2084 16117.
700 2024 943 2085 Lugduni,
987 2028 1030 2080 4.
1072 2027 1115 2069 111
1152 2026 1289 2070 choro
1333 2035 1563 2086 poetarum
1607 2024 1790 2068 lustrato
1829 2034 1872 2067 et

440 2090 655 2137 illustrato
695 2095 750 2138 ab
791 2095 909 2139 Alex.
950 2097 1143 2140 Ficheto.
1182 2098 1402 2158 Expuncti
1442 2113 1546 2142 vero
1580 2105 1680 2140 sunt
1719 2112 1871 2139 versus

439 2162 646 2208 obscoeni.
933 2205 937 2208 ⁴

509 2236 550 2277 S.
579 2252 614 2278 a.
643 2238 866 2296 Francos}
894 2238 936 2283 8.
961 2255 984 2282 e
1007 2255 1169 2282 reeens.
1193 2239 1289 2281 Jani
1318 2239 1512 2282 Gruteri.

520 2305 661 2350 1618.
695 2308 936 2369 Lugduni,
982 2326 1051 2353 12.
1084 2326 1135 2352 ex
1166 2309 1352 2352 Andreae
1384 2309 1524 2351 Frusii
1557 2307 1673 2352 Galli
1705 2324 1868 2350 recens.

522 2376 662 2421 1018.
693 2380 995 2441 li’olllomagi‚
1048 2397 1119 2424 12.
1153 2397 1287 2441 opera
1316 2390 1357 2424 ct
1388 2379 1534 2424 studio
1563 2378 1696 2423 Andr.
1733 2378 1872 2421 Frusii

441 2448 482 2489 S.
510 2448 545 2489 J.
