2061 3288
487 244 591 273 xcv1
774 228 863 270 DE
901 228 1165 272 METRIS
1203 229 1610 274 MARTIALIS.

486 318 530 360 in
553 315 786 377 syllabam,
808 316 882 376 qui
904 314 1038 376 vulgo
1056 315 1311 360 hexameter
1330 316 1569 371 dictitatur,
1594 318 1711 378 quod
1736 335 1809 362 sex
1828 336 1901 380 pe-

485 387 612 431 dibus
636 396 806 431 constet
822 420 832 441 ‚
850 385 919 430 vel
943 386 1146 430 heroicus
1164 422 1174 440 ‚
1195 387 1314 447 quod
1338 388 1524 432 heroum
1550 388 1664 433 facta
1689 398 1732 433 et
1754 388 1903 434 laudes

486 458 836 520 frequentissime
876 467 1037 501 narrat.
1074 458 1167 501 Nos
1200 459 1423 519 aptissimo
1458 459 1633 503 nomine
1678 469 1744 503 sat
1785 460 1902 504 desi-

488 546 673 590 gnamus
690 564 701 583 ‚
738 527 878 589 qualis
905 536 948 571 et
973 537 1161 588 quantus
1200 529 1266 572 sit.
1293 528 1468 590 Dactyli
1497 529 1795 585 dominantur,
1828 529 1903 574 secl

487 600 679 661 spondaei
697 599 988 643 admittuntur
1008 599 1051 642 in
1074 598 1256 660 pedibus
1271 609 1460 660 quatuor
1476 600 1696 661 prioribus
1710 610 1753 645 et
1766 610 1900 645 sexto.

486 671 790 715 Admittuntur
827 679 994 725 autem,
1033 670 1132 730 quia
1167 679 1213 713 ut
1254 670 1298 713 in
1337 670 1518 732 dactylis
1534 706 1545 725 ,
1582 672 1642 716 sic
1685 672 1729 715 in
1770 688 1900 733 spon-

485 741 588 786 daeis
629 739 962 803 pronuntiandis
1003 742 1212 802 temporis
1248 757 1329 802 par
1366 740 1643 786 intervalium
1682 742 1900 786 consumi-

485 823 583 869 tur3
605 829 680 874 pes
711 821 857 856 autem
884 821 1051 867 sextus,
1077 828 1213 872 quum
1250 812 1304 856 sit
1329 811 1554 873 dactylus,
1580 823 1762 857 truncus
1786 812 1900 857 idem

485 895 550 928 est
571 900 621 928 ac
639 882 878 939 trochaeus,
898 899 979 942 pro
1002 899 1088 943 quo
1109 883 1153 925 in
1175 892 1372 928 extremo
1387 899 1515 927 versu
1539 883 1769 944 spondaeus
1790 882 1901 928 bene

482 965 674 1016 ponitur.

557 1027 611 1070 At
639 1042 664 1069 a
693 1026 846 1086 quinto
877 1024 1108 1085 spondaeus
1134 1034 1401 1081 removetur,
1426 1027 1527 1086 quia
1557 1025 1599 1068 in
1629 1025 1749 1069 omni
1769 1040 1899 1068 versu

484 1096 554 1142 ille
582 1114 658 1158 pes
684 1097 758 1157 qui
783 1096 929 1139 versui
954 1112 1116 1139 nomen
1144 1096 1380 1156 imprimit,
1410 1097 1454 1139 ni
1481 1096 1544 1139 bis
1569 1105 1644 1139 aut
1672 1105 1753 1151 ter,
1782 1100 1900 1138 certe

483 1167 615 1213 semel
641 1166 822 1228 reperiri
848 1165 999 1222 dehet3
1025 1182 1112 1226 quo
1137 1176 1282 1210 autem
1309 1167 1353 1209 in
1378 1166 1475 1210 loco
1501 1166 1659 1210 clarius
1682 1165 1901 1209 videbitur

482 1256 613 1301 quam
644 1239 688 1282 in
718 1236 898 1293 ultimo,
924 1238 958 1281 si
990 1236 1265 1282 Acatalectus
1300 1252 1475 1293 versus3
1503 1238 1547 1280 in
1570 1235 1835 1298 penultimo,
1865 1236 1899 1280 si

484 1306 764 1355 Catalectus?
789 1310 931 1369 Ergo,
967 1309 1213 1352 necessario
1243 1325 1319 1369 pes
1350 1309 1526 1369 quintus
1556 1306 1753 1368 dactylus
1781 1316 1857 1351 est.

553 1380 697 1425 Multa
722 1389 868 1423 autem
893 1379 1079 1422 varietas
1104 1388 1147 1423 et
1171 1379 1214 1422 in
1239 1379 1448 1439 rhythmo
1474 1388 1517 1422 et
1541 1379 1586 1422 in
1612 1394 1796 1422 numero
1822 1375 1899 1438 syl-

532 1482 625 1516 Tum
643 1480 670 1514 si
686 1491 791 1513 unam
807 1478 977 1524 syllabam
995 1477 1143 1524 eripias:

724 1560 828 1594 Jupiter
839 1561 1004 1592 omnipotcnfl
1015 1559 1142 1592 jaculatur
1154 1560 1187 1584 ab
1204 1559 1312 1584 aetliereo

727 1603 828 1628 Limine
844 1603 983 1628 fulmineos
1001 1603 1072 1633 ignes
1083 1622 1088 1632 ,
1107 1609 1155 1627 ete.

480 1697 579 1743 prior
599 1706 718 1728 versus
736 1700 826 1726 esset
844 1692 1045 1738 Dactylicus
1066 1692 1267 1726 hexameter
1283 1693 1468 1726 catalectus
1487 1692 1521 1725 in
1538 1692 1763 1738 bisyllabum„

534 1748 648 1782 Altius
669 1754 893 1792 penetremus
913 1754 946 1779 et
972 1745 1109 1779 sublato
1130 1746 1246 1791 primo
1263 1744 1353 1791 pede
1370 1745 1622 1780 exscribamus:

725 1826 898 1859 Omnipotens
913 1824 1040 1857 jaculatur
1052 1824 1085 1849 ab
1101 1824 1196 1849 aethere
1210 1824 1318 1849 fulmina

725 1870 896 1902 Omnipotens
910 1867 1038 1901 jaculatur
1051 1868 1084 1892 ab
1099 1867 1193 1892 aethere
1204 1868 1301 1893 fulmen

724 1913 894 1945 Omnipotens
904 1911 1033 1944 jaculatur
1046 1912 1078 1936 ab
1093 1911 1216 1941 {ethere—0,
1232 1918 1280 1936 etc.

479 2017 549 2042 tres
578 2002 770 2037 versiculos
799 2000 945 2034 exarasti
975 2000 1176 2045 Dactylicos
1200 2009 1457 2046 pentametr053
1485 2009 1519 2034 at
1540 2001 1641 2046 prior
1660 2026 1669 2041 ‚
1696 2000 1894 2046 Dactylicus

481 2066 698 2107 pentameter
724 2054 954 2095 acatalectus;
974 2054 1061 2087 alter
1088 2053 1289 2100 Dactylicus
1316 2061 1534 2099 pentameter
1555 2053 1740 2087 catalectus
1760 2054 1794 2086 in
1823 2054 1894 2098 syl-

480 2115 592 2147 labam
609 2124 618 2153 3
635 2109 758 2143 tertius
780 2107 984 2152 Dactylicus
1002 2114 1222 2152 pentameter
1242 2107 1426 2140 catalectus
1446 2107 1483 2139 in
1499 2106 1721 2150 bisyllabum.

533 2167 615 2199 Haec
630 2163 730 2203 satis;
750 2173 863 2206 neque
881 2158 1074 2205 quidquam
1090 2160 1159 2204 jam
1186 2157 1424 2204 adjiciendum
1438 2185 1447 2200 ,
1470 2159 1537 2192 nisi
1554 2158 1723 2204 quosdam
1738 2172 1858 2194 versus
1874 2172 1892 2192 ο

480 2219 630 2266 pedibus
650 2226 721 2250 tam
747 2210 932 2248 contrariis
952 2220 1110 2245 constare
1125 2238 1133 2253 ‚
1155 2221 1194 2245 nt
1212 2213 1358 2245 minime
1383 2211 1565 2258 pervideas
1587 2221 1619 2246 et
1641 2212 1789 2258 assignes
1816 2214 1893 2259 quis

482 2274 518 2306 in
535 2273 588 2305 his
601 2269 823 2308 dominetur;
837 2275 921 2300 tunc
934 2278 1052 2299 versus
1062 2264 1192 2298 dicitur
1204 2273 1401 2312 asynartetus
1414 2273 1447 2298 et
1460 2265 1495 2298 in
1510 2264 1600 2299 duos
1609 2265 1692 2299 alios
1707 2265 1891 2300 scinditur.

480 2329 567 2367 Iste,
582 2323 678 2358 verbi
691 2321 800 2367 gratia
811 2345 819 2361 ‚
836 2320 894 2365 qui
915 2318 1093 2352 Alcaicam
1109 2319 1277 2363 strophen
1297 2319 1477 2359 terminat3

724 2408 886 2442 Impavidum
904 2405 996 2431 ferient
1011 2408 1090 2430 ruina²

472 2468 527 2501 vel

723 2519 816 2543 Martis
831 2519 903 2552 equis
917 2518 1061 2542 Acheronta
1075 2518 1138 2550 sugit

479 2625 697 2659 asynartetus
718 2622 784 2654 est,
805 2621 968 2647 constans
992 2622 1067 2647 tum
1088 2626 1127 2646 ex
1151 2613 1332 2659 Dactylico
1359 2611 1509 2646 dimetro
1535 2612 1730 2652 acatalecto,
1753 2619 1826 2645 tum
1848 2624 1887 2645 ex

475 2661 672 2709 Tio-chalco
687 2674 908 2702 monometro
925 2667 1100 2700 catalecto,
