2061 3288
451 202 1037 249 EPIGRAMMATUM
1078 203 1205 245 LIB.
1244 202 1331 245 IV.

1507 198 1604 255 [423

403 293 496 338 Nec
521 291 746 337 mendacia
769 292 842 353 qui
864 290 1018 353 loquar
1043 288 1238 334 libenter.

400 365 444 408 Si
475 363 583 419 dixi,
609 364 843 417 Comeine,
869 372 910 406 te
941 360 1173 416 cinaedum,

398 436 560 479 Iratam
587 434 694 478 mihi
718 434 882 478 Pontiae
905 432 1101 494 lagenam
1116 467 1126 485 ‚
1591 448 1604 471 5

400 508 568 550 Iratum
593 504 771 549 calicem
795 504 902 548 mihi
927 501 1079 547 Metili.

397 579 505 620 Juro
528 593 607 637 per
629 576 775 636 Syrios
799 575 877 619 tibi
900 584 1094 619 tumores
1109 608 1120 629 ‚

396 649 505 691 Juro
536 663 615 708 per
638 645 950 707 Berecynthios
982 645 1162 689 furores.

397 718 530 775 Quod
555 717 643 761 dixi
665 727 836 774 tamen,
861 717 946 760 hoc
976 715 1070 759 leve
1095 725 1139 758 et
1161 712 1368 776 pusillum
1397 723 1486 758 est:

398 788 532 846 Quod
557 798 711 832 notum
738 797 826 843 est,
847 786 965 848 quod
990 796 1034 830 et
1062 787 1153 847 ipse
1178 802 1267 829 non
1292 785 1492 846 negabis3

396 860 498 903 Dixi
523 870 565 903 te
581 894 593 915 ‚
619 860 855 915 Coracioe,
879 856 1193 919 cunnilingum.

185 1006 220 1031 et
247 996 317 1031 alii.
344 997 447 1032 Titus
473 998 618 1040 Livius,
643 998 705 1032 lib.
729 997 857 1032 XXV:

188 1067 203 1079 u
231 1050 383 1085 Marcius
417 1050 462 1085 ad
496 1051 684 1086 consilium
705 1077 714 1092 ‚
747 1053 861 1097 prima

183 1104 301 1148 specie
339 1105 563 1138 temerarium
606 1105 715 1151 magis
754 1117 861 1150 quam

183 1156 316 1198 audax,
345 1158 500 1191 animum
520 1157 665 1204 adjecit,
693 1165 733 1191 ut
767 1159 859 1191 ultro

181 1218 291 1244 castra
311 1210 466 1244 hostium
487 1218 719 1257 oppugnaret.
741 1228 755 1240 ι

239 1264 271 1296 5.
298 1264 399 1298 Junt.
422 1265 459 1298 in
478 1277 585 1310 marg.
611 1265 752 1297 Ponticae
771 1264 858 1308 lage-

183 1327 266 1350 nam.
287 1317 380 1350 Vide
399 1318 460 1352 lib.
484 1319 520 1351 II
532 1344 540 1358 ‚
554 1317 662 1363 epigr.
679 1329 795 1351 xxxxv.
807 1338 858 1344 —-

181 1369 301 1402 Iratam
320 1371 405 1403 milei.
423 1371 553 1416 Supple
565 1384 688 1416 precor,
706 1370 854 1410 habeam,

181 1430 242 1455 aut
251 1425 403 1468 experiar.
416 1424 679 1469 Imprecationis
694 1424 855 1458 formula.

179 1496 231 1501 —-
250 1476 387 1510 Pontice.
402 1477 577 1510 Veneficae
590 1503 599 1518 ‚
619 1489 694 1522 quae
707 1502 716 1517 ‚
737 1485 777 1509 ut
789 1477 856 1509 Ju-

179 1529 310 1562 venalis
334 1531 382 1563 ait
397 1555 406 1571 ,
429 1530 565 1564 aconita
587 1530 667 1563 filiis
693 1530 765 1563 suis
790 1529 856 1562 mi-

179 1590 324 1615 scuerat.
343 1583 421 1615 Lib.
444 1584 502 1624 11,
524 1583 634 1629 epigr.
659 1595 782 1617 xxxw.
804 1603 855 1608 —-

180 1634 340 1679 Lagenam
356 1662 365 1676 ,
443 1637 569 1669 calicem
589 1637 674 1669 mihi.
695 1637 766 1668 Vas
785 1648 855 1680 qno

178 1687 345 1721 miscetur
362 1700 548 1722 venenum.
561 1689 680 1734 Epigr.
696 1701 782 1722 max
799 1689 854 1721 in-

179 1740 248 1779 fra,
266 1753 316 1775 vs.
337 1741 376 1784 33
390 1750 423 1774 et
435 1742 496 1774 lib.
513 1742 603 1784 XII,
615 1742 724 1787 epigr.
741 1753 830 1774 xcln
843 1765 853 1781 ‚

179 1805 281 1827 versu
302 1798 337 1835 4.

233 1848 267 1881 6.
283 1848 399 1881 Metili.
413 1847 571 1881 Venefici
584 1860 592 1889 ;
607 1848 662 1880 vel
673 1847 776 1880 etiam
789 1860 854 1893 pu-

177 1898 262 1941 tidi,
282 1901 339 1934 cui
357 1901 499 1934 foetebat
513 1901 641 1934 anima.

230 1965 265 1997 7.
286 1954 366 1987 Juro
378 1968 437 1999 per
451 1954 561 2000 Syrios
582 1955 638 1992 tiln'
654 1956 794 1994 timores,
817 1953 854 1987 in

176 2005 297 2040 codice
325 2007 522 2041 Pulinanni.
549 2021 608 2053 per
639 2007 766 2053 Ssrium
797 2007 856 2040 thi

177 2071 315 2092 cruorem
338 2061 358 2093 J
363 2060 495 2094 untinae
522 2073 630 2106 marg.
658 2081 711 2087 —-
743 2060 853 2105 ‚57·rz'0s

178 2119 310 2145 tumores
325 2139 334 2153 ,
368 2114 594 2160 Berecyntlzios
607 2115 747 2157 furores.
766 2113 851 2147 Vid.

176 2164 209 2198 J.
224 2165 391 2201 seldenus
407 2166 585 2212 Syntagm.
597 2168 647 2207 Π,
662 2179 737 2212 cap.
755 2167 774 2201 3
788 2193 797 2208 ,
809 2166 853 2200 de

177 2218 252 2252 Diis
274 2219 380 2265 Syris.
408 2219 600 2253 Beroaldus
622 2222 754 2253 Annot.
774 2232 850 2265 cap.

178 2271 222 2304 25
240 2297 249 2313 ‚
279 2271 442 2317 intelligit
465 2280 618 2306 tumores
648 2281 681 2305 et
708 2273 850 2307 vibices.

176 2345 226 2350 ——
247 2324 356 2370 Syrios
378 2334 520 2358 tumores.
547 2325 776 2359 Occasionem
802 2326 850 2359 ri-

175 2375 278 2410 xandi
292 2376 390 2411 dedit
405 2378 463 2411 hic
479 2379 575 2411 locus
588 2378 849 2424 interpretibus.

174 2430 247 2474 Ego
262 2442 342 2463 curn
362 2431 498 2465 Merula
518 2431 675 2476 intelligo
695 2440 850 2465 tumores

174 2483 269 2524 illos,
289 2484 406 2517 ulcera
426 2492 459 2517 et
480 2484 623 2517 morbos
635 2485 762 2530 quibus
775 2497 850 2518 cre-

174 2534 320 2571 debatur
331 2537 416 2571 irata
430 2537 492 2570 Isis
509 2537 630 2572 inflare
644 2539 850 2584 pejerantes,

920 1010 962 1031 ex
987 1004 1105 1030 mente
1126 995 1257 1036 Persii,
1277 1003 1339 1028 sat.
1363 995 1409 1037 V,
1429 1007 1480 1028 vs,
1503 996 1596 1040 187:

925 1068 938 1081 a
959 1051 1050 1084 Hinc
1069 1048 1216 1095 grandes
1234 1049 1325 1083 Galli
1340 1056 1374 1081 et
1393 1060 1476 1082 cum
1495 1048 1597 1082 sistro

918 1104 1013 1137 lusca
1036 1102 1195 1137 sacerdos
1220 1103 1402 1135 Incussere
1429 1100 1514 1134 deos
1543 1101 1598 1134 in-

918 1156 1042 1190 flantes
1057 1168 1228 1202 corpora:
1248 1156 1276 1189 si
1293 1167 1365 1189 non
1385 1153 1598 1188 Praedictum

918 1219 972 1244 ter
999 1223 1100 1244 mane
1133 1217 1240 1254 caput
1267 1208 1457 1254 gustaveris
1488 1208 1558 1241 alli.
1579 1225 1593 1237 n

917 1263 991 1297 Nec
1009 1262 1155 1309 quidem
1169 1263 1232 1296 Isis
1246 1262 1318 1296 sola
1331 1261 1396 1295 dea
1412 1270 1503 1303 erat,
1519 1273 1597 1306 quae

917 1324 1071 1350 tumores
1098 1317 1182 1350 istos
1209 1316 1349 1349 mittere
1375 1313 1595 1349 credebatur.

916 1392 968 1397 —-
997 1369 1067 1402 Alii
1097 1378 1212 1403 tamen
1238 1376 1364 1414 putant
1392 1368 1449 1401 hic
1478 1367 1597 1401 dicere

915 1422 1114 1456 Martialem
1140 1421 1236 1468 quod
1260 1422 1409 1467 explicat
1433 1421 1595 1466 sequenti

914 1488 1036 1516 versu,
1068 1475 1105 1508 id
1134 1475 1315 1509 est2Jur0
1343 1487 1406 1520 per
1436 1483 1595 1507 tumores

914 1529 1160 1574 provenientes
1183 1542 1224 1562 ex
1242 1528 1447 1561 verberibus
1470 1527 1594 1560 vulne-

913 1583 1079 1627 ribusque
1091 1608 1099 1623 ‚
1114 1594 1191 1627 quae
1205 1582 1298 1615 Galli
1315 1581 1380 1614 sibi
1400 1579 1595 1614 sacerdotes

913 1635 1064 1668 fanatico
1091 1635 1210 1667 furore
1244 1634 1423 1679 correpti,
1447 1634 1593 1679 jubente

914 1688 1064 1733 Cybele,
1092 1687 1157 1721 dea
1178 1688 1297 1732 Syria,
1318 1688 1384 1720 sibi
1411 1686 1590 1732 infligunt.

914 1741 1030 1782 Quam
1049 1753 1124 1774 rem
1144 1741 1310 1786 graphice
1324 1740 1482 1786 depingit
1495 1742 1592 1785 Apu-

911 1793 1023 1834 leius,
1047 1794 1191 1827 Metam.
1211 1794 1272 1826 lib.
1294 1794 1396 1826 VIII.
1424 1793 1490 1826 Hic
1513 1806 1591 1826 seu-

912 1859 971 1880 sus
989 1848 1104 1880 minus
1126 1847 1213 1880 mihi
1235 1848 1358 1891 placet.
1373 1847 1440 1879 ΕΒ.

969 1901 1003 1934 8.
1032 1901 1097 1933 Per
1126 1900 1352 1944 Berecyntlzios
1372 1900 1512 1941 ficrores.
1545 1898 1590 1932 Id.

912 1961 982 1995 est,
1009 1966 1074 1999 per
1098 1954 1234 1986 furores
1262 1965 1351 1998 quos
1385 1952 1516 1996 Cybele
1543 1952 1590 1984 ita

912 2006 984 2039 suis
1006 2005 1244 2040 sacerdotibus
1264 2005 1444 2046 immittit,
1459 2014 1496 2038 ut
1516 2005 1592 2038 cul-

913 2059 975 2093 tris
989 2060 1055 2092 sibi
1067 2060 1213 2093 lacertos
1223 2085 1232 2099 ‚
1242 2068 1365 2105 pectus
1376 2066 1410 2091 et
1422 2058 1589 2091 humeros

911 2121 1120 2158 secent.·—-
1152 2113 1389 2157 Berecynthio&
1420 2111 1499 2144 Fuit
1529 2123 1589 2157 ap-

909 2166 1036 2212 pellata
1051 2165 1283 2211 Berecynthia
1299 2165 1431 2210 Cybele
1444 2173 1591 2210 propter

911 2220 1085 2264 templum
1109 2218 1206 2265 quod
1231 2219 1283 2252 illi
1306 2226 1379 2252 erat
1405 2217 1442 2251 in
1468 2225 1589 2250 monte

911 2273 1072 2318 Phrygiae
1085 2272 1321 2317 Berecyntho.
1336 2272 1403 2304 ΕΙ).

967 2338 1000 2369 9.
1019 2326 1108 2369 Quid
1120 2326 1189 2358 dixi
1203 2334 1304 2357 tamen
1319 2329 1337 2356 :³
1353 2325 1410 2356 hoc
1423 2324 1485 2356 leve
1497 2350 1505 2363 ,
1523 2331 1589 2357 etc.

909 2379 994 2424 legit
1010 2378 1293 2411 Musambertius.

969 2438 1037 2465 11.‘
1052 2432 1132 2464 Diri
1157 2439 1206 2471 te,
1238 2439 1304 2464 etc.
1325 2430 1481 2475 Negabat
1504 2442 1588 2475 pro-

910 2486 1014 2518 brum
1025 2484 1154 2526 levius,
1171 2480 1357 2530 profitetur
1374 2496 1458 2516 vero
1474 2495 1586 2516 sare-‘i‘

911 2538 994 2571 stice
1012 2536 1107 2582 quod
1125 2537 1264 2582 gravius
1282 2544 1346 2570 est.
