2061 3288
439 231 538 283 [1¹0

797 230 858 272 M.
897 230 1038 273 VAL.
1079 231 1468 276 MARTIALIS

1022 383 1272 438 XXXI.

880 539 949 567 An
989 519 1416 569 HIPPODAMUM.⁸

509 665 652 721 QUOD
675 665 800 724 cupis
825 664 869 707 in
896 665 1054 708 nostris
1077 665 1250 725 dicique
1276 665 1446 727 legique
1473 665 1650 720 libellis;

583 736 639 778 Et
664 733 900 778 nonnullus
924 735 1065 779 honos
1091 736 1283 780 creditur
1308 737 1386 780 iste
1412 736 1513 780 tibi:

505 806 574 849 Ne
598 804 792 861 valeam,
817 807 850 849 si
874 823 963 849 non
986 823 1052 850 res
1079 816 1144 850 est
1166 808 1414 868 gratissima
1442 807 1590 862 nobis,

581 878 638 920 Et
663 876 764 920 volo
790 886 832 920 te
858 877 1019 920 chartis
1048 879 1278 922 inseruisse
1304 879 1421 921 meis.

507 946 591 991 Sed
618 957 666 990 tu
690 964 853 991 nomen
876 947 1011 992 habes
1033 965 1187 993 averso
1211 948 1330 992 fonte
1355 965 1554 993 sororum
1841 966 1854 990 5

493 1078 508 1090 *
526 1078 750 1124 Hippodamo
762 1105 771 1120 ,
794 1080 911 1114 locum
928 1080 963 1113 in
980 1081 1119 1114 Martia-

440 1133 482 1166 lis
504 1132 670 1178 operibus
685 1132 814 1166 habere
830 1134 988 1179 cupienti
1004 1143 1038 1167 et
1054 1134 1118 1167 ho-

439 1185 628 1219 norificum
653 1186 717 1218 sibi
746 1185 910 1227 ducenti,
930 1186 1120 1232 respondet

441 1240 545 1272 Poeta
569 1240 642 1285 ejus
664 1251 793 1272 nomen
816 1240 972 1273 versibus
995 1253 1117 1286 parum

441 1291 744 1326 accommodatum
767 1306 838 1326 esse
857 1305 864 1326 :
889 1294 1012 1326 similia
1039 1301 1121 1326 sunt

441 1346 689 1391 epigrammata
722 1344 765 1378 de
792 1347 921 1379 Earino
952 1347 1013 1379 lib.
1042 1347 1117 1386 IX,

441 1399 555 1444 epigr.
573 1411 624 1432 xn
642 1425 650 1440 ,
669 1411 737 1432 x111
757 1408 791 1432 et
809 1411 884 1432 xxv.
905 1400 971 1432 En.

498 1465 528 1485 2.
556 1452 704 1485 Creditur
726 1455 781 1485 iste
808 1453 874 1486 tibi.
908 1451 1118 1485 Beverlandi

443 1505 517 1538 MS.
535 1505 576 1537 In
603 1506 677 1538 aliis
701 1519 775 1538 esse.

498 1557 531 1590 3.
552 1558 602 1591 Ne
621 1558 757 1592 valeam.
781 1559 832 1591 De
853 1558 907 1591 his
935 1558 1095 1591 formulis
1111 1585 1120 1600 ‚

442 1610 494 1645 Ne
512 1611 636 1643 valeam
651 1638 659 1651 ,
692 1619 726 1644 et
748 1612 932 1656 Dispeream
947 1638 956 1652 ‚
984 1611 1121 1644 dictum

443 1675 539 1708 supr.
562 1664 623 1697 lib.
644 1666 679 1706 I,
697 1664 806 1710 epigr.
825 1678 887 1705 XL,
906 1677 954 1698 vs.
975 1665 1118 1704 ulti1n03

444 1724 477 1749 et
497 1717 555 1750 lib.
576 1718 612 1749 ΙΙ
627 1744 636 1759 ,
651 1718 760 1763 epigr.
782 1731 802 1750 v
818 1744 826 1759 ‚
849 1730 895 1751 vs.
922 1731 952 1751 1.
973 1738 1024 1743 —
1047 1718 1121 1750 Est.

444 1770 552 1803 Esset.
572 1770 638 1804 En.

498 1827 529 1863 4.
546 1823 640 1856 Volo.
660 1823 797 1856 Vellem
810 1848 819 1864 ,
841 1823 1006 1868 intellige.
1025 1823 1092 1855 En.

505 1877 538 1909 5.
556 1877 598 1908 ln
620 1877 754 1910 Beverl.
776 1877 852 1909 MS.
877 1890 983 1909 aversa
998 1878 1121 1919 fronte,

446 1936 480 1961 et
495 1929 543 1962 sic
561 1929 646 1974 legit
663 1929 874 1971 Scriverius;
891 1930 928 1962 in
945 1929 1022 1963 edd.
1038 1938 1122 1963 vett.

446 1995 585 2014 aversum
599 1983 704 2025 fonte.
721 2004 772 2009 -—
792 1984 1034 2025 Aversosonle,
1057 1991 1123 2016 etc.

446 2034 487 2067 Id
505 2043 555 2068 est
570 2061 578 2075 ‚
601 2036 727 2069 aversis
746 2036 950 2069 numinibus
967 2036 1125 2070 Parnassi

445 2088 505 2120 ubi
537 2088 615 2122 fons
633 2089 861 2134 Hippocrene
876 2116 884 2130 ,
902 2090 1001 2134 cujus
1028 2101 1124 2134 aquae

446 2149 587 2174 oestrum
617 2143 728 2187 poetis
752 2143 952 2188 subjiciunt.
979 2142 1044 2175 En.
1073 2163 1126 2168 —

446 2195 481 2226 A
485 2208 567 2226 verso
574 2195 666 2237 fonte
682 2208 821 2228 sororum
843 2196 1036 2240 Impositum.
1054 2194 1127 2228 Cur

446 2247 513 2279 hoc
534 2246 625 2281 dicat
647 2248 816 2281 Martialis
837 2249 930 2282 varia
953 2249 1126 2293 interpres

447 2300 595 2345 quisque
619 2302 840 2346 expositione
857 2301 1055 2347 explicavit.
1076 2322 1126 2327 --

447 2353 515 2385 Alii
533 2353 730 2399 intelligunt
747 2353 790 2387 de
809 2355 1020 2399 syllabarum
1043 2366 1126 2387 con-

449 2406 595 2438 tuinav'mz
620 2416 731 2440 metro
753 2407 1025 2453 repugnantium
1048 2419 1055 2440 ε
1076 2415 1125 2439 at-

448 2466 565 2491 tamen
606 2472 673 2492 vox
712 2461 847 2505 lzippoda
860 2473 916 2492 nus
950 2460 986 2492 in
1024 2472 1126 2492 versu

447 2511 590 2545 heroico
603 2537 612 2553 ‚
635 2521 668 2545 et
691 2513 863 2558 elegiaco,
879 2514 996 2545 multis
1016 2513 1052 2545 in
1074 2513 1124 2545 lo-

449 2565 497 2597 cis
526 2565 643 2598 locum
672 2565 799 2599 habere
829 2575 956 2611 potest,
988 2578 1051 2599 nec
1075 2574 1126 2598 est

451 2616 495 2650 de.
524 2629 565 2650 eo
597 2617 694 2663 quod
721 2617 766 2651 de
796 2619 944 2659 Earino,
964 2619 1022 2651 lib.
1049 2619 1099 2650 IX
1117 2645 1126 2659 ‚

450 2670 559 2715 epigr.
578 2682 634 2703 xil
650 2697 659 2712 ‚
681 2683 772 2712 xm,
790 2680 824 2704 et
841 2684 899 2705 x1v
916 2686 922 2703 :
942 2684 1049 2716 quum
1067 2683 1126 2703 au-

1178 1090 1249 1114 tem
1265 1081 1355 1114 infra
1373 1081 1542 1114 Martialis
1557 1081 1600 1114 ab
1622 1093 1662 1113 eo
1683 1079 1777 1113 dicat
1797 1080 1857 1112 ab·

1177 1134 1323 1167 horrere
1342 1135 1589 1180 Melpomenen
1603 1159 1611 1174 ,
1629 1133 1767 1178 elegiaci
1783 1145 1857 1165 car-

1178 1188 1281 1220 minis
1296 1213 1305 1229 ,
1330 1196 1364 1220 et
1392 1187 1573 1233 Calliopen
1590 1211 1599 1226 ‚
1626 1186 1759 1219 heroici
1784 1198 1858 1219 car-

1178 1241 1282 1273 minis
1312 1240 1514 1286 praesidem,
1532 1253 1603 1273 non
1643 1237 1859 1272 admittenda

1178 1294 1264 1326 mihi
1299 1293 1437 1327 videtur
1466 1294 1539 1326 haec
1577 1293 1772 1338 explicatio.
1807 1308 1858 1312 -

1179 1347 1248 1379 Alii
1289 1347 1488 1392 intelligunt
1523 1345 1567 1379 de
1606 1344 1857 1390 significatione

1178 1400 1299 1440 verbi,
1335 1399 1526 1444 dicuntque
1563 1397 1827 1444 Hippodamum
1846 1423 1856 1439 ‚

1178 1466 1324 1498 equorum
1356 1453 1536 1485 domitorem
1563 1449 1685 1491 (ἷππῡς
1698 1477 1707 1492 ‚
1734 1463 1830 1496 equus
1846 1463 1859 1489 ,·

1178 1503 1323 1551 δαμείω,
1350 1503 1486 1545 domo),
1511 1517 1640 1538 nomen
1664 1516 1736 1537 esse
1766 1503 1859 1537 bello

1180 1571 1218 1592 ac
1227 1559 1354 1604 pugnis
1367 1557 1630 1592 convenientius
1641 1569 1745 1603 quarn
1756 1557 1861 1602 Apol-

1179 1612 1289 1644 liniet
1302 1612 1415 1645 Musis
1432 1639 1440 1651 ,
1459 1624 1500 1644 eo
1511 1619 1650 1644 tantum
1666 1610 1860 1650 utentibus,

1180 1677 1291 1710 quum
1316 1678 1410 1698 arina
1434 1665 1504 1697 sint
1525 1662 1692 1697 canenda.
1714 1663 1776 1695 Sin
1799 1675 1859 1695 au-

1180 1726 1250 1751 tem
1269 1730 1350 1751 vera
1370 1725 1457 1750 esset
1475 1717 1548 1750 haec
1572 1716 1755 1762 explicatio
1772 1741 1780 1755 ‚
1807 1714 1860 1748 di-

1181 1771 1285 1805 xisset
1307 1770 1476 1804 Martialis
1492 1771 1534 1803 ab
1554 1770 1620 1803 hoc
1636 1769 1780 1802 nomine
1798 1769 1860 1801 ab·

1181 1824 1330 1857 horrere
1356 1824 1603 1868 Melpomenen
1624 1822 1763 1867 elegiaci
1786 1833 1861 1854 car-

1181 1877 1286 1910 minis
1305 1876 1488 1922 praesidem
1506 1903 1514 1918 ‚
1540 1876 1671 1916 fateor3
1697 1875 1756 1908 sed
1775 1887 1862 1907 num

1183 1929 1326 1964 dixisset
1352 1930 1394 1962 ab
1418 1928 1541 1963 eodem
1564 1929 1754 1962 abhorrere
1783 1927 1861 1960 Cal-

1182 1983 1303 2029 liopen
1323 2010 1331 2022 ,
1364 1983 1526 2016 carminis
1562 1981 1697 2015 heroici
1733 1979 1833 2013 deam
1852 2006 1862 2022 ‚

1184 2049 1292 2081 quum
1309 2036 1404 2068 mille
1420 2036 1455 2068 in
1475 2035 1559 2068 locis
1577 2035 1752 2067 Horrerus
1770 2034 1863 2069 hanc

1183 2101 1305 2122 vocem
1316 2097 1476 2134 usurpet,
1487 2097 1520 2121 et
1536 2087 1706 2133 Virgilius
1719 2099 1862 2132 quoque

1183 2141 1328 2175 inducat
1336 2142 1535 2187 Messapum
1546 2154 1655 2187 equum
1666 2140 1858 2179 domitorem,

1186 2203 1249 2228 etc.
1270 2204 1404 2228 etc......
1424 2214 1476 2221 —-
1492 2194 1566 2227 Nec
1586 2193 1693 2238 magis
1719 2191 1863 2237 adopta-

1184 2260 1258 2281 rem
1279 2248 1484 2281 sententiam
1507 2247 1633 2280 horum
1659 2246 1717 2291 qui
1739 2253 1864 2290 putant

1184 2301 1253 2334 hoc
1271 2314 1399 2334 nomen
1421 2300 1574 2345 aurigam
1600 2311 1721 2332 sonare
1742 2306 1774 2331 et
1792 2298 1862 2343 agi-

1186 2362 1332 2387 tatorem
1370 2365 1539 2399 equorum
1560 2379 1568 2393 ‚
1606 2350 1700 2397 quod
1735 2363 1863 2383 munus

1186 2407 1441 2452 mancipiorum
1469 2415 1541 2446 est,
1572 2414 1605 2438 et
1631 2404 1709 2437 ideo
1739 2416 1862 2449 parum

1186 2461 1320 2493 bellum
1351 2469 1386 2492 et
1413 2460 1599 2492 honestum
1625 2470 1715 2495 esse,
1751 2468 1862 2501 quum

1186 2513 1253 2546 hoc
1265 2521 1401 2558 putasse
1416 2511 1611 2544 Pindarum
1623 2536 1631 2551 ‚
1650 2511 1841 2543 Homerum
1851 2532 1861 2546 ‚

1187 2566 1376 2610 Virgilium
1393 2566 1537 2598 minime
1555 2562 1703 2597 credam.
1720 2577 1771 2583 -
1786 2561 1863 2593 Hoc

1185 2619 1291 2663 igitur
1304 2627 1439 2652 tantum
1457 2625 1611 2661 superest
1624 2641 1632 2655 ‚
1648 2624 1685 2648 ut
1698 2623 1864 2659 putemus

1184 2671 1274 2704 hanc
1305 2684 1424 2705 vocem
1450 2684 1467 2703 a
1496 2668 1653 2702 Martiale
1680 2666 1862 2707 damnari,
