2061 3288
448 229 1035 277 EPIGRAMMATUM
1075 232 1200 276 LlB.
1242 233 1331 275 II.x

1491 233 1588 290 243

314 323 405 364 Hos
430 317 487 363 illi
514 320 699 375 amicos,
725 330 768 364 et
793 336 946 381 greges
972 329 1249 380 togatorum,

311 388 620 435 Fusciculenus
647 401 845 452 praestat,
874 401 917 436 et
940 391 1216 435 Faventinus.

223 544 258 576 7.
278 529 494 562 Rurc'culcmus
528 528 737 562 Beverlandi
772 528 846 562 MS.

169 603 222 610 --·
240 583 465 617 Fasriculenus
488 590 519 615 et
539 583 745 616 Faventinus.
769 583 848 615 Duo

169 637 414 677 foeneratores,
436 648 455 669 a
471 636 599 681 quibus
618 644 773 669 mutuam
791 647 850 681 pe-

167 690 309 724 cuniam
348 698 530 735 acceperat
570 689 752 731 Saufeius,
780 701 847 734 qua

166 743 261 776 hunc
278 751 475 790 togatorum
493 743 697 776 comitatum
713 741 846 776 condu-

167 805 273 831 ceret.
307 796 427 843 Epigr.
461 808 538 830 Lvu
561 809 658 841 supr.
681 796 748 828 Vel
778 795 846 828 Fu-

908 529 1100 562 sciculenus
1133 537 1166 562 et
1203 528 1415 562 Faventinus
1458 529 1590 575 praedia

909 590 967 615 aut
993 580 1137 616 vendita
1164 591 1222 615 aut
1250 582 1392 627 pignori
1421 581 1519 623 data,
1551 592 1591 616 ut

908 643 996 668 esset
1019 634 1116 668 unde
1148 634 1387 669 adulatoribus
1409 635 1463 670 his
1493 637 1590 670 satis-

908 689 1059 729 faceret3
1093 700 1175 721 nam
1219 688 1431 733 praediorum
1472 689 1591 735 potius

907 754 1011 787 quam
1043 742 1292 776 foeneratorum
1322 742 1467 777 nomina
1495 751 1589 776 sunt.

908 795 1082 827 Ilm-aldus.

747 927 1001 983 LXXV.

283 1088 341 1115 DE
381 1087 528 1116 LEONE
567 1086 760 1124 CICURE,
804 1086 863 1114 AD
904 1085 1175 1114 FERITATEM
1214 1066 1472 1114 ΒΕῚΙΕΒΒΟ.ῃ

236 1212 461 1255 VERBERA
489 1211 628 1254 securi
662 1208 814 1253 solitus
842 1207 909 1252 leo
940 1208 1054 1252 ferre
1082 1209 1300 1269 magistri,

303 1284 605 1341 Insertamque
636 1281 724 1342 pati
755 1279 941 1323 blandus
971 1280 1015 1322 in
1046 1295 1123 1323 ora
1152 1295 1358 1329 manum,

232 1352 456 1396 Dedidicit
484 1368 662 1412 pacem,
693 1351 837 1394 subito
868 1350 1040 1393 feritate
1066 1366 1262 1403 reversa,

303 1424 481 1480 Quanta
506 1438 587 1466 nec
613 1423 659 1465 in
687 1421 861 1482 Libycis
892 1420 1043 1464 debuit
1073 1436 1164 1464 esse
1189 1420 1319 1481 jugis.

231 1495 348 1538 Nam
375 1493 463 1537 duo
490 1493 544 1536 de
574 1503 723 1537 tenera
753 1491 935 1554 puerilia
961 1508 1149 1552 corpora
1176 1491 1301 1535 turba
1319 1527 1330 1547 7

301 1565 591 1625 Sanguineam
621 1565 772 1608 rastris
798 1580 893 1623 quae
923 1562 1165 1606 renovabat
1191 1562 1375 1606 humum
1392 1596 1402 1615 ‚

232 1636 380 1680 Saevus
409 1645 452 1679 et
474 1634 622 1678 infelix
649 1633 790 1678 furiali
821 1634 950 1678 dente
978 1634 1176 1694 peremit.

217 1773 230 1786 *
252 1775 367 1807 Arena
393 1773 641 1819 amphitheatri
673 1774 840 1818 sanguine

161 1827 314 1862 ferarum
348 1836 382 1861 et
414 1826 648 1872 gladiatorum
679 1835 840 1867 cruenta,

161 1879 205 1914 de
243 1893 340 1914 more
377 1893 395 1913 a
435 1880 554 1926 pueris
590 1879 840 1913 renovabatur.

163 1934 365 1979 Vagabatur
395 1934 432 1967 in
464 1931 583 1966 eadem
615 1932 770 1965 domitus
808 1941 842 1965 et

163 1987 260 2021 cicur
280 1988 336 2021 leo
349 2013 358 2027 ‚
377 1986 438 2033 qui
465 1994 579 2019 tamen
600 1986 718 2020 subito
739 1984 840 2018 datus

162 2040 200 2073 in
227 2041 416 2086 pristinum
437 2040 614 2081 furorem,
631 2050 762 2084 pueros
786 2038 839 2070 in-

162 2093 250 2127 vasit
262 2119 272 2135 ,
291 2102 326 2127 et
347 2092 435 2128 duos
456 2105 577 2126 eorum
596 2091 841 2125 miserabiliter

163 2146 199 2179 in
219 2154 415 2191 conspectu
431 2147 591 2179 omnium
612 2145 786 2179 laceravit.

216 2221 267 2225 —
282 2200 333 2232 De
348 2200 450 2232 Leone
469 2208 500 2231 et
517 2200 631 2233 Pueris
650 2206 700 2232 est
715 2198 842 2231 lemma

164 2253 200 2285 in
229 2251 350 2286 codice
378 2252 562 2286 Thuaneo.
589 2253 632 2285 In
663 2251 763 2284 aliis:
790 2252 842 2284 De

163 2306 277 2339 Leone.
300 2305 449 2351 Reliqua
471 2304 672 2350 adJ’ecimus.

222 2371 252 2392 1.
273 2358 384 2392 Securi
402 2361 555 2402 magistri.
573 2357 672 2390 Nihil
688 2365 844 2390 metuen-

164 2412 219 2446 tis.
245 2411 341 2445 Vide
367 2411 429 2445 lib.
454 2411 610 2457 Spectac.
633 2410 744 2455 epigr.
770 2423 789 2442 x
810 2417 844 2442 et

164 2476 266 2499 xvm.

219 2518 252 2551 3.
271 2518 320 2550 Et
336 2518 448 2550 didicit
463 2515 669 2550 Beverlandi
692 2515 769 2547 MS.

222 2575 254 2610 4.
272 2571 403 2615 Quanta
420 2584 474 2603 nec
488 2597 496 2610 ‚
516 2578 580 2603 etc.
600 2568 654 2601 Ad
672 2569 846 2601 feritatem

165 2636 327 2657 reversus
353 2632 425 2665 est,
448 2632 482 2656 et
506 2621 653 2668 quidem
680 2624 844 2665 majorem

168 2688 270 2720 quam
281 2676 407 2710 habuit
425 2686 503 2710 ante
514 2703 522 2715 ‚
535 2675 619 2708 dum
637 2682 773 2707 montes
786 2687 848 2718 per

902 1773 1053 1818 Libycos
1063 1780 1256 1817 vagaretur.
1270 1772 1433 1805 ED.——In
1446 1772 1584 1819 Libycis.

901 1825 1083 1858 Montibus
1105 1826 1226 1869 Libyae
1249 1825 1396 1858 leonum
1423 1826 1581 1859 nutricis.

902 1879 943 1910 In
966 1878 1076 1924 Libya
1104 1886 1155 1911 est
1176 1877 1325 1911 Gaetulia
1352 1877 1414 1910 ubi
1443 1879 1584 1911 ferocis-

902 1931 981 1964 simi
1000 1938 1204 1964 nascuntur.
1216 1931 1316 1975 Virg.
1331 1933 1411 1963 [ΕΠ.
1426 1931 1473 1972 V,
1492 1931 1538 1964 35
1550 1943 1580 1964 1:

907 2001 920 2013 ει
943 1984 1070 2018 Gaetuli
1092 1992 1229 2029 tergum
1249 1983 1403 2016 immane
1421 1983 1542 2017 leonis.
1562 2001 1575 2013 n

959 2038 989 2070 5.
1015 2038 1100 2070 Nam
1129 2037 1191 2069 cluo
1219 2036 1257 2068 de
1291 2045 1409 2070 tenera.
1442 2038 1537 2070 Duos
1564 2049 1583 2070 e

900 2090 1018 2136 pueris
1050 2089 1277 2123 theatralibus
1305 2089 1496 2131 ministris,
1522 2091 1583 2135 qui

901 2143 1154 2189 amphitheatri
1195 2155 1334 2176 arenam
1359 2167 1368 2182 ,
1413 2143 1583 2189 sanguine

900 2197 1057 2230 humano
1078 2205 1112 2230 et
1128 2196 1241 2229 ferino
1264 2193 1276 2235 (
1292 2196 1352 2229 lib.
1374 2196 1489 2241 Speet.
1507 2196 1582 2242 epi-

900 2262 1044 2295 gramm.
1069 2262 1105 2282 XI
1122 2275 1129 2288 ‚
1153 2262 1186 2283 v.
1216 2243 1258 2293 Ι)
1279 2257 1480 2289 cruentam,
1503 2262 1582 2283 ver·

901 2302 1011 2336 sando
1047 2303 1165 2336 rastris
1200 2302 1418 2335 renovabant
1457 2303 1585 2348 injecta

903 2368 1008 2402 super
1039 2368 1131 2388 nova
1155 2368 1278 2397 arena,
1304 2368 1349 2388 ne
1369 2356 1505 2389 lubrica
1521 2382 1530 2397 ‚
1550 2363 1584 2389 et

905 2408 946 2441 ad
967 2408 1128 2442 standum
1149 2407 1452 2454 pugnandumque
1477 2409 1586 2442 insta-

904 2462 984 2495 bilis
1018 2461 1126 2506 pedes
1162 2460 1419 2495 decertantium
1451 2462 1585 2495 falleret

907 2515 1085 2560 ancipites.

962 2581 995 2612 7.
1018 2569 1154 2600 Farioso
1181 2567 1270 2600 (lente
1303 2568 1339 2600 in
1378 2566 1586 2600 Beverlandi

909 2621 982 2653 MS.
1015 2638 1066 2642 -—
1097 2621 1203 2653 §serus
1230 2629 1261 2653 ct
1289 2621 1410 2662 infelim.
1442 2621 1556 2653 Saevus
1579 2646 1586 2657 .

909 2682 1037 2718 praeter
1058 2674 1370 2718 exspectatione-1113
1395 2682 1426 2705 et
1451 2673 1590 2713 infelix,

1301 2744 1382 2787 εΟ2
