2061 3288
453 218 547 274 [3132

828 216 890 259 M.
918 216 1058 259 VAL.
1098 215 1362 258 MARTIA
1380 215 1488 259 LlS

591 308 799 365 Duasque
830 293 995 347 similes
1025 302 1231 347 fluctibus
1260 304 1391 347 maris
1420 320 1612 365 gemmas

588 375 771 420 Dedisse
795 377 972 418 Bassam
995 372 1261 435 Caeliamque
1283 373 1450 434 jurasti.

595 450 729 504 Here,
755 445 809 489 de
835 444 1032 499 theatro,
1058 443 1253 489 Pollione
1275 455 1505 499 cantante,

590 520 740 575 Quum
769 516 911 559 subito
932 515 1092 571 abires,
1114 515 1219 559 dum
1244 515 1380 577 fugis,
1404 515 1673 577 loquebaris,

592 587 866 633 Haereditatis
891 586 968 630 tibi
991 595 1187 631 trecenta
1213 587 1402 642 venisse,

592 661 648 703 Et
674 675 802 702 mane
827 666 1028 712 centum,
1057 667 1100 701 et
1124 667 1224 718 post
1249 657 1474 701 meridiem
1501 667 1689 701 centum.

591 729 710 787 Quid
735 729 812 772 tibi
837 726 1006 772 sodales
1028 727 1209 772 fecimus
1236 727 1336 771 mali
1362 727 1561 772 tantum?

591 802 800 844 Miserere
821 799 933 859 jam,
955 798 1164 855 crudelis,
1185 809 1228 842 et
1253 798 1328 843 sile
1357 798 1544 844 tandem.

595 875 701 927 Aut,
729 872 762 914 si
789 880 934 914 tacere
961 869 1109 931 lingua
1140 887 1229 913 non
1259 879 1404 930 potest
1430 871 1531 927 ista,

590 941 836 1003 Aliquando
863 956 1018 995 narra,
1043 941 1161 1002 quod
1183 939 1366 985 velimus
1389 940 1550 984 audire.

452 1095 521 1119 zato
537 1112 546 1125 ,
564 1085 685 1119 scribit
703 1084 793 1117 hanc
804 1095 977 1128 geminam
994 1083 1132 1116 lineolis

451 1141 561 1173 tribus
574 1166 581 1177 ,
604 1139 701 1183 nigra
718 1164 726 1178 ‚
745 1135 893 1170 candida
908 1161 917 1177 ‚
937 1144 971 1169 et
988 1137 1130 1170 miniata

449 1192 629 1238 distingui.

505 1260 539 1291 7.
571 1246 722 1289 Duasque
745 1243 881 1282 similes,
907 1250 974 1275 etc.
1004 1243 1131 1276 Deme-

447 1298 707 1342 trinsintelligit
718 1294 929 1341 smaragdos,
940 1295 1131 1335 c'meraudes‚·

450 1354 507 1386 :vlii
528 1350 709 1390 callaides‚
724 1361 808 1394 quas
827 1348 962 1382 Plinius
984 1349 1131 1381 litoroso

453 1407 537 1439 inari
565 1404 694 1437 similes
722 1402 836 1444 dicit;
867 1402 927 1434 alii
953 1401 1131 1446 beryllos,

451 1460 550 1499 hev-il,
582 1469 659 1503 quae
686 1455 870 1489 maximam
897 1453 1036 1487 laudem
1069 1454 1131 1487 ha-

453 1515 546 1553 bent,
557 1511 584 1544 si
594 1510 681 1543 mari
694 1509 908 1549 concolore53
919 1507 977 1540 alii
989 1519 1131 1552 cyanos,

453 1568 643 1611 turquoz'ses3
662 1562 718 1596 alii
744 1561 908 1601 caristos‚
934 1559 979 1592 de
1004 1559 1132 1605 quibus

452 1618 581 1652 Statius
608 1628 615 1649 :
644 1633 657 1645 ι(
673 1615 717 1647 Et
733 1612 885 1660 gaudent
906 1612 1033 1646 fluctus
1053 1624 1131 1656 spe-

453 1680 545 1704 ctare
567 1669 711 1703 caristos
733 1684 746 1697 n
766 1674 823 1708 3et
839 1665 943 1699 alibi:
966 1683 978 1694 n
1001 1674 1035 1699 et
1052 1678 1134 1698 con-

452 1725 549 1757 color
576 1723 645 1755 alto
665 1722 765 1754 Vena
788 1719 877 1752 mari
903 1735 932 1751 n.
953 1718 1044 1751 Sinit
1063 1719 1131 1750 Ra-

452 1776 612 1810 iniresius
643 1775 811 1807 lectorem
841 1771 993 1816 eligere,
1027 1783 1131 1815 quam

455 1829 617 1863 malueiit
631 1839 802 1872 gemmam
815 1850 824 1866 ‚
838 1825 939 1870 eique
958 1823 1079 1857 suadet
1093 1832 1132 1856 ut

457 1883 679 1916 Franciscum
710 1881 790 1912 Rari
816 1879 928 1923 legat,
956 1878 1017 1923 qui
1052 1877 1133 1909 dili-

455 1945 575 1981 genter
589 1934 727 1979 scripsit
741 1932 785 1965 dc
796 1932 1009 1977 gemmis.—-
1019 1931 1133 1976 Eligat

459 1991 563 2035 igitur
584 1989 712 2027 lector,
731 1987 785 2019 vel
810 1985 928 2030 potius
953 1983 1053 2017 adeat
1078 1996 1133 2016 re-

456 2043 609 2075 centiora
648 2052 755 2085 opera
797 2037 864 2071 viri
908 2036 1133 2070 illustrissimi

457 2097 577 2135 Haiir,
623 2094 721 2138 cujus
757 2090 960 2137 nuperrime
999 2090 1132 2123 exitum

458 2147 600 2182 deflevit
617 2146 742 2180 Gallia.
763 2145 829 2178 ΕΙ).

510 2205 543 2235 ὅ.
572 2201 707 2233 Bassam
743 2197 947 2243 Caeliamqae.
978 2195 1132 2229 Nomina

456 2255 640 2287 mulierum
659 2252 751 2285 ficta.

509 2322 543 2351 9.
572 2307 669 2338 Here.
693 2303 798 2344 Heri3
821 2302 1134 2348 antique.--Pol·

457 2363 538 2393 lione
567 2366 727 2391 cantante.
761 2355 965 2390 Citharoedo
997 2355 1134 2395 nobili,

456 2413 500 2446 de
521 2425 592 2458 quo
611 2410 772 2443 Juvenal.
798 2409 867 2442 Sat.
888 2421 925 2441 w
943 2433 950 2444 ‚
972 2421 1022 2441 vs.
1046 2409 1132 2442 388.

456 2465 610 2499 Edition.
628 2472 775 2499 uostrae‚
797 2463 840 2496 T.
859 2462 895 2500 I,
918 2474 996 2506 pag.
1015 2461 1103 2494 365.

511 2531 566 2551 10.
599 2518 683 2549 Dum
710 2517 813 2559 fugis.
853 2516 944 2547 Dum
983 2526 1132 2559 propere

456 2573 585 2605 exires.
603 2578 635 2602 et
653 2569 748 2613 qnasi
770 2568 942 2603 molares,
966 2576 1005 2599 ut
1030 2567 1131 2600 levis-

1191 1084 1269 1116 simi
1287 1082 1418 1128 ingenii
1433 1082 1612 1119 homines,
1629 1081 1685 1115 isti
1704 1079 1871 1115 Mancino

1191 1137 1331 1169 similes.
1808 1153 1813 1157 ·

1251 1202 1263 1222 1
1277 1202 1290 1222 1
1319 1190 1484 1222 Trecenta.
1507 1188 1619 1221 Millia
1635 1187 1708 1221 HS.
1728 1188 1871 1221 Gallicae

1192 1250 1346 1275 monetae
1365 1242 1508 1287 triginta
1527 1242 1732 1274 francorum
1750 1241 1869 1274 millia.

1191 1294 1278 1329 Vid.
1288 1295 1415 1329 Tahul.
1430 1295 1512 1328 huic
1524 1295 1621 1340 operi
1637 1295 1868 1338 subjunctam.

1247 1349 1304 1382 13.
1331 1348 1422 1391 Quid
1443 1348 1519 1387 tibi,
1544 1355 1608 1381 etc.
1632 1347 1681 1380 Ut
1701 1359 1871 1392 pauperes

1191 1414 1255 1435 nos
1271 1401 1383 1446 longis
1393 1400 1653 1433 narrationibus
1664 1399 1869 1433 divitiarum

1191 1464 1332 1487 tuarum
1352 1454 1387 1486 in
1404 1453 1478 1486 dies
1498 1465 1643 1486 enecare
1657 1452 1753 1485 velis.
1778 1452 1871 1486 Vide

1189 1507 1252 1540 lib.
1271 1508 1308 1543 I,
1331 1507 1440 1551 epigr.
1458 1518 1518 1539 nx
1533 1531 1541 1544 ‚
1569 1518 1619 1539 vs.
1646 1505 1665 1538 3
1691 1514 1725 1538 et
1746 1509 1779 1545 4.
1800 1507 1867 1538 En.

1249 1564 1305 1600 14.
1335 1558 1489 1591 Crudelis.
1526 1560 1589 1591 Est
1622 1559 1717 1592 enim
1748 1557 1872 1592 odiosa

1191 1612 1463 1658 importunaque
1494 1611 1701 1656 improbitas
1731 1610 1870 1644 divitias

1190 1677 1309 1698 coram
1339 1677 1494 1710 paupere
1507 1689 1517 1705 ,
1548 1663 1769 1710 splendidam
1803 1677 1869 1698 coe-

1190 1731 1271 1752 nam
1285 1730 1403 1751 coram
1420 1717 1593 1751 esuriente
1611 1718 1657 1750 ita
1674 1718 1866 1762 explicare,

1192 1779 1230 1804 ut
1248 1772 1364 1816 imago
1383 1770 1543 1816 quaedam
1557 1770 1616 1804 fiat
1629 1771 1767 1803 Tantali
1783 1783 1867 1816 sup-

1191 1824 1299 1869 plicii.
1317 1825 1383 1856 Ei).

1250 1880 1308 1911 16.
1346 1877 1444 1921 Quod
1476 1877 1624 1910 Manciae
1658 1877 1801 1909 velimus.
1830 1877 1871 1908 In

1192 1929 1273 1963 edd.
1295 1939 1380 1964 vett.
1399 1930 1485 1976 quod
1495 1929 1628 1962 ‘velimus
1643 1929 1763 1962 audire.
1780 1928 1868 1962 Cod.

1193 1983 1393 2017 Pulmanni.
1411 2005 1463 2009 -—
1479 1983 1577 2027 Quod
1595 1983 1727 2015 velimus
1749 1982 1869 2015 audire.

1192 2037 1243 2070 Te
1259 2037 1416 2069 muneris
1431 2034 1565 2081 aliquid
1578 2035 1682 2068 nobis
1696 2048 1714 2068 e
1732 2044 1783 2069 tot
1798 2048 1873 2068 mu-

1192 2090 1336 2123 neribus
1363 2089 1569 2134 largiturum
1584 2113 1594 2130 ,
1618 2089 1686 2122 hoc
1711 2097 1870 2122 nontam

1193 2143 1289 2188 segni
1311 2155 1393 2176 aure
1415 2142 1648 2187 accipiemus3
1674 2154 1754 2174 nain
1776 2149 1870 2174 tanta

1193 2196 1368 2228 bonorum
1399 2195 1619 2228 enumeratio
1651 2207 1723 2227 non
1756 2202 1870 2240 potest

1195 2248 1307 2282 audiri
1321 2248 1426 2293 gratis
1447 2242 1535 2291 (vid.
1555 2260 1659 2293 supra
1671 2273 1680 2288 ,
1698 2247 1869 2293 epigram-

1194 2310 1286 2335 mate
1302 2313 1423 2335 xxxvu
1437 2326 1446 2341 ,
1466 2314 1516 2334 vs.
1538 2299 1627 2341 ult.)
1645 2301 1711 2333 En.
1733 2321 1784 2326 --
1803 2301 1870 2333 Vel

1194 2367 1296 2388 narra
1319 2364 1353 2389 te
1374 2354 1525 2399 aliquam
1546 2354 1665 2387 fecisse
1680 2355 1848 2399 jacturam
1861 2379 1871 2393 ‚

1195 2417 1254 2441 aut
1279 2406 1410 2453 aliquid
1431 2416 1615 2452 expertum
1634 2407 1739 2439 fuisse
1756 2406 1870 2438 infor-

1194 2461 1304 2501 tunii3
1328 2460 1421 2506 quod
1447 2460 1482 2492 in
1506 2472 1645 2505 poenam
1669 2468 1734 2492 tuae
1761 2457 1869 2491 avari-

1193 2514 1248 2547 tiae
1281 2514 1345 2546 tibi
1372 2512 1537 2546 accidisse
1561 2512 1788 2546 libentissime
1809 2523 1869 2543 an-

1192 2566 1339 2600 diemus.
1365 2567 1428 2600 En.
