2061 3288
456 229 546 257 112

832 217 894 259 M.
924 218 1063 260 VAL.
1103 219 1196 261 MA
1212 219 1490 264 RTIALIS

1042 367 1273 424 LXIV.

950 511 1019 539 AD
1059 492 1389 543 CELEREM.*,

515 636 589 678 UT
613 636 790 679 recitem
817 635 893 679 tibi
915 646 1066 680 nostra
1087 653 1215 699 rogas
1237 638 1577 699 Epigrammata.
1598 637 1728 684 Nolo.

586 707 689 750 Non
713 706 885 763 audire,
910 707 1061 763 Celer,
1084 708 1159 752 sed
1183 709 1367 754 recitare
1391 710 1524 770 cupis.

499 841 513 856 ⁶
545 848 585 879 In
614 846 682 880 hoc
713 847 963 893 epigrammate
992 849 1040 882 nil
1067 861 1126 882 va-

448 899 540 932 riant
566 901 776 946 exemplaria
792 927 800 943 ‚
822 901 877 934 vel
902 902 1029 947 scripta
1043 924 1052 941 ‚
1072 902 1127 935 vel

448 965 583 986 excusa.

505 1019 537 1039 2.
554 1006 621 1039 Sed
636 1009 777 1040 recitare.
799 1006 887 1041 Inde
911 1008 1128 1041 occasionem

447 1059 601 1105 arripere
630 1068 774 1093 tuorum
794 1069 916 1094 mutua
942 1060 1016 1096 vice
1040 1061 1130 1095 reci-

1188 848 1476 884 tandorum.Vid.
1491 850 1603 893 lib.V,
1616 852 1724 897 epigr.
1738 863 1864 891 Lxx1v;

1188 902 1248 936 lib.
1272 903 1366 944 VII,
1395 904 1501 949 epigr.
1529 916 1585 946 113
1608 905 1664 938 vel
1687 917 1763 937 mea
1791 916 1865 937 car·

1189 955 1285 988 mina
1317 956 1471 989 retinere
1504 957 1695 999 memoria,
1723 957 1796 990 aliis
1827 964 1867 989 ut

1190 1016 1249 1043 tua
1268 1009 1486 1043 recitaturus.
1503 1009 1607 1045 Prior
1626 1023 1744 1045 sensus
1758 1009 1866 1055 magis

1191 1062 1280 1095 mihi
1300 1062 1425 1108 placet.
1446 1063 1514 1095 En.

1063 1197 1252 1254 LXV.

668 1345 732 1373 Al)
774 1344 1062 1373 FABULLAM
1102 1344 1187 1373 SUI
1226 1323 1664 1374 LAUDATRICEM.*

659 1472 816 1513 BELLA
845 1486 914 1525 es3
939 1470 1142 1513 novimus
1165 1486 1173 1511 :
1201 1478 1245 1512 et
1265 1468 1430 1530 puella3
1456 1485 1610 1513 verum
1634 1479 1697 1513 est
1723 1487 1730 1512 :

663 1542 720 1584 Et
741 1540 885 1594 dives;
911 1541 1005 1601 quis
1030 1540 1144 1584 enim
1165 1549 1310 1601 potest
1329 1538 1517 1600 negare?

663 1611 749 1655 Sed
771 1611 877 1654 dum
899 1621 940 1655 te
962 1612 1168 1667 nimium,
1190 1609 1393 1667 Fabulla.
1417 1610 1588 1664 laudas,

663 1683 757 1727 Nec
781 1682 928 1737 dives,
948 1698 1089 1743 neque
1110 1680 1245 1736 bella,
1269 1698 1349 1725 nec
1374 1680 1518 1742 puella
1540 1697 1597 1725 es.

457 1818 459 1821 ’
511 1817 524 1831 ⁴¹
538 1823 579 1854 In
594 1821 770 1867 plerisque
786 1833 794 1853 τ
813 1821 873 1855 Ad
889 1821 1061 1854 Fabullum
1071 1834 1135 1853 am-

458 1876 623 1914 biliosum,-
640 1873 736 1920 quod
757 1875 978 1908 mutavimus.
995 1874 1056 1907 Ad
1070 1874 1136 1907 Fa-

460 1928 576 1961 bullum
595 1928 789 1960 ambitiosam
813 1931 844 1960 in
868 1928 961 1960 laude
987 1927 1024 1960 in
1051 1926 1133 1962 edd.

457 1982 649 2015 vem—In
664 1981 732 2015 hoc
751 1981 998 2027 epigrammate
1009 1981 1135 2014 Fabul-

458 2036 527 2068 lam
566 2033 753 2080 quamdam
784 2033 919 2068 deridet
956 2042 1135 2068 venustate

460 2087 602 2134 quidem
625 2096 659 2121 et
687 2086 820 2121 divitiis
850 2087 1044 2133 insignem,
1073 2086 1134 2120 sed

460 2154 544 2187 quas
559 2154 576 2175 a
595 2150 719 2175 natura
727 2141 783 2174 vel
798 2141 940 2174 fortuna
955 2149 1136 2186 acceperat

460 2194 579 2236 dotes,
605 2207 640 2227 se
669 2194 821 2241 superbe
842 2192 1043 2235 laudando,
1070 2194 1133 2227 ob-

460 2256 668 2282 scurantem.
686 2247 754 2281 ΕΙ),

520 2313 551 2334 1.
573 2301 679 2334 Bella.
701 2299 784 2334 vid.
814 2312 939 2347 supra,
961 2299 1070 2346 epigr.
1092 2312 1135 2340 x,

461 2355 605 2400 hujusce
623 2354 716 2387 libri.

519 2420 550 2439 2.
582 2406 735 2440 Videtur
766 2407 950 2453 Rutgersio
984 2405 1138 2440 scriben-

465 2460 550 2493 dum
567 2472 573 2493 ε
595 2461 677 2505 Quis
692 2468 723 2492 et
742 2460 777 2493 id
784 2468 889 2505 pons!
904 2472 1018 2504 negare
1028 2464 1046 2491 9

519 2514 551 2546 3.
575 2513 641 2546 Sed
659 2514 731 2546 dum
748 2522 787 2548 te.
806 2512 977 2547 Modestia
998 2512 1090 2547 enim
1106 2521 1140 2545 et

1194 1819 1402 1853 verecundia
1421 1819 1715 1853 commendantur
1733 1820 1865 1865 puellae.

1193 1873 1329 1907 Plinius
1365 1873 1512 1915 Junior‚
1539 1873 1600 1907 lib.
1624 1874 1662 1915 I,
1689 1873 1790 1918 epist.
1832 1874 1866 1907 8.

1200 1944 1213 1956 α
1231 1927 1371 1960 Etenim
1397 1926 1423 1960 si
1449 1926 1567 1960 alienae
1586 1938 1728 1972 quoque.
1749 1924 1868 1960 laudes

1193 1992 1318 2025 parum
1332 1980 1440 2025 aequis
1453 1980 1594 2013 auribus
1613 1980 1725 2025 accipi
1740 1979 1868 2019 solent,

1194 2045 1299 2079 quam
1313 2032 1456 2066 difficile
1472 2041 1522 2066 est
1541 2033 1700 2066 obtinere
1711 2056 1719 2069 ‚
1740 2045 1784 2065 ne
1798 2044 1869 2065 mo-

1192 2086 1278 2119 lesta
1306 2085 1466 2119 videatur
1490 2086 1600 2119 oratio
1628 2084 1672 2119 de
1691 2097 1726 2119 se
1748 2094 1805 2125 aut
1824 2084 1868 2119 de

1193 2139 1264 2173 suis
1297 2137 1508 2172 disserentis.
1531 2156 1544 2168 ι»

1249 2196 1283 2233 4.
1297 2193 1366 2226 Nec
1381 2192 1477 2225 dives.
1492 2190 1589 2224 Idem
1610 2191 1741 2225 Plinius
1757 2216 1767 2233 ‚
1781 2191 1868 2225 ibid.

1197 2263 1211 2276 «
1233 2244 1339 2286 Quod
1364 2244 1589 2290 magnifieum
1611 2245 1784 2278 referente
1800 2245 1868 2277 alio

1196 2298 1339 2340 fuisset,
1367 2298 1444 2343 ipso
1479 2298 1542 2343 qui
1571 2306 1719 2343 gesserat
1747 2309 1869 2331 recen-

1197 2360 1293 2385 sente
1304 2378 1312 2394 ,
1330 2351 1495 2385 vanescit.
1505 2368 1518 2381 ι»
1541 2373 1594 2379 -—
1606 2352 1657 2384 De
1671 2349 1790 2383 eadem
1809 2358 1868 2382 aut

1198 2405 1303 2438 altera
1333 2405 1478 2439 Fabulla
1509 2412 1560 2437 est
1595 2404 1704 2450 epigr.
1736 2414 1843 2435 Lxx1x
1857 2426 1866 2440 ‚

1198 2458 1259 2491 lib.
1271 2459 1381 2500 VIII,
1394 2458 1430 2491 in
1449 2469 1517 2503 qua
1532 2469 1606 2491 eam
1628 2456 1740 2490 acrius
1758 2454 1869 2500 carpit

1199 2511 1379 2545 Martialis.
1402 2511 1470 2544 En.
