2061 3288
450 208 539 261 104

812 209 873 251 M.
902 210 1042 252 VAL.
1083 211 1473 257 MARTIALIS

581 296 639 337 Et
662 296 924 339 matutinum
948 306 1095 357 portat
1118 298 1291 359 ineptus
1313 298 1429 356 Ave;

514 365 596 409 Cui
624 363 723 409 licet
745 367 910 411 exuviis
935 368 1125 412 nemoris
1149 369 1345 429 rurisque
1369 370 1481 414 beati

582 436 694 478 Ante
717 435 864 481 focum
892 435 1042 498 plenas
1065 437 1318 499 explicuisse
1340 439 1518 502 plagas?

510 507 568 549 Et
596 507 757 566 piscem
781 506 967 551 tremula
990 507 1215 553 salientem
1243 510 1401 555 ducere
1427 521 1542 568 seta,

579 575 795 638 Flavaque
821 578 874 622 de
902 579 1036 623 rubro
1059 596 1261 641 promere
1287 580 1416 625 mella
1440 582 1578 626 cado?
1819 613 1852 628 ε,

509 647 686 708 Pinguis
715 648 950 710 inaequales
975 660 1130 694 onerat
1153 652 1225 695 cui
1248 650 1391 696 villica
1415 669 1607 711 mensas,

580 720 637 762 Et
663 735 740 763 sua
767 737 854 764 non
881 730 1053 782 emptus
1081 732 1300 783 praeparat
1320 739 1404 766 ova
1429 723 1566 767 cinis?

509 789 611 833 Non
639 799 756 834 amet
785 791 899 835 hanc
924 793 1057 836 vitam
1074 827 1085 848 ‚
1108 794 1300 854 quisquis
1331 809 1400 837 me
1429 810 1517 838 non
1546 804 1685 849 amat,
1716 804 1848 857 opto:

579 860 713 904 Vivat
741 870 784 904 et
810 862 985 906 urbanis
1015 861 1139 907 albus
1166 865 1209 907 in
1240 863 1407 908 officiis.

494 983 529 1013 6.
549 981 597 1013 Et
613 983 807 1015 matutinum.
830 983 968 1016 Ironice
981 982 1115 1016 dictum

438 1031 484 1065 de
517 1033 761 1068 communibus
792 1035 866 1068 istis
899 1036 1016 1069 amicis
1030 1062 1039 1078 ,
1073 1038 1115 1069 ab

438 1085 506 1118 alio
524 1085 566 1119 ad
587 1087 693 1119 alium
711 1087 869 1133 quotidie
886 1089 1032 1122 verbum
1046 1091 1116 1122 Ave

439 1139 748 1181 transferentibus,
771 1149 805 1174 et
826 1149 993 1186 patronos
1014 1154 1114 1175 oscu-

438 1190 544 1225 lando
564 1193 780 1228 vexantibus.
801 1195 867 1227 En.

493 1257 528 1289 7.
548 1246 705 1292 Antiqua
723 1247 829 1280 lectio
846 1255 920 1280 erat
935 1259 943 1280 :
967 1247 1030 1281 Cui
1045 1248 1116 1280 licet

439 1300 546 1342 exigui
565 1302 699 1332 nemoris
720 1302 860 1344 rurisque
884 1300 967 1332 beati
982 1313 994 1333 .·
1016 1300 1114 1334 Gru·

438 1359 533 1384 terus
560 1355 677 1385 exuviis
707 1355 838 1385 nemoris
860 1355 999 1399 rurisque
1022 1354 1113 1386 beato

439 1402 538 1437 dedit
553 1417 595 1438 ex
612 1403 690 1439 cod.
707 1406 814 1439 Palat.

493 1458 528 1490 8.
547 1457 635 1491 Sunt
649 1458 708 1503 qui
727 1458 786 1491 hic
799 1459 915 1504 legant
929 1461 1114 1504 exposuisse.

439 1531 490 1536 -—
529 1511 731 1556 Explicuisse
767 1512 894 1556 plagas.
938 1513 1116 1546 Evacuare

438 1570 519 1596 ante
540 1564 659 1597 focum
675 1576 785 1598 casses
802 1573 836 1598 et
852 1565 937 1598 retia
955 1591 964 1606 ‚
988 1563 1114 1610 praedis

438 1615 552 1660 plena.

492 1681 527 1713 9.
564 1668 743 1702 Salientem.
780 1670 1022 1716 palpitantem.
1064 1693 1115 1697 —

438 1720 526 1754 Sela.
545 1721 654 1755 Linea
672 1723 854 1767 piscatoria
874 1735 950 1769 quae
969 1736 1058 1769 saepe
1076 1724 1116 1756 fit

439 1786 458 1806 e
479 1773 560 1807 setis
577 1775 724 1820 equinis.

497 1839 512 1860 1
525 1838 538 1859 1
547 1853 554 1860 .
570 1828 757 1873 Inaequales.
769 1829 956 1863 Tenuioris
967 1829 1116 1863 fortunae

439 1878 600 1914 homines
615 1893 748 1915 mensas
763 1882 994 1927 inaequalibus
1005 1895 1117 1928 quan-

439 1932 556 1978 doque
597 1933 747 1978 pedibus
786 1935 888 1969 fultas
928 1936 1114 1969 habebant.

440 1984 544 2018 Ovi-d.
559 1986 644 2020 Met.
661 1988 749 2020 VIII
762 2013 771 2028 ‚
791 2005 805 2017 n
824 1989 954 2022 Mensae
968 1988 1025 2023 sed
1043 1997 1116 2023 erat

440 2050 500 2083 pes
535 2039 658 2074 tertius
683 2040 821 2086 impar;
854 2042 956 2075 Testa
995 2055 1114 2088 parem

1173 984 1266 1018 fecit.
1289 1002 1302 1014 »
1327 985 1430 1018 Hunc
1452 985 1570 1019 locum
1594 986 1642 1020 sic
1670 987 1851 1021 exornavit

1174 1037 1368 1071 Fontanius
1388 1046 1506 1072 noster
1519 1050 1528 1072 :

1174 1089 1208 1112 La
1224 1088 1306 1119 table,
1324 1089 1355 1113 οὺ
1374 1089 1427 1113 l’on
1446 1090 1524 1114 servit
1541 1090 1565 1114 le
1579 1089 1726 1125 champetre
1745 1100 1835 1125 repas,

1173 1134 1224 1159 Fut
1239 1135 1301 1160 d’ais
1314 1145 1364 1160 non
1378 1135 1500 1172 fag-onnes
1516 1136 1530 1160 ὲ
1540 1136 1614 1161 l’aidc
1631 1138 1665 1161 du
1684 1147 1804 1171 compas:

1173 1182 1274 1207 Encore
1291 1189 1464 1212 assure-t·on‚
1484 1184 1505 1207 si
1523 1183 1649 1208 l'histoire
1669 1193 1700 1208 en
1719 1190 1755 1208 est
1771 1193 1831 1208 crue
1844 1203 1851 1213 ,

1173 1229 1254 1259 Qu'en
1264 1239 1297 1253 un
1308 1230 1340 1253 de
1347 1239 1386 1254 ses
1393 1236 1514 1263 supports
1522 1230 1545 1253 le
1556 1237 1638 1264 temps
1645 1229 1729 1254 l’avait
1737 1239 1853 1264 rompue.

1174 1277 1261 1301 Baucis
1272 1285 1303 1300 en
1316 1276 1383 1309 §gala
1397 1276 1435 1300 les
1448 1278 1540 1310 appuis
1552 1276 1704 1302 chancelans

1173 1325 1222 1348 Des
1231 1323 1315 1347 de‘bris
1327 1323 1388 1348 d'un
1397 1325 1473 1347 vieux
1483 1332 1542 1348 vase
1550 1342 1556 1353 ‚
1568 1330 1639 1348 autre
1650 1324 1734 1357 injure
1746 1324 1788 1348 des
1798 1332 1853 1348 ans.

1430 1364 1577 1389 Pnufiuon
1593 1371 1618 1389 et
1631 1366 1738 1390 BAuc1s.
1749 1366 1799 1390 En.

1231 1418 1245 1439 1
1257 1419 1290 1440 2.
1306 1406 1382 1439 Non
1400 1413 1529 1451 emptas.
1558 1406 1600 1440 Id
1626 1415 1696 1448 est,
1714 1407 1850 1452 lignum

1173 1471 1213 1492 ex
1250 1459 1398 1504 proprio
1437 1471 1581 1493 nemore
1616 1458 1851 1504 desumptum.

1172 1512 1282 1557 Ligna
1294 1524 1374 1545 caro
1386 1513 1497 1558 pretio
1506 1513 1712 1546 emebantur
1721 1514 1852 1546 Romae.

1232 1577 1245 1597 1
1255 1570 1287 1605 4.
1302 1565 1371 1598 Pro
1388 1565 1478 1598 albus
1492 1567 1523 1598 in
1534 1565 1647 1610 officiis
1661 1593 1670 1606 ,
1686 1564 1740 1598 ed.
1753 1565 1773 1598 J
1777 1574 1853 1599 unt.

1173 1629 1229 1650 an.
1249 1629 1262 1650 1
1274 1617 1315 1651 51
1327 1631 1343 1651 2
1363 1631 1427 1651 nos
1446 1630 1552 1663 penes
1564 1645 1572 1658 ,
1591 1618 1696 1652 habet
1708 1618 1744 1651 in
1762 1630 1852 1651 mar-

1174 1670 1275 1716 gine,
1296 1668 1384 1712 {ptus
1408 1673 1439 1703 in
1461 1670 1574 1715 officiis
1589 1699 1598 1712 ‚
1623 1671 1646 1704 i.
1670 1683 1699 1704 e.
1723 1679 1852 1716 emptus.

1174 1744 1225 1750 —-
1239 1723 1355 1756 Albus.
1373 1723 1415 1756 Id
1429 1732 1498 1766 est,
1516 1732 1594 1770 toga
1614 1725 1690 1757 alba
1709 1723 1853 1757 indutus

1174 1777 1267 1809 inter
1283 1778 1594 1810 anteambulonum
1616 1786 1649 1810 et
1667 1777 1852 1810 niveorum

1176 1829 1356 1871 Quiritum
1387 1830 1524 1872 officia3
1559 1839 1618 1863 aut
1643 1838 1791 1863 cretatus
1817 1838 1852 1863 et

1175 1881 1379 1916 candidatus
1400 1884 1435 1916 in
1457 1883 1616 1917 comitiis.
1636 1883 1692 1916 Sic
1710 1882 1852 1928 Lipsius

1174 1937 1285 1969 Elect.
1302 1936 1362 1969 lib.
1381 1937 1415 1978 I,
1434 1948 1509 1981 cap.
1534 1937 1591 1969 13.
1609 1936 1675 1968 Vel
1696 1934 1851 1981 denique

1176 1988 1262 2027 (vid.
1272 1989 1332 2023 lib.
1346 1990 1379 2022 X
1390 1989 1516 2035 ,epigr.
1529 2001 1596 2029 ΧΠ,
1606 2002 1638 2021 v.
1657 1986 1692 2032 9)
1702 1987 1851 2021 candida

1174 2042 1260 2076 facie
1275 2067 1284 2085 ,
1306 2054 1371 2075 nec
1392 2042 1545 2076 fuscatus
1565 2042 1639 2075 sole
1660 2041 1806 2075 rustico.

1046 2163 1245 2220 LVII.

937 2301 1006 2329 AD
1044 2296 1356 2329 CAUPONEM.

514 2403 777 2446 CONTiNms
800 2411 955 2446 vexata
980 2401 1130 2446 madet
1153 2401 1368 2445 vindemia
1402 2402 1572 2447 nimbis.

581 2472 685 2515 Non
713 2482 837 2533 potes
851 2508 862 2529 ,
886 2482 939 2516 ut
959 2474 1107 2534 cupias
1122 2508 1133 2530 ,
1154 2472 1367 2528 vendere,
1389 2488 1552 2534 caupo,
1573 2469 1754 2516 merum.

499 2604 529 2624 2.
562 2592 602 2623 In
630 2590 711 2625 edd.
740 2600 823 2625 vett.
851 2593 926 2627 Non
946 2602 1055 2637 potes,
1081 2602 1114 2626 ut

442 2656 583 2688 cuperes,
608 2643 702 2689 quod
728 2644 977 2680 Musambertio
1006 2646 1114 2690 magis

1173 2594 1296 2639 placet.
1308 2592 1392 2628 Vid.
1406 2593 1468 2626 lib.
1480 2593 1533 2626 IX
1545 2619 1554 2635 ‚
1572 2591 1679 2637 epigr.
1697 2604 1789 2625 xcxx.
1799 2614 1850 2618 --

1177 2647 1318 2679 Vendere
1333 2646 1420 2691 Copo
1439 2659 1553 2678 merum
1572 2645 1725 2691 optimus
1741 2643 1849 2678 codex
