2061 3288
486 197 584 243 320

862 200 924 243 M.
949 201 1090 243 VAL.
1132 201 1523 248 MARTIALIS

620 289 677 331 Et
704 287 945 350 paedagogo
973 305 1061 332 non
1081 288 1264 349 jubente
1279 325 1291 348 ,
1315 289 1464 336 lascivi

620 360 778 402 Parere
810 359 1003 420 gaudent
1032 359 1178 405 villico
1209 360 1422 422 capillati3

620 432 677 473 Et
697 429 907 474 delicatus
928 447 1061 491 opere
1083 431 1244 475 fruitur
1263 434 1504 480 eunuchus.

621 502 715 545 Nec
741 502 860 545 venit
883 502 1022 546 inanis
1048 503 1235 547 rusticus
1262 503 1472 550 salutator
1495 524 1503 549 :

620 573 724 615 Fert
748 571 818 616 ille
841 573 951 616 ceris
972 589 1080 617 cana
1106 590 1208 617 cum
1233 575 1320 619 suis
1346 575 1475 620 mella
1491 612 1502 632 ,

619 644 874 704 Metamque
901 643 1024 688 lactis
1051 662 1059 688 :
1088 646 1306 690 Sassinate
1331 646 1385 690 de
1412 647 1520 691 silva
1863 671 1895 695 35

619 714 944 759 Somniculosos
969 714 1038 759 ille
1064 717 1249 777 porrigit
1271 715 1423 777 glires;

479 844 582 876 etiam
603 852 637 876 et
660 841 838 888 hospites,
857 842 992 888 aliquid
1009 843 1161 876 habeant

478 896 576 942 quod
603 897 754 937 faciant,
784 904 819 930 et
847 897 1005 929 laborem
1030 905 1159 930 ament.

479 951 545 983 En.
566 971 619 976 —
636 951 729 996 Ergo
751 950 780 983 si
799 958 955 983 nostram
973 950 1161 983 lectionem

480 1004 516 1036 in
540 1005 608 1038 hoc
628 1016 733 1037 versu
754 1004 964 1040 retinemus,
986 1003 1160 1049 intellige-

479 1070 557 1090 mus
579 1058 670 1091 cives
693 1057 752 1102 qui
776 1055 968 1090 rusticandi
993 1069 1097 1091 causa
1121 1057 1157 1089 in

477 1111 595 1144 villam
637 1109 854 1144 conveniunt
873 1136 881 1151 ‚
922 1111 1075 1143 suaviter
1123 1110 1159 1143 in

476 1165 582 1198 horto
611 1165 783 1203 exerceri,
815 1163 1010 1205 cursitare,
1042 1164 1159 1197 forsan

477 1226 510 1251 et
526 1227 654 1251 terram
667 1218 782 1251 colere
796 1229 862 1262 per
874 1217 1160 1262 voluptatem.—

480 1272 551 1304 Alii
569 1273 692 1317 legunt
717 1271 872 1310 ancillas,
894 1271 975 1316 quia
1000 1283 1072 1316 prae
1095 1283 1158 1304 cae-

478 1325 558 1357 teris
590 1325 758 1370 operibus
793 1336 870 1369 quae
901 1323 1010 1363 dura,
1045 1323 1159 1357 facilia

476 1386 557 1411 sunt
572 1378 760 1411 hortorum
776 1390 785 1419 3
803 1378 922 1423 itaque
941 1377 995 1410 his
1023 1376 1159 1410 idoneae

478 1431 622 1465 ancillae.
651 1430 816 1464 Ostendit
846 1431 939 1463 enim
967 1439 1069 1476 poeta
1096 1443 1160 1475 per

479 1485 779 1517 enumerationem
795 1509 804 1525 .‚
829 1484 993 1516 omnibus
1025 1483 1085 1529 qui
1114 1483 1159 1516 de

479 1539 608 1572 familia
627 1537 806 1579 Faustini,
827 1549 899 1570 esse
911 1562 921 1577 ‚
936 1549 1006 1582 quo
1022 1537 1060 1569 in
1078 1537 1159 1570 villa

476 1593 551 1637 ejus
584 1598 823 1636 occupentur3
854 1589 1027 1635 cauponi,
1055 1591 1158 1635 palae-

478 1646 585 1678 stritae
600 1671 609 1685 ‚
635 1644 790 1684 ancillis,
812 1643 930 1688 pueris
947 1668 955 1683 ,
982 1643 1158 1676 eunucho.

478 1700 601 1744 Caupo
636 1698 758 1730 vinum
791 1694 935 1736 vendit,
972 1697 1159 1737 palaestrita

479 1765 557 1785 aves
588 1759 730 1797 captat,
759 1758 822 1783 etc.
853 1749 987 1782 ancillae
1015 1749 1159 1782 hortum

477 1805 623 1845 colunt,
655 1813 721 1837 etc.
756 1802 912 1835 Musamh.
940 1802 1009 1834 Alii
1039 1803 1160 1847 legunt

479 1859 628 1891 umbellas
645 1885 652 1898 ,
677 1866 711 1890 et
731 1856 778 1889 sic
801 1864 985 1901 exponunt
1004 1867 1012 1889 :
1035 1856 1159 1889 hortus

480 1913 576 1945 nullo
607 1910 756 1944 artificio
785 1908 957 1954 exquisito
985 1910 1158 1954 composi-

482 1974 535 1998 tus
552 1992 559 2005 ,
577 1964 635 1998 sed
655 1972 780 2010 paratu
799 1962 910 1996 facilis
931 1974 972 1995 eo
989 1962 1062 1995 {ine
1079 1975 1160 1995 con-

479 2019 563 2052 situs
585 2028 657 2057 est,
685 2026 721 2050 ut
743 2017 851 2062 possit
870 2016 997 2048 hilares
1017 2016 1158 2049 umbras

480 2073 634 2117 przrbere
652 2069 914 2104 recubantibus.

534 2128 591 2159 sio.
615 2126 766 2157 Hadrian
781 2123 819 2155 de
841 2118 953 2155 Valm'i
970 2120 1014 2154 ad
1029 2122 1155 2155 Juven.

479 2188 540 2213 sat.
575 2180 626 2212 IX
640 2205 648 2218 ‚
684 2178 752 2211 130
767 2203 775 2219 ,
797 2176 879 2221 legit
902 2187 910 2208 :
940 2188 1000 2207 '1071
1032 2176 1158 2207 vidente

478 2236 588 2266 lascivi
601 2234 716 2265 Patere
732 2230 873 2275 gaudent
884 2256 893 2269 ‚
914 2236 978 2261 eie.
1005 2228 1107 2261 Video
1123 2237 1157 2262 et

472 2287 567 2332 sulm-0
589 2297 680 2331 saepe
710 2290 959 2330 permutantur
990 2289 1029 2314 ut
1060 2281 1156 2327 apud

479 2342 639 2383 propert.
660 2339 695 2370 II
709 2364 718 2379 ,
743 2338 786 2369 26
801 2362 810 2376 ‚
834 2335 893 2370 51.
914 2335 1043 2368 Valesii
1064 2344 1157 2368 notae

480 2396 512 2427 in
527 2392 733 2425 juvenalem
754 2402 870 2434 nuper
886 2387 1025 2422 Parisiis
1041 2401 1158 2433 reper-

480 2458 522 2481 (ἵε
547 2455 650 2485 sunt,
669 2453 703 2476 et
730 2444 766 2476 in
795 2444 909 2476 lucem
937 2440 1116 2486 productae
1137 2454 1154 2474 a

476 2502 552 2534 viro
588 2498 790 2532 doctissimo
821 2497 863 2528 N.
897 2496 936 2527 L.
965 2495 1153 2528 .›l‹:l1ai11l1·e.

479 2578 527 2581 —
555 2554 598 2585 E!
615 2551 796 2596 [ardagngo
822 2562 883 2581 non
908 2547 977 2592 jub.
1001 2557 1063 2581 etc.
1088 2547 1153 2580 Ca·

480 2607 586 2653 pillati
616 2604 714 2649 pueri
746 2603 809 2635 soli
839 2601 1026 2646 paedagogo
1056 2613 1153 2646 pare-

1032 2663 1152 2686 eontu-

480 2665 557 2694 l‘ant
580 2686 587 2699 ‚
633 2658 665 2689 in
703 2664 841 2688 caeteros
879 2668 994 2687 servos

1220 856 1333 877 maces
1361 853 1396 878 et
1423 857 1598 890 procaces.
1627 845 1767 881 Laudat
1793 847 1902 893 igitur

1219 897 1310 931 hanc
1346 898 1467 931 villam
1499 899 1671 934 Martialis
1707 909 1779 934 tam
1814 902 1903 935 bene

1219 958 1391 984 moratam
1415 961 1454 986 ut
1472 952 1592 986 lascivi
1609 953 1659 986 illi
1682 953 1784 999 pueri
1799 978 1810 995 ,
1830 967 1902 988 non

1219 1015 1365 1049 cogente
1404 1004 1593 1051 paedagogo
1635 1006 1792 1040 laborem
1832 1007 1901 1053 ipsi

1219 1066 1377 1103 quaerant
1394 1083 1403 1099 ‚
1438 1067 1473 1092 et
1510 1059 1627 1104 fruges
1661 1059 1875 1106 colligendas
1889 1087 1900 1102 ‚

1217 1111 1352 1157 plantas
1373 1111 1566 1157 irrigandas
1581 1137 1591 1152 ‚
1617 1113 1731 1158 pisces
1760 1114 1902 1159 capien-

1218 1163 1303 1206 dos,
1325 1172 1390 1198 etc.
1413 1166 1532 1199 villico
1551 1166 1701 1212 jubente
1715 1192 1725 1208 ,
1746 1167 1900 1201 libenter

1219 1218 1420 1264 suscipiant.

1275 1272 1293 1306 3
1304 1283 1317 1303 1
1328 1298 1335 1305 .
1375 1271 1541 1316 Capillati.
1573 1272 1803 1307 Filiifamilias
1818 1299 1827 1314 ,
1846 1275 1902 1307 vel

1218 1324 1317 1370 pueri
1328 1323 1467 1358 delicati
1478 1337 1594 1359 comas
1609 1326 1750 1359 alentes.
1762 1326 1842 1360 Lib.
1855 1327 1900 1368 X,

1218 1378 1328 1423 epigr.
1353 1390 1443 1411 an.
1469 1379 1590 1423 Usque
1612 1378 1656 1412 ad
1677 1379 1898 1424 pubertatem

1217 1432 1324 1476 vulgo
1343 1443 1440 1464 coma
1457 1432 1692 1465 nutriebatur.

1272 1483 1332 1516 32.
1353 1485 1403 1516 Et
1421 1484 1572 1516 delicatus
1584 1512 1593 1525 ‚
1618 1492 1683 1518 etc.
1701 1485 1747 1518 Et
1760 1485 1825 1530 ipsi
1842 1484 1900 1518 de-

1217 1536 1311 1569 licati
1329 1548 1389 1570 seu
1403 1537 1438 1570 in
1456 1536 1590 1571 deliciis
1603 1538 1715 1571 habiti
1729 1537 1900 1583 spadones

1218 1598 1323 1635 atque
1346 1590 1576 1631 cubicularii,
1601 1590 1821 1624 delectantur
1849 1592 1898 1624 la-

1217 1642 1301 1675 bore
1315 1664 1325 1682 ‚
1345 1643 1507 1676 omnium
1529 1644 1692 1689 exemplo
1707 1644 1854 1678 incitati.

1273 1695 1333 1729 33.
1354 1697 1429 1730 Non
1452 1699 1536 1729 venit
1553 1699 1656 1729 inanis
1670 1706 1769 1731 vetus
1788 1696 1898 1731 codex

1218 1749 1415 1782 Ramiresii.
1429 1770 1480 1774 —
1493 1750 1562 1783 Nec
1577 1752 1665 1783 venit
1680 1753 1783 1784 inanis
1799 1778 1809 1791 ,
1831 1759 1897 1784 etc.

1217 1802 1286 1834 Alii
1299 1815 1366 1848 pro
1385 1816 1440 1835 nec
1452 1803 1574 1848 legunt
1590 1816 1663 1836 non.
1678 1802 1760 1836 Non
1780 1813 1898 1848 portat

1217 1854 1356 1888 nudum
1385 1864 1418 1889 et
1446 1856 1551 1889 inane
1570 1858 1664 1897 Ave,
1689 1865 1728 1889 ut
1755 1857 1897 1890 clientes

1217 1909 1254 1941 in
1283 1908 1402 1950 Urbe,
1432 1908 1492 1942 sed
1515 1909 1618 1942 affert
1643 1921 1791 1943 munera
1819 1922 1898 1955 quae

1220 1969 1428 2007 sequuntur.

1274 2015 1333 2048 35.
1361 2012 1434 2047 Alii
1465 2014 1683 2048 contendunt
1710 2016 1906 2060 legendum.

1217 2079 1307 2106 esse,
1329 2068 1504 2101 Sarsinate.
1523 2090 1575 2093 ——
1593 2068 1773 2114 [Wetamque
1792 2069 1894 2102 lactis.

1217 2121 1375 2166 Intelligc
1394 2134 1532 2154 cascum
1560 2122 1594 2153 in
1623 2122 1771 2155 formam
1795 2132 1896 2156 mette

1216 2175 1389 2208 Circensis
1407 2199 1417 2215 ,
1447 2187 1527 2219 quae
1552 2175 1703 2219 oblonga
1733 2183 1784 2208 est
1815 2185 1848 2208 et
1876 2188 1894 2207 e

1215 2229 1288 2261 basi
1298 2228 1365 2261 lata
1379 2228 1412 2260 in
1427 2237 1567 2261 acutum
1577 2229 1743 2261 verticem
1756 2227 1894 2269 desinit,

1218 2282 1450 2326 coagulatum.
1470 2279 1562 2313 Vide
1580 2281 1644 2313 lib.
1662 2282 1677 2313 Ι
1690 2307 1699 2322 ,
1719 2294 1776 2326 ep.
1797 2293 1893 2322 κων,

1216 2347 1265 2367 vs.
1289 2347 1322 2378 7.
1338 2356 1388 2360 —
1399 2334 1560 2367 Sassinate
1579 2334 1618 2366 de
1629 2335 1719 2367 silva.
1734 2334 1825 2367 Baiis
1841 2335 1893 2367 vi-

1216 2388 1291 2420 cina
1307 2413 1315 2427 ,
1346 2396 1382 2420 ut
1406 2387 1554 2420 xidetur.
1578 2388 1713 2432 Legunt
1738 2387 1795 2420 alii
1814 2387 1893 2420 Sar-

1214 2444 1326 2474 simae.
1349 2441 1486 2474 Sarsina
1508 2453 1591 2473 'fero
1612 2440 1768 2473 Umbriae
1786 2441 1868 2473 urbs
1883 2467 1893 2481 ⁷

1216 2494 1329 2526 Plauti
1353 2494 1488 2539 patria3
1515 2492 1575 2526 sed
1608 2494 1711 2537 longe
1743 2492 1846 2526 distat
1875 2506 1892 2525 a

1216 2547 1315 2581 Baiis.
1337 2546 1464 2579 Videat
1491 2547 1610 2579 lector.

1271 2602 1328 2633 36.
1360 2600 1552 2633 Sumniczclos
1583 2597 1795 2639 Beverlandir
1815 2599 1888 2630 Ma.

1213 2675 1264 2680 -—
1287 2653 1402 2685 Glires.
1422 2652 1555 2684 Gallie«)
1570 2678 1578 2691 ,
1597 2652 1679 2683 (aim.
