2061 3288
563 209 652 252 DE
688 205 1180 252 SPECTACULIS.

722 343 1006 400 XXVII.

632 496 695 524 DF.
735 494 1118 524 CARPOPIIORO.

166 605 352 645 Eumdem
373 603 670 654 Carpophorum
692 615 804 653 quem
829 602 999 639 laudavit
1022 601 1034 652 (
1054 600 1174 651 epigr.
1194 599 1338 651 xxm),
1360 613 1473 650 quem
1500 602 1587 637 Me-

221 668 348 715 leagro
369 674 406 703 ct
431 664 586 702 Herculi
614 663 822 714 praeposuit
852 663 994 714 (epigr.
1018 661 1116 712 xv),
1142 676 1244 699 nunc
1274 661 1424 699 Theseo
1439 690 1449 706 ‚
1467 662 1589 699 Belle-

223 727 405 779 rophonti
420 756 429 773 ‚
453 726 584 764 Jasoni
606 734 642 762 et
662 728 800 762 Perseo
819 724 985 775 praefert.
1006 727 1076 761 En.

238 854 431 897 SAECULA
458 851 822 912 Carpophorum,
847 851 1014 904 Caesar,
1041 851 1075 893 si
1103 849 1243 910 prisca
1271 848 1493 902 tulissent⁷

308 925 405 966 Jam
435 921 602 965 nullum
631 922 674 964 in
701 921 907 964 monstris
934 920 1040 964 orbe
1067 919 1217 964 fuisset
1239 937 1361 980 opus.

241 995 343 1037 Non
368 993 608 1037 Marathon
635 1002 807 1036 taurum
823 1027 834 1047 ,
859 993 1026 1035 Nemee
1054 990 1261 1035 frondosa
1288 990 1482 1044 leonem,

242 1117 292 1159 Ei
317 1118 386 1160 τὸν
413 1118 684 1177 Καρποφόρον
710 1117 871 1176 γέννησε
902 1115 1159 1175 παλαίφατος
1189 1115 1298 1169 αἰὼν,

315 1189 501 1248 Καῖσαρ,
531 1194 609 1229 τῶν
640 1186 818 1246 τεράτων
847 1187 955 1235 οὔτις
986 1183 1029 1227 ἂν
1060 1186 1147 1228 ἔσκε
1174 1187 1308 1246 λόγος.

244 1259 324 1301 Τὸν
352 1264 498 1317 ταῦρον
520 1257 739 1317 Μαραθὼν,
765 1257 901 1315 Nep-5¹¹⁶
932 1257 1119 1299 σκιόεσσα
1141 1258 1310 1310 λέοντα,

232 1393 265 1414 2.
292 1380 335 1413 In
361 1379 481 1413 multis
508 1378 609 1413 editt.
636 1379 711 1411 Jam
743 1379 861 1411 nullum

176 1436 322 1466 monstris
346 1433 418 1466 orbe
433 1434 551 1474 fuisset
576 1445 665 1478 opus.
695 1433 764 1465 Pro
792 1432 862 1465 hoc

174 1499 279 1519 versu
305 1485 384 1520 cod.
409 1486 551 1520 Thuan.
580 1486 714 1519 habet:
746 1502 760 1515 α
780 1486 862 1518 Non

178 1552 292 1573 amara
322 1539 493 1573 thoncum
518 1539 665 1572 barbara
695 1547 784 1571 terra
813 1539 863 1571 fe-

177 1600 251 1633 rat,
279 1610 291 1621 2
319 1591 416 1638 quod
445 1591 599 1625 correxit
628 1592 861 1625 Gronovius:

183 1661 197 1675 «ι
214 1646 295 1678 Non
308 1646 391 1678 Afra
403 1645 567 1678 Antaeum
579 1646 745 1685 barbara,
762 1653 828 1678 etc.
847 1662 858 1673 n

179 1698 326 1731 Vossius
348 1698 471 1731 malit:
497 1715 510 1727 ιι
533 1699 611 1731 Jam
628 1698 679 1730 nil
698 1699 864 1731 monstri-

180 1751 294 1784 ferum
315 1752 463 1784 barbara
484 1759 575 1784 terra
596 1751 698 1793 ferat;
725 1768 738 1780 n
766 1760 799 1784 et
821 1750 866 1784 ad

181 1804 299 1838 Catul.
325 1821 339 1833 κ
359 1804 440 1837 Non
461 1803 644 1837 Diomedis
661 1817 769 1849 equos
785 1805 865 1836 bar-

181 1857 265 1890 bara
279 1883 287 1898 ‚
304 1865 370 1890 etc.
393 1874 406 1886 n
434 1856 523 1891 Cod.
543 1856 757 1890 Bodleianus
776 1857 867 1890 clare

181 1910 310 1944 hahet:
332 1927 345 1939 ‹-
361 1910 440 1943 Jam
456 1911 594 1943 nullum
611 1923 629 1943 a
641 1910 806 1943 monstris
824 1927 837 1939 n
859 1936 867 1951 ‚

184 1962 221 1996 id
229 1963 442 2003 est‚nullum
453 1963 531 1996 orbi
543 1963 734 1996 amonstris
746 1962 869 1996 fuisset

183 2016 368 2061 negotium
395 2024 454 2049 aut
483 2016 697 2062 periculum.
722 2016 866 2050 Gruteri

185 2077 256 2102 vet.
288 2068 450 2114 cod.jam
484 2070 603 2102 nullum
631 2070 664 2102 c'n
695 2072 868 2108 Μυκη-ὼ,-

185 2121 280 2155 uude
325 2122 436 2156 Scriv.
472 2135 599 2168 parum
640 2123 866 2156 immutatum

185 2175 270 2219 legit
296 2176 369 2219 jam
405 2176 493 2208 nullo
534 2178 566 2208 itz
600 2178 744 2209 monstris
759 2203 768 2216 ‚
803 2176 869 2209 hac

187 2235 303 2260 mente
340 2239 347 2261 :
391 2228 472 2261 Non
509 2240 596 2274 opus
637 2229 759 2263 fuisset
796 2237 869 2262 toto

188 2281 276 2314 orbe
296 2289 500 2326 peragrato,
517 2280 560 2314 ad
584 2291 739 2315 monstra
753 2281 868 2315 diver-

189 2333 234 2367 sis
265 2333 302 2366 in
330 2333 492 2378 partibus
516 2333 713 2368 domanda:
735 2335 771 2368 iu
798 2348 869 2368 uno

189 2386 448 2432 amphitheatro
468 2399 558 2420 unus
575 2388 770 2421 suffecisset
789 2389 872 2421 Car-

190 2440 386 2485 pophorus.
400 2440 474 2472 Jam
487 2466 495 2481 ,
511 2440 546 2473 h.
562 2441 585 2473 l.
604 2453 675 2474 non
693 2441 870 2485 inelegan-

190 2502 242 2525 ter
270 2492 458 2526 adhibetur
491 2501 528 2526 ut
552 2494 738 2527 celeritatis
761 2493 868 2539 parti-

190 2545 278 2578 cula.
288 2544 381 2578 Vide
392 2547 511 2579 Burm.
523 2545 564 2579 ad
575 2546 680 2580 Ovid.
692 2548 778 2580 Met¹
789 2547 871 2585 VH,

195 2598 282 2633 306.
301 2600 461 2632 Attamen
489 2600 606 2633 nescio
628 2613 731 2646 quam
757 2602 866 2646 majo-

191 2663 266 2683 rem
289 2651 475 2687 efficaciam
502 2653 630 2692 habere
652 2653 812 2695 videtur,
836 2655 861 2686 si

910 1378 1025 1423 legas:
1050 1395 1064 1408 ε
1086 1372 1358 1420 Quam'nullum
1378 1380 1414 1413 in
1436 1381 1598 1414 monstris

911 1432 997 1464 orbe
1016 1431 1135 1465 fuisset
1151 1434 1262 1478 opus!
1286 1451 1298 1462 η
1327 1434 1399 1467 fere
1422 1442 1462 1466 ut
1486 1435 1597 1480 epigr.

912 1497 969 1518 xv.
996 1501 1010 1513 κ
1029 1486 1210 1526 Quantula
1234 1487 1458 1532 Carpophori
1482 1488 1599 1533 portio

914 1538 1009 1571 fusus
1040 1539 1139 1584 aper!
1164 1557 1176 1569 n
1214 1541 1402 1586 Eleganter
1430 1554 1597 1574 nonnun-

913 1603 1020 1636 quam
1041 1592 1114 1625 haec
1139 1594 1312 1638 particula
1328 1594 1488 1639 jungitur
1506 1593 1598 1639 adje-

913 1644 1007 1678 ctivo
1033 1646 1148 1680 nullm.
1180 1647 1311 1680 Justin.
1336 1648 1391 1688 II,
1423 1661 1479 1680 12.
1507 1665 1520 1677 «
1549 1648 1599 1680 Ut

915 1698 1141 1743 intelligeret,
1156 1712 1258 1745 quam
1277 1701 1382 1733 nullae
1401 1711 1517 1734 esseut
1538 1701 1603 1733 ho-

915 1751 1051 1784 minum
1064 1752 1230 1787 adversus
1242 1755 1334 1787 Deos
1343 1754 1445 1787 vires.
1461 1772 1475 1784 »
1489 1753 1597 1788 Ovid.

916 1804 1036 1837 Amor.
1063 1806 1099 1838 II
1116 1832 1123 1844 ,
1161 1818 1201 1840 11
1218 1833 1227 1848 ‚
1259 1808 1319 1840 28.
1357 1825 1369 1836 α
1396 1808 1511 1848 Quam
1535 1808 1599 1840 tibi

917 1870 1011 1891 nunc
1029 1866 1102 1891 toto
1126 1860 1242 1893 nullus
1264 1861 1301 1893 in
1328 1861 1414 1894 orbe
1435 1860 1556 1894 color!
1581 1878 1594 1891 ι,

917 1911 1068 1944 Martial.
1094 1912 1166 1952 VI,
1194 1925 1252 1946 10.
1286 1930 1299 1942 ιι
1317 1914 1363 1946 At
1394 1926 1498 1959 quam
1527 1926 1599 1947 non

918 1964 1078 2005 tetricus,
1097 1977 1202 2010 quam
1220 1967 1316 1999 nulla
1334 1967 1477 2000 nubilus
1492 1967 1565 2000 ira!
1584 1985 1596 1997 a

918 2017 1000 2050 Ant.
1023 2018 1061 2049 de
1081 2018 1182 2064 Rooy.
1205 2040 1259 2045 ——-
1279 2020 1353 2052 Jam
1377 2020 1505 2053 nullam.
1524 2020 1602 2053 Hoc

918 2071 996 2103 loco
1015 2072 1086 2115 jam
1105 2071 1278 2117 signifieat
1301 2073 1446 2117 amplius.
1469 2074 1603 2107 Teren-

920 2123 989 2156 tius
1023 2123 1058 2156 in
1090 2124 1224 2158 Andria
1241 2152 1250 2166 ‚
1273 2134 1337 2159 aet.
1357 2127 1414 2165 ΙΙ,
1443 2139 1535 2160 scen.
1569 2140 1601 2161 2.

925 2193 938 2204 α
956 2177 1114 2210 Uxorem
1131 2179 1201 2223 jam
1221 2192 1293 2212 non
1309 2177 1368 2212 dat
1387 2180 1565 2214 Chremes.
1585 2198 1598 2210 ιι

975 2231 1010 2263 3.
1024 2231 1210 2264 Marathon.
1226 2233 1319 2265 Urbs
1333 2240 1383 2265 est
1393 2231 1514 2266 decem
1530 2233 1608 2266 mil-

920 2281 1010 2315 libus
1035 2296 1199 2329 passuum
1221 2284 1353 2318 distans
1376 2287 1418 2319 ab
1439 2287 1606 2328 Athenis,

921 2334 1025 2369 hodie
1048 2337 1225 2370 illarasona
1247 2339 1302 2371 vel
1320 2338 1513 2381 ᾸῙαναίοηα,
1533 2353 1604 2386 quo

921 2400 962 2420 ex
986 2388 1086 2422 Creta
1110 2391 1266 2424 Taurum
1291 2404 1309 2423 a
1331 2391 1501 2437 Pasiphae
1522 2392 1604 2427 ada-

921 2449 1054 2474 matum
1081 2442 1250 2478 Hercules
1280 2443 1427 2478 adduxit
1457 2445 1500 2479 ad
1530 2447 1604 2480 Eu-

921 2495 1101 2538 rystheum
1113 2522 1122 2536 ‚
1138 2497 1284 2543 illicque
1297 2498 1396 2531 illum
1411 2499 1603 2533 interfecit.

921 2545 989 2579 Alii
1012 2557 1125 2582 tamen
1144 2559 1282 2584 taurum
1299 2552 1565 2586 Marathonium
1585 2564 1601 2585 a

924 2600 1061 2634 Theseo
1075 2601 1247 2637 domitum
1263 2604 1458 2646 affirmant,
1472 2605 1517 2638 de
1533 2618 1602 2651 quo

933 2655 1075 2688 Anthol.
1096 2656 1156 2690 lib.
1176 2658 1227 2690 IV
1245 2666 1277 2691 et
1295 2657 1399 2692 Ovicl.
1422 2659 1505 2692 Met.
1521 2660 1602 2692 ΥΠ.
