2061 3288
461 216 552 260 106

829 218 891 261 M.
917 219 996 260 VA
1009 218 1059 260 L.
1099 218 1192 261 MA
1207 219 1487 264 RTIALIS

1095 369 1223 426 LX.

732 515 800 543 Ao
838 514 1091 544 FLACCUM
1131 516 1196 543 DE
1235 497 1570 546 SPORTULA.*

517 635 806 677 DATBaiana
830 634 937 677 mihi
960 633 1223 694 quadrantes
1247 633 1443 696 sportula
1464 644 1641 678 eentum
1666 653 1674 677 :

586 706 707 748 Inter
734 703 908 749 delicias
932 704 1036 766 quid
1063 704 1167 748 facit
1195 706 1276 749 ista
1302 704 1465 749 fames?

517 775 669 819 Redde
695 776 809 837 Lupi
834 776 983 831 nobis,
1011 775 1328 837 tenebrosaque
1361 775 1514 820 balnea
1537 774 1700 838 Grylli:

586 848 693 889 Tam
720 846 831 890 male
855 863 991 908 quum
1016 863 1209 903 coenem,
1234 864 1313 891 cur
1337 847 1471 902 bene,
1494 846 1671 903 Flacce,
1691 845 1840 891 lavor?

498 975 512 990 '
530 981 642 1027 Hujus
659 981 917 1027 epigrammatis
934 982 1120 1028 inscriptio

444 1033 548 1067 fuisse
558 1033 682 1068 debuit
693 1061 702 1076 ‚
719 1035 779 1068 Ad
790 1036 940 1069 Flaccum
953 1036 991 1068 de
1004 1049 1122 1068 secessu

445 1088 590 1128 Baiano,
612 1089 728 1134 inquit
744 1089 900 1122 Ramires
918 1088 962 1122 de
981 1088 1120 1130 Prado3

443 1153 525 1173 nam
538 1166 548 1182 ‚
565 1149 603 1174 ut
615 1142 790 1175 existimat
803 1166 813 1182 ‚
830 1154 914 1175 cum
928 1142 1045 1188 aliquo
1061 1155 1122 1188 po·

444 1194 587 1227 tentiori
594 1195 762 1229 Martialis
771 1204 953 1229 secesserat
963 1196 999 1228 in
1010 1196 1121 1232 Baias,

443 1247 505 1280 uhi
535 1248 692 1293 sportula
727 1247 875 1282 dabatur
911 1249 1121 1283 communis.

443 1301 519 1334 Hoc
535 1310 639 1346 negat
660 1302 947 1336 Musambertius.

500 1365 530 1386 1.
548 1355 620 1387 Dat
639 1355 780 1388 Baiana.
807 1355 1028 1388 Potentiores
1053 1355 1122 1388 suis

441 1407 627 1441 clientibus
652 1407 783 1442 dabant
807 1409 1022 1454 sportulam,
1046 1421 1122 1454 quae

441 1468 516 1493 erat
548 1461 723 1494 vimineus
749 1461 925 1501 calathus,
949 1474 1020 1507 quo
1050 1461 1122 1506 pri-

443 1526 539 1546 mum
556 1515 701 1559 opsonia
713 1539 722 1555 ,
739 1522 858 1559 postea
872 1527 956 1548 vero
970 1514 1120 1560 pecunia

441 1565 521 1599 data
537 1576 608 1607 est3
628 1566 723 1600 unde
741 1567 899 1612 sportula
915 1568 1120 1613 frequenter

440 1631 508 1663 pro
539 1619 619 1653 cibo
648 1621 705 1653 vel
738 1621 887 1666 pecunia
917 1628 1119 1666 usurpatur.

440 1672 569 1705 Noster
602 1681 720 1706 autem
755 1674 862 1707 Poeta
899 1674 988 1707 forte
1019 1674 1118 1708 Baias

441 1737 556 1758 comes
585 1734 670 1759 tunc
698 1726 790 1760 'ierat
819 1727 932 1760 Flacci
952 1752 960 1765 ‚
993 1740 1011 1760 a
1047 1739 1117 1773 quo

439 1791 550 1823 quum
567 1779 791 1825 perexiguam
809 1780 1010 1826 sportellam
1029 1793 1119 1813 acce-

440 1832 561 1876 pisset,
590 1834 835 1878 conqueritur.
863 1834 958 1866 Baioe
971 1860 979 1873 ,
1012 1834 1119 1879 vulgo

440 1885 523 1917 Bam
535 1911 542 1923 ,
557 1885 730 1930 oppidum
740 1887 939 1932 Campauiae
950 1885 993 1919 nd
1003 1887 1119 1920 sinum

438 1938 605 1972 Baianum
627 1939 717 1973 inter
736 1940 900 1973 Puteolos
922 1949 957 1973 et
976 1941 1116 1974 Cumas.

1181 1004 1232 1009 --
1268 982 1471 1026 Quadrantes
1507 990 1639 1016 centum.
1676 982 1722 1016 25
1757 994 1860 1016 asses.

1182 1035 1367 1077 Quadrans
1386 1045 1460 1069 erat
1485 1044 1609 1081 quarta
1626 1047 1708 1081 pars
1723 1036 1860 1069 romani

1182 1090 1276 1123 assis.

1238 1155 1270 1176 2.
1286 1142 1472 1187 Quidfacit.
1486 1142 1654 1188 Exiguam
1666 1141 1860 1188 sportulam

1182 1204 1323 1229 centum
1341 1195 1575 1242 quadrantum
1592 1196 1720 1229 famem
1738 1195 1860 1241 appel-

1181 1249 1229 1282 lat
1242 1275 1251 1291 ,
1269 1249 1350 1294 quia
1370 1262 1443 1282 non
1467 1249 1612 1282 satiabat
1637 1248 1859 1282 esurientem.

1183 1303 1262 1336 Lib.
1283 1303 1358 1343 ΙΙΙ,
1379 1303 1489 1348 epigr.
1508 1315 1579 1342 vn,
1602 1314 1635 1335 v.
1661 1306 1695 1343 4.

1238 1355 1271 1388 3.
1287 1355 1394 1388 Redde
1419 1356 1511 1400 Lupi.
1533 1356 1652 1397 Quum
1679 1363 1751 1387 tam
1770 1354 1860 1387 male

1182 1417 1320 1448 coenet,
1348 1409 1436 1441 male
1458 1421 1598 1453 quoque
1624 1408 1733 1440 lavari
1761 1414 1860 1452 optat

1182 1461 1219 1494 in
1253 1461 1386 1494 balneis
1417 1461 1593 1500 obscuris.
1621 1460 1735 1505 qualia
1762 1467 1861 1493 erant

1180 1514 1273 1560 Lupi
1312 1524 1347 1548 et
1382 1514 1496 1559 Grylli
1517 1539 1526 1555 ‚
1563 1513 1860 1546 mercenariorum

1179 1567 1434 1600 balneatorum.
1465 1565 1550 1600 Vid.
1580 1567 1641 1599 lib.
1662 1567 1717 1607 II,
1747 1566 1858 1611 epig-r.

1180 1633 1240 1653 >nv
1253 1645 1262 1662 ,
1282 1633 1316 1654 v.
1342 1633 1355 1653 1
1367 1633 1400 1654 2.
1425 1620 1517 1666 Lupi
1533 1619 1655 1653 balnea
1673 1619 1787 1652 ventis
1806 1619 1860 1651 in-

1179 1674 1406 1707 festabantur.

1234 1731 1267 1766 4.
1288 1725 1494 1759 Beverlandi
1520 1725 1594 1759 MS.
1617 1724 1724 1764 lavem
1752 1731 1787 1757 et
1807 1724 1859 1758 sic

1178 1779 1214 1813 in
1245 1778 1324 1813 cod.
1351 1781 1453 1813 Voss.
1487 1780 1571 1812 laces
1604 1777 1683 1811 cod.
1714 1777 1852 1812 Thuan.

1179 1855 1231 1860 —-
1256 1834 1336 1865 Tam
1358 1834 1449 1866 male.
1476 1832 1565 1865 Nam
1594 1831 1683 1864 male
1707 1830 1858 1863 coenanti

1180 1886 1323 1919 thermae
1352 1887 1407 1918 vel
1442 1884 1654 1919 suavissimae
1681 1896 1753 1917 non
1783 1883 1857 1928 pla·

1179 1949 1269 1973 cent.
1290 1938 1376 1972 Vid.
1389 1939 1451 1972 lib.
1463 1939 1517 1972 ΙΙΙ
1529 1964 1538 1979 ,
1553 1938 1661 1983 epigr.
1679 1949 1732 1970 ΧΠ
1745 1962 1754 1977 ,
1772 1949 1805 1969 v.
1822 1936 1857 1969 3.

1060 2068 1233 2124 LXI.

836 2207 900 2234 DE
941 2207 1147 2234 LEPORE
1185 2206 1246 2234 ET
1285 2206 1470 2234 LEONE.

507 2329 679 2370 INTnEs
709 2325 854 2387 ampla
884 2326 984 2370 licet
1013 2327 1126 2370 torvi
1152 2325 1274 2387 lepus
1302 2343 1378 2370 ora
1404 2325 1563 2380 leonis,

580 2400 686 2442 Esse
717 2408 863 2441 tamen
894 2414 1035 2441 vacuo
1063 2414 1107 2440 se
1133 2397 1200 2441 leo
1226 2397 1356 2441 dente
1382 2406 1520 2457 putat.

510 2468 641 2525 Quod
670 2478 767 2512 ruet
793 2470 835 2511 in
860 2478 1057 2530 tergum,
1077 2467 1144 2511 vel
1170 2485 1280 2529 quos
1310 2467 1572 2528 procumbet
1598 2467 1640 2509 iu
1666 2482 1837 2517 armos,

496 2604 527 2637 3.
541 2604 637 2636 Loco
653 2603 840 2635 Prot-umba
854 2602 889 2636 in
902 2602 1110 2648 quibusdam

439 2655 518 2689 edd.
554 2664 639 2690 vett.
670 2656 796 2701 legitur
809 2682 817 2698 ,
841 2665 1031 2702 prorumpet.
1063 2672 1113 2678 —

1177 2603 1275 2647 Quod
1289 2611 1369 2636 ruet.
1389 2603 1444 2635 Tu
1462 2601 1600 2634 nullum
1619 2600 1725 2633 habes
1745 2612 1854 2645 prope

1175 2665 1309 2700 tergum
1323 2680 1333 2696 ‚
1352 2655 1467 2689 nullos
1488 2666 1603 2688 armos
1623 2654 1659 2686 in
1676 2665 1762 2698 quos
1778 2661 1854 2686 ruat
