2061 3288
421 223 521 269 380

798 227 860 269 Μ.
886 228 1027 271 VAL.
1067 228 1458 274 MARTIALIS

557 314 685 357 Sexta
707 315 829 374 quies
855 313 996 369 lassis,
1017 316 1200 376 septima
1226 315 1323 361 finis
1349 319 1442 362 erit.

487 383 660 428 Sufficit
686 384 730 428 in
759 401 920 429 nonam
946 385 1092 430 nitidis
1119 396 1274 430 octava
1299 387 1535 449 palaestris3
1824 410 1841 433 5

557 456 752 516 Imperat
778 455 970 501 excelsos
997 456 1199 517 frangere
1225 474 1342 502 nona
1368 469 1500 504 toros.

487 528 607 570 Hora
632 525 878 571 libellorum
901 526 1071 571 decima
1095 537 1183 582 est,
1204 529 1458 590 Eupheme,
1482 547 1708 587 meorum,

556 598 792 658 Temperat
819 597 1059 642 ambrosias
1087 615 1223 659 quum
1250 609 1325 644 tua
1353 617 1459 644 cura
1483 600 1642 662 dape53

470 756 504 792 4.
534 751 634 785 Sexta
663 755 748 798 quies
777 753 879 786 lassis.
910 752 1013 786 Sexta
1047 766 1099 787 so·

416 812 543 846 nante,
565 804 602 838 id
626 813 700 846 est,
729 804 823 851 apud
843 819 907 839 nos
922 831 931 847 ‚
953 815 1099 840 sonante

416 856 586 900 meridie,
613 871 686 891 non
713 871 854 900 omnes,
875 858 936 892 sed
961 867 1098 893 tantum

421 911 537 944 minus
554 911 690 945 robusti
714 924 752 945 ac
772 924 878 957 opere
896 914 966 958 jam
984 913 1101 959 fatiga-

418 964 445 997 ti
472 964 569 1009 quasi
593 966 841 1011 interjungunt
860 974 893 1000 et
912 966 1098 1011 paululum

416 1017 622 1062 quiescunt,
644 1018 800 1051 laborem
829 1017 956 1052 deinde
974 1020 1099 1065 repeti-

413 1071 484 1103 turi
511 1083 619 1116 usque
647 1070 690 1104 ad
717 1072 902 1118 septimam
926 1085 994 1118 qua
1018 1073 1099 1106 fini-

415 1132 474 1156 tur
494 1124 668 1169 :septima
705 1125 791 1158 hora
821 1125 951 1171 incipit
984 1127 1099 1172 prima

416 1185 495 1222 post
514 1177 697 1211 meridiem
726 1179 813 1212 hora
843 1179 938 1225 apud
959 1192 1023 1213 nos
1043 1193 1099 1213 so-

415 1238 534 1264 nante.
552 1231 619 1264 ED.
634 1252 686 1258 —-
702 1231 842 1277 Septima
856 1259 863 1272 ‚
886 1241 954 1267 etc.
975 1233 1098 1274 Quum

415 1283 451 1316 in
478 1284 546 1317 hoc
568 1285 818 1330 epigrammate
838 1286 935 1319 nulla
962 1286 1022 1320 fiat
1049 1287 1098 1320 la·

415 1337 564 1370 vationis
586 1338 719 1371 mentio
736 1363 744 1378 ‚
764 1347 865 1384 putat
884 1340 1098 1373 Ramiresius

414 1390 561 1436 septima
581 1391 774 1437 incipiente
797 1394 975 1426 Romanos
996 1393 1098 1426 labo-

412 1455 487 1476 rem
498 1469 508 1485 ‚
521 1444 576 1477 vel
592 1446 746 1490 quietem
761 1458 779 1479 a
795 1455 889 1480 sexta
903 1446 1098 1491 incoeptum

412 1497 538 1538 finire,
559 1506 593 1531 et
612 1511 631 1531 a
648 1499 796 1543 septima
814 1512 923 1545 usque
943 1498 987 1533 ad
1008 1508 1099 1533 octa-

413 1563 511 1592 vam,
528 1550 565 1583 id
576 1560 626 1584 est
638 1576 647 1592 ‚
666 1551 760 1596 apud
775 1565 838 1586 nos
856 1565 874 1585 a
885 1552 997 1598 prima
1010 1553 1099 1586 hora

412 1612 493 1648 post
520 1603 705 1637 meridiem
734 1613 882 1639 sonante
910 1604 955 1639 ad
975 1618 1097 1640 secun-

414 1655 496 1689 dam
527 1665 709 1691 sonantem
731 1684 740 1700 ,
759 1657 931 1704 quosdam
960 1659 1069 1694 lavari
1089 1673 1095 1699 3

416 1710 498 1743 licet
519 1710 587 1744 hoc
608 1723 686 1744 nou
704 1711 809 1746 fuerit
829 1712 988 1745 omnium
1004 1738 1013 1753 ‚
1040 1711 1099 1746 de-

412 1762 525 1797 licatis
537 1765 647 1804 serius
657 1765 866 1799 lavantibus.
879 1764 963 1799 Vid.
978 1766 1037 1799 lib.
1051 1767 1096 1806 X,

414 1817 525 1862 epigr.
567 1829 707 1859 XLVIII;
743 1819 803 1852 lib.
840 1819 899 1860 II,
928 1819 1098 1864 epigram-

414 1879 496 1903 mat.
517 1882 606 1911 1.111‚
623 1878 688 1904 etc.
708 1872 774 1904 Eo.

469 1923 502 1957 5.
533 1924 659 1969 Sufficit
691 1927 723 1957 in
748 1938 873 1959 nonam.
896 1926 951 1958 Ab
975 1934 1096 1958 octava

414 1976 460 2010 ad
478 1989 626 2016 nonam,
649 1976 686 2010 id
709 1987 778 2020 est,
803 1991 821 2012 a
848 1977 1000 2012 secunda
1018 1987 1097 2024 post

416 2029 600 2064 meridiem
619 2040 764 2065 sonante
774 2044 885 2077 usque
898 2031 941 2065 ad
958 2032 1096 2065 tertiam

415 2092 597 2117 sonantem
606 2109 615 2125 ‚
624 2084 821 2130 palaestritae
831 2097 867 2119 se
877 2085 1094 2127 exercebant,

413 2148 563 2181 quorum
577 2138 817 2172 exercitationi
836 2137 981 2172 aderant
994 2139 1096 2171 multi

415 2199 628 2235 spectatores
642 2204 651 2233 ;
666 2200 740 2225 erat
755 2204 895 2237 quoque
909 2190 998 2225 illud
1010 2200 1097 2224 tem-

414 2256 480 2288 pus
501 2245 646 2278 aliarum
665 2245 953 2279 exercitationum
965 2270 974 2286 ‚
991 2253 1095 2290 atque

414 2296 622 2331 balneorum
634 2324 644 2341 ‚
661 2309 814 2344 quorum
831 2306 946 2332 aestate
962 2306 1094 2339 octava,

413 2349 530 2383 hieme
557 2363 650 2384 nona
678 2360 752 2386 erat
781 2351 880 2385 hora.
911 2351 1002 2385 Plin.
1031 2351 1093 2384 lib.

413 2402 488 2446 III,
513 2415 589 2449 cap.
620 2416 649 2438 Ι.
679 2405 731 2438 De
757 2405 917 2450 palaestra
943 2404 1095 2438 diximus

414 2455 477 2489 lib.
507 2457 587 2498 III,
615 2457 726 2503 epigr.
750 2470 866 2502 mun,
891 2471 942 2492 vs.
967 2457 1011 2491 25
1031 2483 1041 2499 ,
1062 2465 1096 2491 et

415 2508 509 2542 alibi.
524 2510 591 2543 En.

469 2564 503 2595 6.
540 2563 610 2596 Alii
646 2564 862 2603 Eme-actos,-
891 2563 948 2597 alii
976 2565 1096 2609 legunt

415 2616 562 2649 excelsos.
579 2616 724 2649 Juntina
746 2625 863 2650 nostra
883 2617 919 2650 in
937 2618 1097 2663 margine

418 2669 554 2702 exhibet
579 2682 585 2702 :
614 2670 750 2714 lmswrla
783 2671 917 2703 excelsos
952 2671 1095 2704 scandere

1158 767 1242 786 ηοηα
1271 762 1365 787 toros.
1390 754 1446 788 Sic
1474 755 1588 788 scande
1616 756 1716 789 cubile
1741 756 1838 801 apud

1157 807 1318 853 Propert.
1335 808 1400 849 IV,
1420 811 1439 848 4
1450 832 1460 847 ,
1481 821 1540 853 90.
1558 809 1663 842 Forte
1679 821 1686 842 :
1703 809 1838 842 excelsos

1157 868 1292 893 sternere
1307 874 1389 893 nona
1405 868 1488 894 toros
1498 875 1510 901 ;
1522 862 1570 896 sic
1581 862 1675 895 enim
1686 862 1839 908 loquun-

1158 921 1215 946 tur
1247 912 1352 947 Ovid.
1379 913 1465 948 Met.
1493 915 1545 947 VI
1565 941 1574 957 ‚
1597 914 1667 955 431
1688 928 1697 956 3
1726 916 1838 957 VIII,

1159 967 1255 1011 6583
1277 966 1321 1000 ad
1339 967 1417 1001 Liv.
1442 967 1515 1001 316
1532 980 1541 1009 3
1563 969 1684 1001 Amor.
1705 969 1762 1009 II,
1780 979 1838 1010 11,

1160 1024 1229 1065 473
1250 1020 1338 1054 Fast.
1362 1020 1420 1059 II,
1446 1019 1518 1066 337
1536 1033 1545 1054 ε
1567 1021 1738 1060 Juvenal,
1758 1021 1812 1053 VI
1827 1047 1836 1063 ,

1160 1073 1202 1114 53
1224 1074 1258 1106 X
1275 1099 1284 1114 ‚
1307 1072 1402 1107 335:
1421 1073 1558 1110 Noster,
1582 1074 1644 1107 lib.
1664 1075 1721 1107 III
1735 1099 1744 1116 ‚
1763 1074 1837 1119 epi-

1156 1139 1208 1171 gr.
1229 1138 1325 1160 xc111
1340 1151 1349 1168 ‚
1371 1139 1421 1160 vs.
1447 1131 1518 1169 243
1540 1127 1603 1161 lib.
1627 1127 1719 1160 VIII
1736 1153 1745 1169 ‚
1761 1127 1836 1172 epi-

1156 1192 1209 1225 gr.
1228 1192 1326 1213 van
1344 1206 1352 1221 ‚
1375 1193 1424 1214 vs.
1445 1182 1484 1221 63
1508 1189 1541 1214 et
1560 1180 1630 1214 alii.
1650 1179 1744 1214 Vide
1761 1192 1838 1226 quae

1158 1233 1401 1267 annotavimus
1416 1232 1459 1266 ad
1472 1234 1532 1267 lib.
1551 1234 1586 1266 II
1601 1258 1612 1274 ‚
1632 1234 1742 1279 epigr.
1762 1245 1836 1267 ux.

1156 1308 1209 1312 —
1231 1287 1368 1332 Imperat
1382 1287 1530 1321 excelsos.
1545 1287 1646 1321 Nona
1661 1287 1749 1320 hora
1765 1295 1838 1320 erat

1156 1339 1243 1372 hora
1262 1353 1392 1382 coenae3
1415 1340 1526 1374 tertiae
1551 1349 1631 1386 post
1651 1339 1837 1373 meridiem

1156 1393 1294 1426 sonanti
1321 1392 1416 1439 apud
1443 1406 1506 1426 nos
1534 1392 1736 1438 respondet.
1764 1393 1836 1426 ΕΒ.

1156 1466 1209 1472 —
1241 1447 1419 1492 Frangere.
1446 1447 1570 1480 Lectos
1595 1454 1774 1487 sternere,
1803 1453 1838 1479 et

1156 1507 1252 1533 toros
1271 1499 1485 1545 compositos
1506 1498 1702 1533 disturbare
1721 1499 1763 1533 iis
1781 1498 1837 1532 in-

1156 1551 1304 1586 sidendo
1316 1578 1325 1594 ,
1338 1552 1376 1586 id
1392 1561 1443 1586 est
1456 1578 1465 1594 ‚
1481 1564 1631 1586 coenare.
1646 1553 1749 1586 Nona
1762 1551 1839 1598 qui-

1155 1603 1238 1639 dem
1260 1614 1399 1648 aestate3
1422 1606 1550 1651 hyeme
1569 1604 1716 1639 decima.
1736 1605 1839 1638 Licet

1156 1657 1230 1692 dies
1261 1668 1344 1693 tunc
1373 1671 1447 1692 non
1479 1666 1567 1692 esset
1596 1658 1716 1692 finitus
1732 1683 1742 1700 ,
1775 1659 1836 1704 qui

1156 1721 1235 1745 ante
1253 1712 1445 1758 legitimam
1458 1712 1549 1745 hanc
1562 1712 1685 1745 horam
1701 1723 1837 1745 coenare

1155 1764 1393 1811 incipiebant,
1416 1764 1624 1799 dicebantur
1651 1778 1773 1798 coenare
1798 1765 1838 1799 de

1155 1818 1205 1851 die
1220 1845 1229 1859 ,
1251 1828 1284 1852 et
1303 1819 1392 1852 male
1412 1818 1604 1853 audiebant
1621 1826 1767 1863 propter
1786 1819 1838 1851 in-

1156 1872 1438 1918 temperantiam.
1448 1872 1574 1906 Catull.
1584 1872 1691 1916 epigr.
1700 1883 1816 1905 XLVIII
1826 1883 1834 1904 :

1162 1942 1174 1954 «
1195 1926 1268 1958 Vos
1298 1925 1460 1959 convivia
1501 1925 1596 1958 lauta
1631 1931 1836 1969 sumptuose

1156 1979 1208 2011 De
1229 1977 1286 2012 die
1305 1979 1433 2012 facitis:
1460 1995 1473 2007 »
1501 1986 1535 2011 et
1561 1978 1686 2010 Juven.
1710 1986 1773 2011 sat.
1796 1978 1835 2011 I:

1159 2048 1173 2061 ιι
1195 2032 1303 2065 Exsul
1322 2032 1365 2065 ab
1387 2039 1510 2064 octava
1525 2030 1658 2065 Marius
1678 2030 1782 2071 bibit,
1802 2039 1836 2064 et

1154 2085 1285 2118 fruitur
1307 2083 1361 2118 dis
1377 2084 1490 2118 Iratis.
1512 2102 1526 2114 »

1191 2144 1244 2182 ’7.
1277 2138 1428 2183 Euplzene
1454 2135 1661 2171 Beverlandi
1688 2135 1763 2170 MS.
1782 2158 1835 2163 --

1154 2191 1249 2224 Hora
1262 2190 1447 2224 libellorum.
1464 2191 1560 2224 Inter
1575 2190 1701 2236 pocula
1715 2201 1835 2224 versus

1153 2244 1268 2290 legere
1286 2244 1394 2278 moris
1410 2252 1482 2278 erat
1496 2257 1505 2285 ;
1530 2243 1733 2289 Euphemus
1749 2254 1835 2276 vero

1154 2305 1308 2331 structor
1328 2297 1522 2331 mensarius
1535 2296 1764 2342 Imperatoris
1776 2295 1836 2329 ille

1155 2351 1260 2384 fuisse
1287 2349 1437 2384 videtur.

1211 2405 1246 2438 8.
1269 2405 1437 2449 Temperat
1457 2403 1641 2436 ambrosias.
1661 2402 1739 2435 Hoc
1760 2410 1811 2435 est
1824 2427 1834 2443 ‚

1155 2456 1303 2491 divinas.
1323 2456 1544 2490 Domitianus
1560 2455 1653 2489 enim
1669 2454 1774 2488 deum
1798 2466 1834 2487 se

1156 2510 1324 2556 appellari
1354 2510 1522 2556 jubebat,
1554 2517 1657 2554 atque
1684 2509 1730 2541 ita
1759 2519 1831 2540 am-

1156 2564 1282 2597 brosiae
1306 2563 1456 2597 deorum
1479 2562 1584 2608 dapes
1609 2561 1675 2606 ipsi
1703 2572 1830 2594 conve-

1155 2617 1299 2651 niebant
1313 2642 1323 2658 ‚
1338 2617 1427 2650 sicut
1441 2622 1544 2650 versu
1554 2614 1711 2659 sequenti
1726 2613 1833 2647 aethe-

1155 2683 1252 2703 reum
1274 2679 1405 2703 nectar.
