2061 3288
829 208 891 251 M.
914 207 1055 251 VAL.
1094 205 1484 249 MARTIALIS

1068 355 1238 412 LIII.

953 508 1025 536 AD
1077 485 1365 536 cosanf

522 640 683 691 HUNC,
710 651 841 696 quem
871 649 984 694 saepe
1013 631 1134 675 vides
1164 631 1277 675 inter
1306 629 1546 692 penetralia
1572 641 1729 676 nostrae

589 706 814 761 Pallados,
841 713 885 748 et
913 702 1064 765 templi
1094 701 1267 758 limina,
1293 703 1476 759 Cosme,
1506 704 1632 759 novi,

520 781 636 824 Cum
664 776 845 831 baculo,
866 791 1058 837 peraque
1085 789 1261 829 senem3
1293 774 1363 817 cui
1393 789 1525 828 cana,
1551 774 1779 835 putrisque

590 852 684 895 Stat
708 863 856 901 coma,
880 856 924 890 et
947 846 992 889 in
1017 854 1171 906 pectus
1196 843 1370 888 sordida
1394 844 1531 888 barba
1556 844 1697 901 cadit3

521 924 661 967 Cerea
685 936 817 980 quem
843 916 950 961 nudi
978 917 1087 978 tegit
1116 931 1228 959 uxor
1254 914 1398 959 abolla
1423 915 1615 977 grabati,

504 1060 751 1106 *Epigramma
764 1056 864 1090 estin
875 1054 998 1089 fictum
1013 1066 1133 1100 quem-

451 1115 533 1149 dam
562 1110 815 1160 philosophum
848 1108 1013 1154 cynicum
1029 1132 1038 1146 ,
1073 1107 1134 1153 qui

453 1169 530 1203 solo
545 1165 703 1212 corporis
719 1163 819 1197 cultu
839 1172 872 1195 et
888 1160 1135 1195 maledicentia

455 1221 634 1267 Cynicum
665 1230 700 1251 se
727 1215 964 1263 profitebatur
989 1226 997 1248 :
1026 1227 1135 1260 quum

454 1274 551 1308 omni
570 1283 714 1319 prorsus
727 1269 850 1317 cynica
869 1268 1088 1302 institutione
1103 1275 1137 1300 et

454 1327 615 1363 doctrina
635 1332 723 1358 esset
738 1322 938 1356 destitutus.

514 1392 546 1414 1.
569 1376 761 1413 Pulmanni
779 1374 889 1409 codex
904 1399 914 1415 .,
939 1377 1022 1406 intra
1041 1386 1139 1418 pene-

458 1435 554 1467 tralia
587 1439 703 1464 nostroe
715 1455 723 1471 ‚
752 1427 848 1473 quod
875 1428 989 1473 placet
1020 1426 1139 1459 Rami-

458 1487 561 1522 resio.
585 1484 656 1518 Alii
679 1483 801 1528 legunt
823 1493 830 1514 :
862 1483 943 1513 inter
962 1479 1140 1525 penetralia

460 1548 588 1574 ‘z-estrae.
608 1536 744 1582 Saepius
766 1542 872 1567 noster·
889 1542 923 1566 et
939 1541 1043 1565 vester
1064 1544 1142 1577 per-

460 1599 645 1627 mutantur
666 1589 712 1622 ol)
732 1585 1000 1621 similitudinem
1014 1598 1035 1617 n
1048 1593 1082 1618 et
1097 1598 1117 1616 ιι
1132 1609 1141 1625 ,

460 1656 495 1680 et
514 1645 599 1692 quia
614 1650 720 1676 ‘vester
738 1651 997 1685 nonnunquam
1015 1638 1142 1683 legitur

461 1707 569 1734 ‘voster
578 1698 615 1731 in
633 1695 785 1740 antiquis
805 1692 1030 1726 membranis.
1048 1689 1143 1723 Vide

462 1766 528 1787 nos
545 1750 589 1785 ad
611 1748 740 1784 Catull.
758 1746 894 1780 LXVII
907 1771 915 1786 ‚
937 1758 971 1790 7,
995 1746 1038 1778 18
1054 1770 1062 1785 ‚
1082 1743 1144 1776 Ti-

463 1806 550 1840 bull.
571 1804 637 1844 III,
654 1806 689 1842 4,
705 1805 745 1842 4;
763 1809 797 1834 et
810 1797 1145 1832 Drakenborchium

466 1859 509 1893 ad
531 1857 607 1891 Liv.
624 1857 658 1887 V
673 1881 682 1897 ,
711 1857 756 1894 44
774 1880 782 1895 ‚
808 1856 841 1885 (3.
861 1853 949 1885 Inler
970 1850 1147 1896 penetralia

471 1913 600 1950 l‘'estae;
616 1907 773 1942 Pallados
794 1914 826 1939 ct
844 1905 957 1950 templa
973 1904 1055 1950 legit
1070 1903 1148 1935 Mu-

467 1963 687 1999 sambertius.
713 1961 804 1993 Nam
826 1956 1005 2004 quomodo
1038 1956 1148 2001 Cyni-

469 2032 530 2052 cus
551 2017 610 2050 ille
638 2015 731 2048 inter
751 2012 931 2059 penetrale
955 2019 989 2044 et
1013 2009 1148 2043 limen?

471 2074 542 2105 sive
561 2069 639 2116 quis
665 2068 758 2100 inter
776 2064 955 2111 penetrale
974 2063 1096 2108 templi
1117 2072 1151 2096 et

471 2126 579 2157 limen
594 2123 690 2156 locus
711 2118 900 2153 habitatori
923 2115 1084 2163 Cynico?
1099 2137 1151 2142 —

471 2179 568 2211 Hunc
600 2187 687 2222 quem
717 2186 799 2218 soepe
816 2199 825 2212 ,
856 2180 921 2205 etc.
959 2169 1153 2202 Videretur

474 2229 562 2264 ordo
572 2229 762 2262 verborum
772 2225 967 2271 significare
976 2223 1071 2255 hunc
1085 2222 1154 2267 Cy-

474 2285 595 2317 nicum
620 2281 747 2326 stipem
776 2291 917 2323 erogare
947 2276 983 2309 in
1006 2276 1062 2309 via
1083 2289 1153 2320 quae

475 2343 603 2382 separat
618 2333 794 2379 penetralia
821 2330 976 2364 Pallados
992 2343 1013 2361 α
1036 2329 1152 2361 limini-

476 2390 532 2422 bus
551 2390 621 2421 novi
637 2386 764 2431 templc';
780 2397 889 2430 quum
907 2391 1023 2416 autem
1044 2395 1152 2414 novum

476 2445 534 2475 lzoc
549 2440 694 2486 templum
711 2437 873 2472 videatur
889 2436 1059 2470 Minervae
1076 2435 1154 2468 Fla-

476 2496 587 2528 vianae
615 2493 734 2526 fanum
760 2504 778 2524 a
804 2489 1006 2524 Domitiano
1025 2496 1156 2521 exstru-

478 2557 575 2582 ctum
595 2541 694 2590 (vid.
709 2544 771 2577 lib.
790 2545 843 2576 IX
857 2570 866 2585 ‚
882 2543 990 2588 epigr.
1011 2540 1086 2581 11),
1102 2541 1155 2574 in-

478 2601 671 2645 telligemus
674 2597 850 2643 penetralia
861 2604 976 2629 nostrae
984 2595 1151 2635 Pallados,

475 2663 509 2689 et
535 2655 642 2690 limina
665 2650 769 2696 templi
790 2652 863 2685 nori
883 2660 996 2683 unum
1017 2656 1153 2683 tantum

1194 1052 1385 1087 aedificium
1398 1066 1488 1095 esse,
1502 1053 1540 1086 in
1556 1054 1655 1099 cujus
1668 1053 1875 1098 porticibus,

1193 1107 1250 1141 vel
1260 1107 1363 1140 etiam
1374 1107 1535 1140 interiori
1545 1115 1643 1152 parte
1651 1107 1762 1140 stabat
1771 1107 1876 1153 Cyni-

1196 1173 1270 1193 cus.
1283 1160 1528 1201 ED.—Quum
1544 1159 1638 1192 enim
1654 1160 1876 1205 receptacula

1195 1214 1407 1247 miserorum
1421 1220 1535 1247 essent
1552 1213 1683 1258 templa
1695 1238 1706 1255 ,
1726 1213 1877 1259 Cynico-

1196 1280 1276 1300 rum
1292 1278 1372 1300 esse-
1384 1274 1548 1311 poterant
1562 1279 1571 1308 ;
1591 1275 1625 1300 et
1641 1266 1878 1312 Hieronymus

1198 1319 1242 1353 de
1260 1319 1417 1365 Diogene
1437 1332 1445 1352 :
1471 1337 1484 1349 α
1506 1319 1687 1352 Habitavit
1707 1327 1821 1353 autem
1841 1320 1879 1352 in

1198 1381 1386 1419 portarum
1403 1373 1583 1406 vestibulis
1596 1398 1605 1414 ‚
1624 1380 1658 1406 et
1682 1373 1878 1417 porticibus

1199 1433 1393 1459 civitatum.
1420 1442 1434 1454 n

1255 1479 1289 1511 3.
1302 1479 1380 1512 Cum
1397 1478 1520 1511 baculo.
1532 1478 1615 1511 Haec
1625 1486 1676 1512 est
1687 1476 1879 1523 descriptio

1200 1532 1314 1565 cultus
1329 1531 1465 1576 Cynici.
1479 1531 1666 1571 Ausonius,
1681 1531 1790 1577 epigr.
1804 1543 1855 1564 L11
1869 1543 1877 1564 :

1206 1602 1219 1615 ιι
1246 1585 1332 1617 Pera
1348 1610 1357 1626 ,
1374 1585 1517 1629 polenta
1530 1608 1538 1621 ‚
1560 1584 1681 1617 tribon
1693 1611 1702 1625 ‚
1720 1584 1879 1624 baculus,

1201 1637 1376 1683 scyphus,
1405 1645 1498 1670 arcta
1530 1637 1686 1682 supellex
1715 1638 1785 1670 Ista
1814 1637 1883 1670 fuit

1203 1690 1341 1735 Cynici.
1363 1707 1375 1719 n
1395 1711 1446 1716 -—-
1459 1691 1613 1736 Peraque.
1631 1690 1720 1723 Pera
1740 1698 1790 1723 est
1807 1702 1882 1723 sac-

1203 1743 1273 1777 culi
1287 1743 1423 1777 viatorii
1441 1756 1547 1788 genus
1558 1767 1567 1782 ‚
1586 1755 1605 1776 a
1620 1743 1711 1776 collo
1731 1741 1774 1776 ad
1789 1743 1882 1776 lum-

1203 1797 1268 1830 bos
1296 1795 1453 1842 pendens
1469 1823 1477 1837 ,
1504 1808 1574 1842 quo
1595 1796 1743 1829 obsonia
1768 1796 1885 1829 ferun-

1206 1860 1274 1883 tur.
1297 1850 1376 1883 Lib.
1395 1850 1494 1890 XIV,
1511 1849 1619 1895 epigr.
1639 1861 1759 1883 LxxxI.

1262 1907 1295 1943 4.
1312 1903 1387 1936 Stat
1406 1916 1506 1935 coma.
1530 1903 1677 1936 Constat
1704 1903 1827 1936 canitie
1850 1911 1885 1936 ct

1206 1955 1395 2002 putredine
1408 1968 1416 1989 :
1428 1956 1475 1989 sic
1490 1955 1590 2000 Vix-g.
1603 1954 1742 1988 AEneid.
1752 1956 1804 1988 VI
1813 1981 1822 1996 ,
1834 1968 1883 1989 vs.

1211 2011 1302 2044 300:
1325 2026 1338 2038 ιι
1358 2009 1458 2042 Stant
1478 2009 1611 2042 lumina
1629 2008 1768 2041 flamma
1792 2025 1806 2038 »2
1825 2033 1835 2049 ,
1851 2017 1886 2042 et

1207 2063 1268 2096 lib.
1289 2063 1381 2103 XII,
1408 2075 1460 2096 vs.
1490 2066 1584 2106 407:
1607 2079 1620 2091 «π
1638 2062 1718 2094 Jam
1738 2062 1886 2107 pulvere

1209 2116 1333 2149 caelum
1360 2116 1456 2148 Stare
1475 2113 1608 2148 vident.
1630 2132 1643 2143 »
1674 2114 1801 2148 Sordes
1825 2115 1888 2148 sci-

1209 2170 1290 2202 licet
1310 2176 1345 2201 et
1365 2168 1565 2214 squalorem
1589 2168 1774 2201 affectabat
1796 2175 1887 2201 secta

1210 2222 1270 2255 illa
1287 2220 1601 2267 impudentissima.
1620 2222 1686 2254 En.

1269 2276 1302 2309 5.
1336 2275 1438 2308 Cerea
1463 2287 1550 2319 quem
1571 2275 1687 2307 nudum
1713 2274 1797 2319 legit
1817 2273 1888 2307 He-

1213 2327 1353 2369 raldus,
1381 2336 1416 2361 et
1448 2327 1599 2373 ineptire
1624 2340 1682 2360 eos
1711 2326 1796 2360 dicit
1826 2327 1888 2372 qui

1213 2382 1293 2415 nudi
1311 2382 1431 2426 legunt.
1453 2400 1504 2406 —-
1532 2380 1644 2414 Cerea.
1665 2380 1782 2413 Vestis
1803 2393 1890 2413 cerea

1214 2434 1361 2475 (licitur,
1383 2446 1492 2479 quum
1517 2432 1603 2466 adeo
1624 2433 1740 2467 attrita
1758 2441 1828 2474 est,
1850 2441 1890 2466 ut

1214 2488 1399 2528 flavescat3
1419 2487 1473 2519 vel
1487 2499 1596 2532 quum
1612 2487 1695 2520 sebo
1712 2494 1746 2519 et
1761 2485 1891 2519 sudore

1215 2541 1314 2587 quasi
1334 2541 1485 2573 incerata
1499 2538 1649 2573 videtur.
1671 2537 1760 2572 Vide
1777 2539 1838 2572 lib.
1857 2539 1888 2577 Ι,

1215 2595 1327 2639 epigr.
1347 2605 1459 2634 XCIII,
1484 2605 1533 2626 vs.
1558 2605 1591 2637 7.
1611 2614 1663 2618 ——
1687 2591 1800 2628 Nudi.
1823 2600 1888 2625 etc.

1215 2647 1322 2682 Nullo
1353 2645 1508 2680 sindonis
1545 2654 1579 2679 et
1611 2643 1734 2679 lodicis
1774 2645 1890 2689 operi-
