2061 3288
451 219 1039 266 EPIGRAMMATUM
1078 219 1203 261 LlB.
1243 216 1306 258 ΙΙ.

1491 231 1587 276 229

822 378 950 435 LX.

702 536 756 564 IN
796 513 1067 563 HYLLUM.'‘

244 663 456 707 UXOREM
486 663 641 705 armati
669 661 825 717 futuis,
851 677 959 722 puer
987 658 1137 720 Hylle,
1168 657 1358 713 tribuni,

314 731 585 794 Supplicium
613 742 782 777 tantum
807 732 912 775 dum
944 729 1109 792 puerile
1135 730 1272 774 times.

244 805 322 847 Vae
343 804 447 859 tibi,
473 803 579 848 dum
603 802 735 860 ludis3
763 802 1008 848 castrabere
1029 818 1037 844 :
1062 801 1153 862 jam
1180 800 1288 844 mihi
1313 798 1456 853 dices,

313 876 416 920 Non
441 873 541 919 licet
567 875 650 919 hoc
677 892 685 918 ε
713 873 839 935 quid,
860 884 908 918 tu
929 872 1047 934 quod
1074 871 1203 927 facis,
1224 869 1374 931 Hylle,
1400 867 1527 912 licet?

228 1009 242 1024 ”
253 1014 292 1048 In
303 1014 425 1061 Hylam
435 1015 562 1048 lemnia
573 1014 662 1048 inest
674 1013 756 1048 edd.
769 1021 850 1047 vett.

231 1079 245 1100 1
257 1094 263 1099 .
283 1068 417 1100 Umrem
431 1070 556 1101 armati.
571 1067 695 1100 Monet
709 1067 855 1112 Hyllum

175 1129 216 1154 ut
234 1119 389 1155 discedat
411 1122 453 1154 ab
476 1133 586 1155 uxore
604 1121 742 1154 tribuni
761 1120 853 1153 mili-

175 1174 274 1213 taris,
295 1186 312 1207 a
324 1186 394 1219 quo
407 1173 651 1220 deprehensus
665 1186 737 1206 non
749 1172 855 1220 paedi-

174 1235 313 1260 caretur
330 1252 339 1267 ,
364 1226 424 1260 sed
451 1236 671 1261 castraretur.
694 1227 854 1272 Namque

174 1280 332 1325 quamvis
370 1281 511 1313 castrari
546 1293 657 1313 mares
687 1280 854 1313 vetuisset

173 1332 412 1374 Domitianus,
423 1331 595 1366 adulteria
611 1345 753 1378 quoque
775 1345 854 1378 pro-

174 1385 349 1420 hibuerat.
372 1386 466 1420 Suet.
490 1399 566 1432 cap.
592 1399 611 1431 7
631 1413 639 1425 ‚
662 1386 699 1418 in
722 1387 851 1419 Domit.

174 1459 226 1465 -—
258 1439 400 1473 Armati.
432 1439 587 1473 Tribuni
616 1439 783 1473 militares
798 1465 807 1481 ‚
836 1452 854 1472 a

174 1492 328 1525 tribunis
357 1493 490 1534 aerarii,
519 1506 535 1526 a
562 1492 714 1526 tribunis
744 1493 855 1537 plebis

177 1545 295 1578 etaliis
313 1544 637 1591 distinguebantur,
657 1545 753 1591 quod
765 1546 854 1579 latus

174 1599 364 1643 parazonio
375 1599 569 1645 cingerent.
581 1598 664 1632 Vid.
677 1599 737 1632 lib.
756 1600 856 1639 XIV,

176 1651 287 1697 epigr.
308 1664 422 1685 xxxxi.

235 1718 266 1738 -ι,
278 1704 562 1750 Supplicimnfacti
572 1717 625 1737 nec
636 1732 644 1745 ‚
657 1718 736 1749 puer
751 1705 788 1737 H
792 1706 850 1745 vyle,

916 1015 1002 1046 times
1024 1012 1261 1052 Pulmannus,
1283 1010 1505 1056 improbante
1527 1009 1594 1042 Ra-

914 1066 1066 1099 miresio.
1081 1065 1349 1110 ——Stcpplicium
1374 1064 1468 1096 Dum
1490 1062 1596 1096 confi-

914 1117 967 1153 dis
983 1119 1142 1160 natibus,
1156 1130 1295 1164 poenam
1311 1115 1484 1163 paediconi
1502 1116 1594 1149 solu-

916 1172 1157 1218 turus.Epigr.
1181 1182 1279 1205 van
1302 1183 1397 1215 supr.

969 1231 1004 1267 4.
1028 1226 1112 1258 Ant.
1142 1224 1181 1257 de
1212 1225 1304 1271 Rooy
1335 1223 1456 1256 scribit
1483 1235 1489 1253 :
1521 1222 1594 1254 Non

914 1279 987 1312 licet
1002 1280 1058 1311 hoc
1072 1292 1083 1311 .·
1093 1278 1198 1324 quid?
1216 1286 1248 1310 ῐιι
1261 1277 1436 1323 quodfacis
1450 1303 1457 1315 ,
1475 1275 1574 1319 Hylle
1584 1302 1592 1314 ,

915 1332 1015 1364 licet?
1036 1329 1336 1377 quemadmodum
1357 1331 1390 1363 τὸ
1411 1329 1489 1371 quid
1499 1334 1518 1360 Ρ
1537 1340 1594 1360 sae-

913 1385 992 1430 pius
1008 1384 1215 1418 sententiam
1237 1383 1395 1417 absolvit.
1411 1381 1504 1414 Vide
1524 1381 1595 1414 Cu-

913 1451 986 1484 per.
1005 1438 1106 1471 Obss.
1121 1438 1180 1471 lib.
1200 1438 1234 1470 II
1249 1462 1258 1477 ‚
1277 1448 1352 1481 cap.
1377 1448 1435 1468 20.
1453 1456 1504 1460 —
1521 1434 1594 1467 Non

915 1493 986 1524 licet
998 1492 1067 1525 hoc.
1083 1492 1174 1536 Lege
1185 1498 1327 1524 cautum
1344 1497 1405 1529 est,
1422 1500 1466 1521 ne
1487 1499 1596 1520 mares

916 1553 1181 1578 castrentur.—
1195 1543 1304 1588 Quid,
1321 1551 1388 1575 etc.
1407 1543 1460 1573 An
1481 1541 1597 1585 itaque

916 1599 1013 1631 nulla
1041 1610 1142 1643 poena
1165 1596 1292 1630 moechi
1317 1593 1540 1629 mulctandi?
1563 1601 1596 1625 et

916 1652 990 1696 ipse
1008 1651 1229 1684 Domitianus
1249 1649 1329 1683 tulit
1344 1649 1454 1693 legem
1476 1655 1597 1680 contra

916 1703 1103 1737 adulteros.

799 1847 972 1903 LXI.

669 2003 724 2031 IN
762 2002 1109 2031 MALEDICUM.

255 2128 405 2184 QUUM
436 2127 513 2171 tibi
540 2136 774 2170 vernarent
804 2127 936 2170 dubia
968 2126 1173 2187 lanugine
1202 2125 1351 2177 malae,

281 2225 285 2230 ·
326 2197 568 2242 Lambebat
595 2197 760 2241 medios
788 2197 988 2258 improba
1020 2196 1165 2258 lingua
1194 2197 1325 2239 viros.

244 2348 274 2368 1.
300 2336 489 2369 Pulmanni
517 2334 632 2369 codex
661 2336 789 2368 habet:
816 2344 860 2367 te-

185 2403 258 2422 nera
282 2389 429 2434 lanugine
451 2389 554 2421 maloe.
578 2387 661 2421 Vid.
686 2400 757 2421 var.
786 2397 859 2421 not.

185 2464 236 2469 —
249 2442 354 2487 Quum
370 2441 439 2481 tibi,
458 2450 522 2475 etc.
538 2442 671 2474 Acerbe
684 2441 862 2474 invehitur

186 2496 222 2528 in
236 2493 444 2528 maledicum
461 2493 664 2540 quemdam3
676 2494 736 2539 qui
755 2507 863 2539 quum

187 2557 287 2582 antea
310 2548 447 2582 fellator
470 2556 558 2581 esset
573 2572 582 2588 ‚
609 2546 738 2580 deinde
759 2548 863 2580 male-

189 2601 341 2634 dicentia
364 2602 513 2635 famosus
541 2601 650 2633 factus
674 2601 794 2633 fuerat.
816 2622 865 2626 ——-

193 2654 370 2687 Vernarelzt
387 2655 481 2687 dubia
494 2655 651 2693 lmzngine.
669 2656 864 2698 Antequam

921 2349 960 2369 ex
984 2336 1127 2380 ephebis
1154 2335 1379 2375 excessisse53
1413 2336 1576 2380 juventus
1593 2359 1602 2374 ‚

921 2389 1018 2433 quasi
1055 2400 1201 2420 vernum
1246 2387 1325 2419 vitae
1362 2396 1509 2431 tenipus.
1549 2409 1599 2413 —-

923 2441 1043 2474 Dubia.
1062 2441 1200 2473 Dicitur
1219 2439 1309 2473 illud
1329 2440 1455 2473 dubium
1470 2468 1478 2481 ‚
1503 2440 1599 2485 quod

923 2507 985 2527 nos
1008 2493 1123 2527 reddit
1146 2493 1324 2538 ancipites.
1355 2494 1411 2527 Sic
1439 2494 1533 2526 dubia
1555 2494 1600 2524 Ιιι-

924 2560 1008 2591 nugo
1029 2559 1066 2579 ea
1091 2555 1139 2580 est
1156 2571 1163 2582 ,
1184 2559 1259 2592 quae
1282 2547 1337 2579 vix
1361 2547 1469 2580 oculis
1489 2547 1602 2591 perci-

927 2601 1031 2645 pitur.
1057 2602 1208 2633 Hamil-es.

987 2668 1015 2687 ι.
1042 2654 1211 2686 Lambebat
1225 2654 1335 2685 »zedim
1361 2656 1438 2685 <istm
1450 2681 1456 2687 ,

1280 2723 1361 2768 15”’

1478 2661 1540 2685 etc.
1562 2651 1601 2684 Id
