2061 3288
461 252 525 298 68

457 342 561 374 busto
580 339 707 373 colono
729 346 895 372 strenuus
913 337 1035 371 rabula
1057 349 1139 370 mox

460 392 590 427 factus?
601 391 816 431 Videlib.V‚
826 403 949 432 x111,v.
966 391 1140 424 10.—Res

462 459 579 491 magna
604 453 660 479 est.
683 445 860 478 Domitius
883 444 968 489 legit
991 456 1055 489 per
1084 443 1139 476 in-

459 499 731 544 terrogationem
748 523 757 540 ‚
787 498 855 531 hoc
882 509 1008 531 sensu:
1030 497 1140 530 Estne

460 565 516 586 res
537 564 659 597 magna
679 563 782 597 quam
801 551 883 584 facit
899 549 1066 584 colonus?
1085 562 1140 584 co-

459 605 534 638 loni
551 605 645 638 enim
663 604 874 650 agricultura
896 603 1063 636 derelicta
1080 603 1140 636 fie-

459 659 545 691 bant
570 657 760 699 causidici3
782 657 879 703 quasi
900 655 992 690 dicat
1013 657 1138 689 Poeta:

458 711 549 744 Mihi
569 723 640 744 non
662 711 775 756 placet
795 708 885 743 illud
902 710 983 743 vitae
1005 722 1113 755 genus
1128 735 1138 751 ,

459 763 558 810 quod
578 763 680 798 multi
707 763 805 810 sequi
830 771 991 808 possunt.
1021 762 1140 796 Rami-

835 252 897 294 M.
922 251 1064 293 VAL.
1099 249 1495 293 MARTIALIS

1200 337 1309 370 resins
1329 348 1411 369 vero
1429 335 1516 368 mihi
1532 333 1672 368 videtur
1693 335 1815 368 melius
1829 337 1874 369 sic

1200 390 1372 435 explicare
1397 389 1493 422 hunc
1518 388 1637 421 locum
1660 400 1668 421 :
1696 388 1875 429 Colonus,

1200 442 1285 476 dum
1295 443 1379 476 colit
1395 454 1512 488 agros,
1527 442 1672 474 multam
1689 441 1875 486 pecuniam

1199 496 1503 541 congerit‚nempe
1514 507 1672 539 magnam
1685 506 1761 527 rem
1777 494 1877 535 facit,

1199 561 1313 594 neque
1337 557 1453 582 tamen
1472 548 1654 594 improbus
1675 547 1733 581 ille
1753 547 1875 587 labor,

1198 602 1280 635 licet
1299 602 1496 635 fructuosus
1510 628 1519 643 ,
1541 601 1630 633 mihi
1649 599 1792 634 arridet.
1812 601 1879 633 Ita-

1200 667 1268 701 que
1286 655 1389 689 Titus
1410 655 1537 688 frustra
1567 654 1693 687 invitat
1717 662 1877 687 nostrum

1200 709 1343 742 Poetam
1358 720 1368 750 3
1392 708 1524 741 mavult
1540 708 1768 747 enin1„Musas
1784 706 1877 740 cole-

1200 775 1238 795 re
1251 788 1260 803 ‚
1279 762 1359 795 licet
1372 761 1504 795 steriles
1515 786 1525 804 ‚
1541 773 1646 807 quam
1663 761 1776 794 facere
1790 771 1878 793 rem.

1077 897 1253 954 XIX.

986 1048 1055 1077 AD
1093 1028 1359 1077 Τυο(3ΑΜ.“ι

531 1175 664 1232 QUID
691 1182 732 1217 te
749 1208 759 1228 ,
782 1174 953 1227 Tucca,
973 1172 1100 1232 juvat
1130 1171 1277 1216 vetulo
1306 1172 1489 1215 miscere
1518 1169 1702 1214 Falerno

602 1246 655 1288 In
677 1244 901 1288 Vaticanis
927 1243 1103 1287 condita
1127 1253 1270 1287 musta
1296 1241 1448 1286 cadis?

532 1315 652 1373 Quid
682 1324 852 1359 tantum
884 1313 1026 1358 fecere
1055 1314 1160 1358 boni
1189 1315 1265 1357 tibi
1291 1315 1478 1375 pessima
1509 1312 1642 1356 x‘ina'?

601 1388 690 1430 Aut
717 1385 821 1446 quid
849 1384 1049 1429 fecerunt
1078 1386 1242 1446 optima
1272 1386 1374 1429 vina
1405 1383 1537 1428 mali?

530 1459 600 1501 De
626 1456 752 1500 nobis
782 1454 908 1499 facile
938 1465 1003 1500 est
1030 1473 1038 1499 :
1067 1454 1206 1500 scelus
1233 1465 1297 1499 est
1320 1454 1521 1517 jugulare
1553 1454 1808 1508 Falernum,
1866 1474 1880 1496 ε.

602 1529 660 1571 Et
688 1526 792 1570 dare
818 1527 1045 1587 Campano
1072 1528 1217 1571 toxica
1245 1543 1358 1571 saeva
1389 1542 1524 1570 mero.

533 1598 743 1643 Convivae
769 1613 968 1641 meruere
995 1598 1059 1641 tui
1085 1597 1268 1642 fortasse
1298 1599 1442 1658 perire
1465 1614 1473 1640 :

602 1668 830 1729 Amphora
856 1684 945 1711 non
970 1670 1132 1713 meruit
1160 1678 1249 1713 tam
1282 1669 1472 1730 pretiosa
1500 1668 1624 1711 mori.

516 1804 530 1817 '¹
551 1808 707 1841 Tuccam
736 1817 881 1839 avarum
913 1805 1144 1851 reprehendit

462 1860 634 1894 Martialis
653 1859 732 1906 qui,
749 1871 821 1904 quo
841 1859 1038 1892 minoribus
1058 1871 1145 1892 con-

461 1915 557 1948 vivas
580 1925 657 1947 suas
680 1912 855 1958 exciperet
878 1911 1067 1957 impensis,
1092 1912 1144 1945 vi-

464 1980 551 2000 num
575 1967 767 2012 pessimum
792 1977 873 1999 cum
894 1965 1028 2011 optimo
1056 1965 1145 1998 mix-

466 2029 543 2054 tum
560 2020 602 2053 iis
616 2020 759 2064 jubebat
779 2019 929 2064 apponi3
948 2018 1065 2064 sicque
1081 2018 1145 2051 Fa-

465 2074 609 2106 lernum
624 2072 718 2118 quasi
732 2070 1055 2117 occidebat‚quod‚
1072 2071 1145 2104 No·

467 2127 528 2160 stri
546 2126 717 2159 sententia
730 2150 739 2165 ‚
759 2125 870 2158 scelus
889 2124 1048 2170 capitale.
1061 2124 1130 2157 En.

526 2191 539 2211 1
551 2206 558 2213 .
571 2179 723 2212 Falerno.
738 2178 873 2210 Vinum
887 2184 960 2212 erat
973 2177 1146 2223 optimum

468 2232 504 2264 in
527 2231 719 2278 Campania
731 2256 740 2271 ‚
758 2231 868 2264 Italiae
885 2230 1040 2275 regione.

525 2299 557 2318 2.
575 2285 615 2318 In
633 2285 810 2317 Vaticanis.
826 2283 961 2316 Vinum
981 2291 1053 2316 erat
1069 2295 1146 2328 pes-

469 2338 600 2371 simum
613 2338 650 2370 in
666 2349 748 2382 agro
768 2337 940 2370 Vaticano
953 2348 1064 2382 prope
1080 2337 1147 2370 Ro-

470 2403 563 2423 mam
597 2399 732 2423 natum.
758 2411 809 2416 ——-
836 2390 958 2423 Masta.
991 2390 1148 2423 Mustum

471 2452 521 2476 est
540 2442 665 2475 vinum
680 2455 799 2476 recens
814 2455 832 2475 e
849 2442 992 2476 racemis
1011 2455 1150 2488 expres-

470 2509 548 2529 sum
560 2521 570 2537 ‚
584 2504 687 2541 atque
706 2495 785 2529 ideo
800 2508 925 2542 parum
944 2496 1100 2538 salubre,
1115 2504 1149 2530 et

470 2549 560 2582 male
579 2547 693 2582 dulce.

525 2602 557 2634 5.
581 2602 632 2634 De
649 2601 736 2634 nobis
748 2603 849 2644 facile
868 2610 923 2635 est.
948 2601 1063 2636 Facile
1084 2601 1148 2636 tibi

1203 1806 1306 1839 venia
1331 1804 1495 1847 daretur,
1520 1804 1661 1839 sordide
1684 1805 1819 1846 Tucca,
1852 1804 1879 1838 si

1203 1872 1324 1893 omnes
1344 1859 1510 1893 convivas
1521 1857 1715 1900 occideres3
1729 1867 1763 1891 at
1776 1870 1882 1903 quan-

1204 1921 1277 1945 tum
1312 1913 1424 1946 scelus
1453 1921 1487 1946 et
1517 1924 1619 1957 quam
1649 1911 1881 1957 inexpiabile,

1204 1964 1365 2000 occidere
1382 1965 1520 2006 vinum,
1533 1965 1667 1998 sublato
1682 1967 1754 2009 ejus
1768 1965 1882 1998 calore

1204 2019 1365 2058 animali,
1388 2027 1422 2052 et
1448 2030 1571 2064 sapore
1597 2018 1789 2063 corrupto!
1812 2018 1882 2052 En.

1259 2074 1293 2104 6.
1328 2071 1544 2104 Pulmannus
1578 2071 1706 2116 aliique
1742 2071 1881 2116 legunt,

1206 2126 1311 2157 toxica
1330 2125 1408 2156 vina
1434 2124 1524 2158 cado.
1551 2144 1603 2151 -—
1630 2125 1662 2156 T
1660 2125 1764 2157 aeica.
1781 2123 1882 2156 Vati-

1204 2189 1288 2210 cana
1315 2189 1453 2223 vappa,
1485 2176 1580 2222 quod
1609 2185 1660 2210 est
1690 2176 1787 2222 quasi
1821 2188 1881 2210 ve-

1205 2243 1348 2264 nenum.
1367 2231 1541 2263 Toxicum
1558 2239 1674 2263 autem
1691 2242 1710 2262 a
1725 2238 1808 2263 taxo
1826 2241 1883 2262 ve-

1206 2295 1337 2316 nenosa
1356 2283 1498 2324 arbore,
1517 2283 1573 2316 vel
1593 2295 1612 2316 a
1637 2283 1745 2316 verbo
1770 2283 1857 2322 τόξος
1872 2308 1880 2323 ,

1206 2349 1323 2376 arcus;
1349 2336 1431 2382 quia
1468 2336 1615 2369 Barbari
1645 2348 1781 2369 veneno
1815 2335 1882 2368 tela

1206 2390 1357 2434 tingunt.

1263 2444 1297 2476 8.
1309 2442 1486 2487 Amphora.
1498 2441 1645 2487 Proprie
1658 2449 1707 2474 est
1721 2452 1883 2473 mensura

1208 2494 1427 2542 liquidorum
1441 2494 1619 2540 octoginta
1636 2494 1741 2527 libras
1756 2494 1883 2527 Roma-

1207 2561 1268 2582 nas
1300 2548 1483 2582 continens
1495 2572 1504 2588 ‚
1534 2546 1592 2580 hic
1625 2559 1707 2580 vero
1735 2546 1884 2580 sumitur

1208 2614 1274 2647 pro
1293 2614 1371 2636 vase
1391 2599 1537 2635 vinario.
