2061 3288
472 214 568 258 322
843 215 906 257 M.
931 215 1073 258 VAL.
1106 215 1501 258 MARTIALIS

607 303 667 345 Et·
689 303 922 346 vinitorem
949 301 1062 346 farre
1088 304 1228 363 pascis
1252 303 1444 359 urbano,

607 374 860 433 Pictamque
890 382 1039 433 portas
1069 374 1234 417 otiosus
1259 373 1314 416 ad
1342 372 1487 417 villam

607 442 739 499 Olus,
764 459 868 497 ova,
896 442 1058 504 pullos,
1084 460 1241 505 poma,
1268 459 1466 500 caseum,
1491 454 1698 488 mustum.

606 516 697 557 Rus
723 514 808 558 hoc
834 515 983 558 vocari
1007 513 1157 571 debet,
1181 530 1237 558 an
1262 514 1419 558 domus
1443 514 1602 576 longe?

465 656 516 687 De
532 654 658 700 Priapo
673 653 747 687 vid.
759 654 819 687 lib.
834 654 851 685 Ι
861 679 870 695 ,
890 653 1000 699 epigr.
1014 665 1120 687 XXXVI
1133 679 1142 695 ‚

465 719 567 741 versu
591 720 604 740 1
616 708 648 740 5.

521 761 579 799 48.
599 761 648 793 Et
659 761 824 792 vinitorem
837 786 846 800 ,
867 767 932 800 etc,
944 760 1065 801 Quum
1081 768 1145 793 ste-

463 813 536 846 rilis
559 813 640 845 villa
661 825 733 844 nou
761 812 828 845 alat
850 812 1008 845 villicum
1030 825 1141 846 suum.

462 888 513 893 —
536 866 675 899 Urbano.
696 865 772 898 Hoc
791 878 893 898 versu
913 874 947 898 et
964 866 1143 911 sequenti-

461 919 526 952 bus
542 919 696 951 breviter
712 918 915 964 perstringit
927 945 935 959 ,
951 931 1026 964 quae
1041 919 1143 952 latius

462 970 506 1004 de
536 973 640 1004 Basso
675 971 792 1004 villam
828 979 970 1017 petente
1005 971 1143 1006 dixerat

462 1037 558 1070 supr.
580 1025 690 1070 epigr.
710 1036 823 1056 xn‘n.

516 1082 576 1121 49.
599 1078 737 1110 Pictam.
758 1077 847 1109 Visu
867 1089 1037 1111 amoenam
1053 1103 1062 1117 ‚
1081 1076 1142 1110 sed

460 1131 581 1163 oculos
598 1138 734 1163 tantum
752 1138 952 1175 pascentem
966 1155 973 1167 ‚
991 1142 1056 1163 nec
1071 1143 1142 1164 ma-

460 1183 510 1228 gis
541 1191 690 1216 saturam
708 1210 716 1223 ,
742 1195 846 1228 quam
878 1195 954 1229 quae
981 1183 1018 1216 in
1044 1183 1140 1228 picta

459 1237 576 1269 tabula
599 1236 821 1280 exprimitur.
837 1235 972 1269 Alludit
991 1237 1079 1269 forte
1096 1236 1139 1270 ad

458 1288 547 1321 illud
578 1289 723 1333 Cynici,
752 1289 812 1334 qui
839 1302 940 1322 servo
971 1289 1140 1323 esurienti

458 1342 568 1386 pictas
580 1342 784 1375 ostendebat
792 1341 899 1386 dapes
909 1367 917 1380 ,
930 1354 1006 1386 quae
1020 1342 1140 1375 oculos

458 1403 639 1440 pascerent
650 1420 658 1433 ,
675 1407 747 1427 non
762 1394 1138 1428 ventrem.—Otiosus.

459 1447 583 1480 Omnis
606 1455 721 1481 autem
751 1447 881 1480 familia
909 1446 1045 1480 diverse
1068 1455 1140 1481 erat

1203 661 1371 698 occupata
1381 653 1527 695 invilla;
1540 653 1612 687 vid.
1627 667 1705 700 sup.
1719 668 1754 689 v.
1773 660 1817 695 24
1835 655 1878 689 ad

1201 718 1318 740 xxxn.
1326 707 1392 739 En.
1402 707 1523 740 -Vel
1535 707 1689 753 intellige
1701 710 1832 741 otiosum
1841 722 1882 742 ex

1203 760 1299 793 urbis
1321 759 1432 798 curis,
1457 767 1490 793 et
1511 760 1688 794 laboribus
1713 761 1881 795 solutum.

1258 814 1318 846 51.
1347 813 1475 845 Junius
1499 813 1687 858 legendum
1713 814 1884 848 existima-

1201 866 1261 899 bat
1275 891 1283 907 ‚
1304 879 1345 898 an
1363 866 1470 898 domus
1487 858 1601 911 longa,
1623 867 1882 912 refragantibus

1201 918 1298 951 libris
1312 945 1320 960 ‚
1343 927 1375 952 et
1402 919 1621 964 improbante
1646 919 1812 954 Heraldo.
1830 941 1882 946 --

1200 972 1267 1004 Rus
1279 972 1335 1005 hoc
1347 972 1574 1013 vocarz‘debet,
1592 985 1632 1004 αη
1643 973 1751 1005 domus
1765 974 1882 1017 longe?

1200 1025 1294 1057 Villa
1308 1034 1367 1058 tua
1379 1051 1388 1067 ‚
1406 1037 1426 1057 0
1443 1026 1546 1058 Basse
1558 1051 1566 1065 ‚
1580 1038 1623 1058 an
1642 1025 1746 1058 debet
1765 1027 1882 1059 vocari

1199 1076 1373 1123 praedium
1383 1104 1391 1119 ,
1407 1091 1450 1110 an
1463 1078 1580 1123 potius
1590 1079 1720 1111 urbana
1735 1077 1862 1112 domus
1872 1105 1880 1120 ‚

1201 1130 1262 1164 sed
1281 1131 1382 1176 longe
1404 1131 1446 1163 ab
1465 1132 1553 1164 urbe
1574 1132 1707 1177 posita;
1727 1132 1816 1165 nihil
1839 1133 1883 1165 ab

1200 1184 1346 1217 urbanis
1378 1182 1542 1217 domibus
1570 1183 1767 1230 discrepans
1783 1210 1791 1226 ‚
1814 1185 1881 1218 nisi

1200 1236 1297 1282 quod
1321 1249 1394 1270 non
1417 1237 1453 1269 in
1476 1237 1564 1270 urbe
1589 1237 1660 1270 sit?
1687 1259 1739 1264 —-
1760 1238 1882 1270 Domus

1200 1289 1303 1334 longe.
1326 1290 1560 1323 Hellenismus
1575 1302 1583 1323 :

1200 1342 1249 1375 sic
1282 1343 1507 1387 Propertius,
1532 1343 1594 1376 lib.
1623 1344 1662 1381 Ι,
1690 1344 1772 1388 eleg.
1808 1355 1879 1376 20:

1205 1412 1217 1424 ιι
1245 1395 1424 1439 Egressam
1463 1396 1566 1439 longe
1606 1395 1774 1430 Phasidos
1808 1408 1882 1430 esse

1200 1460 1304 1480 nam.
1328 1465 1340 1477 »

1609 1291 1623 1322 ὃ
1645 1291 1750 1335 πέρῥω
1775 1293 1879 1332 ῡίκος;

1084 1578 1248 1633 LIX.

601 1729 663 1756 DE
704 1728 910 1756 SUTORE
951 1729 1013 1756 ET
1052 1728 1329 1767 FULLONE,
1363 1709 1736 1757 MUNERARIIS.*

526 1850 682 1893 SUTOR
713 1847 844 1891 cerdo
876 1847 994 1891 dedit
1025 1847 1126 1903 tibi,
1157 1846 1273 1891 culta
1299 1849 1519 1902 Bononia,
1545 1864 1717 1892 munus.

595 1917 719 1962 Fullo
744 1917 864 1961 dedit
888 1919 1071 1962 Mutinae
1105 1935 1114 1961 :

508 2046 522 2060 ⁹
543 2049 754 2096 Indignatur
778 2050 883 2083 Poeta
898 2076 906 2091 ,
930 2049 1025 2095 quod
1044 2050 1137 2083 vilis·

456 2104 535 2137 simi
553 2105 656 2137 etiam
678 2103 837 2136 homines
863 2102 968 2136 edant
991 2115 1136 2136 munera

455 2156 660 2201 gladiatoria
674 2182 683 2196 ,
703 2168 813 2202 quum
835 2155 871 2188 id
888 2156 972 2188 olim
994 2156 1135 2189 nonnisi

456 2209 663 2243 clarioribus
689 2209 773 2242 viris
796 2209 926 2243 liceret.
954 2209 1016 2241 Est
1042 2210 1135 2242 enim

457 2261 552 2307 apud
573 2263 758 2304 Tacitum,
780 2262 842 2295 lib.
866 2263 919 2294 IV
938 2261 1064 2294 Annal.
1083 2273 1135 2294 se-

456 2315 760 2349 natusconsultum
775 2340 783 2353 ‚
815 2328 885 2360 quo
907 2323 1050 2348 cavetur
1065 2341 1074 2356 ‚
1092 2326 1136 2347 ne

456 2368 534 2412 quis
552 2367 798 2413 gladiatorium
814 2380 941 2401 munus
957 2366 1037 2401 edat
1051 2389 1062 2406 ‚
1080 2367 1136 2401 cui

457 2420 576 2453 minus
610 2420 950 2466 quadringentorum
983 2420 1136 2453 millium

456 2485 510 2506 res
528 2473 583 2506 sit.
604 2473 687 2505 Vid.
707 2486 786 2519 quae
806 2473 1050 2507 adnotavimus
1066 2473 1136 2518 epi-

456 2538 599 2570 gramm.
620 2538 680 2559 xw
701 2539 793 2571 supr.

515 2591 546 2611 1.
567 2578 664 2611 Sutor
688 2579 788 2611 cerdo.
818 2580 893 2612 Hoc
919 2579 1012 2612 enim
1032 2587 1134 2624 auget

458 2629 701 2677 indignitatem
716 2643 725 2673 ;
744 2644 814 2664 non
833 2632 947 2677 quivis
962 2641 1060 2666 sutor
1074 2631 1133 2665 dat

1146 1935 1263 1962 nunc
1293 1919 1369 1962 ubi
1399 1934 1539 1979 caupo
1572 1917 1722 1962 dabit?

1196 2062 1341 2083 munera
1357 2075 1366 2090 ‚
1398 2048 1459 2082 sed
1505 2059 1602 2083 sutor
1643 2050 1749 2084 cerdo
1763 2077 1772 2093 ‚
1808 2052 1877 2086 hoc

1197 2110 1247 2136 est
1264 2111 1424 2136 sutorum
1446 2103 1752 2148 postremissimus.
1767 2104 1876 2138 Sutor

1194 2155 1290 2188 enim
1312 2164 1345 2189 et
1369 2154 1473 2189 cerdo
1499 2156 1567 2190 hoc
1587 2156 1758 2190 differunt
1778 2157 1874 2203 quod

1195 2217 1292 2242 sutor
1315 2209 1418 2242 faciat
1438 2209 1593 2251 calceos,
1617 2209 1721 2243 cerdo
1743 2211 1876 2245 reficiat

1195 2271 1330 2295 veteres
1342 2287 1351 2303 ‚
1371 2260 1468 2294 unde
1486 2262 1543 2295 hic
1558 2264 1872 2297 veteramentarius

1197 2315 1301 2348 etiam
1329 2315 1534 2360 appellatur.
1557 2336 1610 2342 —
1634 2315 1742 2349 Culta.
1770 2317 1875 2350 Culta

1197 2368 1373 2408 moribus,
1398 2367 1509 2401 literis
1536 2376 1570 2401 et
1594 2368 1779 2401 hominum
1809 2369 1875 2402 fre-

1196 2421 1348 2466 quentia.
1376 2441 1428 2449 —-
1454 2420 1612 2454 Bononia.
1632 2422 1800 2466 Bologna,
1833 2422 1870 2454 in

1196 2473 1336 2506 AEmilia
1350 2498 1358 2514 ‚
1388 2473 1510 2507 Galliae
1529 2474 1670 2519 Togatae
1688 2482 1798 2520 parte.
1821 2495 1872 2500 ———

1194 2527 1323 2560 Munus.
1335 2525 1475 2559 Ludum
1493 2525 1741 2571 gladiatorium
1754 2539 1762 2567 ;
1777 2526 1872 2560 unde

1194 2579 1386 2613 munerarii
1402 2604 1411 2619 ‚
1433 2578 1583 2612 editores
1602 2591 1800 2612 munerum.

1250 2645 1280 2665 2.
1301 2633 1342 2665 In
1366 2631 1445 2665 edd.
1466 2640 1548 2666 vett.
1573 2630 1652 2666 Ald.
1677 2633 1778 2666 Junt.
1803 2632 1870 2664 Co-
