2061 3288
468 211 1050 259 EPIGRAMMATUM
1090 211 1212 253 LIB.
1254 211 1289 251 I.

1471 204 1561 251 123

288 304 462 358 Flacco,
489 303 725 347 Antenorei
753 317 848 363 spes
875 310 917 344 et
941 298 1112 343 alumne
1141 297 1263 341 Laris
1280 331 1290 349 ‚

223 375 384 419 Pierios
409 373 538 418 differ
562 383 802 434 cantusque
825 372 1068 430 chorosque
1094 384 1296 413 sororum
1323 384 1328 409 :

294 447 368 490 AEs
393 443 510 488 dabit
538 461 591 488 ex
619 444 710 488 istis
733 443 850 487 nulla
876 440 1018 504 puella
1041 440 1131 484 tibi.

227 515 345 574 Quid
373 516 481 576 petis
504 531 528 558 a
554 512 751 559 Phoebo?
775 529 979 557 nummos
1006 511 1137 554 habet
1165 526 1266 554 arca
1293 510 1529 552 Minervas:
1553 528 1565 549 f,

296 588 399 630 Haec
425 587 561 646 sapit,
588 586 678 629 liaec
710 601 860 629 omnes
889 583 1073 628 foenerat
1099 596 1185 624 una
1213 582 1345 624 Deos.

228 656 345 715 Quid
372 665 549 717 possent
574 655 744 700 hederae
768 655 926 700 Bacchi
952 651 1082 697 dare?
1107 649 1291 696 Palladis
1318 650 1449 694 arbor

158 796 254 818 nunc
277 783 441 825 consulo,
465 796 573 829 quum
602 784 665 818 tibi
694 796 836 830 persua-

160 836 262 871 deam
283 849 396 870 musas
409 849 482 871 esse
496 836 754 883 relinquendas.
771 837 836 870 Eo.

215 903 249 923 2.
272 891 448 924 Antenorei
462 903 528 934 spes
545 898 574 922 el
591 891 716 923 alumne
735 890 838 923 Laris.

162 942 258 976 Civis
291 942 493 976 patavinus.
530 943 703 988 Trojanus
733 944 840 976 Ante-

162 989 366 1041 nor(Virg.
391 995 529 1029 AEneid.
551 996 610 1030 lib.
627 990 667 1039 I)
688 994 842 1029 Paduam

163 1048 286 1081 urbem
299 1074 308 1089 ,
321 1049 376 1082 vel
392 1049 573 1082 Patavium
591 1047 772 1089 condidit,
794 1049 842 1082 sic

165 1101 374 1146 appellatam
393 1102 475 1147 quia
496 1111 546 1136 est
563 1101 605 1135 ad
625 1101 770 1136 Padum.
791 1123 843 1128 -—-

165 1154 269 1187 Laris.
282 1154 386 1187 Lares
398 1155 459 1199 qui
472 1155 597 1200 saepius
613 1168 678 1201 pro
689 1154 820 1188 aedibus
835 1180 844 1196 ,

169 1206 227 1240 hic
249 1219 314 1252 pro
334 1208 420 1240 urbe
443 1218 642 1241 sumuntur.

223 1260 257 1293 3.
277 1260 400 1292 Pierios
414 1260 512 1304 differ
529 1269 638 1293 cantus
649 1288 656 1299 ,
677 1270 846 1306 cantusque

169 1325 308 1345 sororum
336 1313 418 1346 citat
436 1314 588 1358 Langius
611 1326 650 1346 ex
674 1312 730 1347 ed.
762 1314 844 1346 Pul-

169 1365 299 1398 manni.
311 1387 363 1392 —-
373 1367 494 1408 Diffi-r.
507 1365 689 1411 Suspende
700 1367 737 1398 in
753 1365 847 1399 aliud

171 1426 327 1463 tempus,
354 1431 465 1463 quum
489 1432 638 1464 praesens
667 1419 848 1453 necessitas

171 1472 346 1516 postulet,
366 1479 404 1504 ut
423 1484 497 1504 rem
517 1472 632 1505 facias.

227 1529 258 1564 4.
286 1525 386 1557 Junt.
415 1537 508 1557 anno
536 1526 629 1559 1512
656 1527 774 1557 urstis.
799 1545 851 1553 —-

173 1578 229 1610 Ea:
243 1580 310 1610 istis
323 1577 411 1610 nulla
422 1578 541 1622 puella.
557 1600 606 1604 --
624 1578 727 1611 Nulla
741 1590 848 1611 musa.

229 1630 261 1663 5.
291 1630 388 1674 Quod
407 1639 487 1674 pelis
512 1645 530 1662 a
553 1631 688 1671 Pha-bo,
714 1644 852 1663 nummos

176 1682 212 1715 in
226 1682 434 1727 quibusdam
451 1696 461 1724 3
478 1684 569 1727 Quid
579 1687 660 1728 petis
677 1698 695 1716 α
712 1684 849 1721 Plzrrlw,

177 1748 314 1767 nummos
347 1735 534 1781 legendum
563 1745 679 1769 censet
715 1737 853 1769 Grono-

177 1789 273 1830 vius;
291 1789 337 1821 ita
351 1797 443 1822 certe
454 1788 686 1822 Sehrevelius.
701 1810 751 1815 —
767 1789 858 1833 Quid

175 1843 256 1885 petis
273 1854 293 1873 α
309 1841 438 1874 Plzoebo.
459 1841 556 1883 Quid
578 1855 661 1888 opes
680 1850 856 1887 exspectas

180 1895 222 1927 ab
239 1894 425 1939 Apolline?
439 1894 511 1940 ipse
533 1907 668 1940 pauper
686 1903 753 1936 est;
773 1893 857 1939 quid

181 1955 287 1980 erunt
308 1948 384 1992 ejus
402 1947 535 1980 alumni
558 1947 794 1992 clientesque?
814 1949 858 1980 At

181 1999 341 2033 Minerva
358 2012 499 2045 magnas
518 2001 624 2034 habet
645 2002 682 2034 in
704 2013 781 2034 arca
800 2013 860 2034 sua

183 2051 343 2090 divitias,
372 2065 457 2098 quas
482 2052 665 2088 causidicis
694 2053 860 2098 largiatur

183 2105 253 2138 suis
271 2105 477 2140 cultoribus.

240 2159 274 2190 6.
291 2158 373 2191 Hoec
386 2171 477 2203 super
491 2160 557 2192 koec
576 2173 679 2192 omnes
692 2187 701 2200 ‚
723 2169 805 2200 etc.‚
826 2160 861 2192 in

185 2221 294 2255 marg.
327 2209 384 2244 ed.
403 2212 501 2245 Junt.
533 2224 639 2257 penes
665 2211 837 2246 editorem
854 2238 862 2253 ,

186 2262 282 2296 unde
301 2263 417 2297 forsan
433 2264 543 2309 proba
565 2265 669 2298 lectio
689 2265 766 2299 elici
783 2277 864 2310 pos-

187 2316 244 2357 sit,
253 2316 336 2348 Haec
349 2329 441 2361 super
455 2318 509 2349 lzos
523 2330 638 2357 omnes,
656 2326 734 2358 etc.‚
748 2316 785 2350 id
802 2326 862 2353 est,

187 2368 348 2402 Minerva
375 2368 540 2411 foenerat‚
560 2378 593 2403 et
614 2371 757 2415 supplet
775 2369 865 2403 divi-

189 2421 252 2455 tias
272 2429 400 2467 praeter
413 2434 534 2455 omnes
553 2422 617 2455 hos
633 2422 719 2456 deos
734 2449 741 2463 ‚
762 2424 867 2468 Apol-

189 2474 298 2507 linem
328 2475 459 2508 scilicet
492 2484 525 2508 et
556 2488 681 2509 musas.
712 2478 758 2509 At
785 2475 866 2509 vide

189 2539 262 2560 var.
283 2535 392 2560 notas.
419 2543 471 2550 —
497 2529 580 2561 Haec
603 2532 695 2573 sapit.
717 2530 790 2570 Qui
819 2528 869 2562 di-

191 2579 344 2613 tissimus
367 2589 435 2621 est,
456 2580 550 2614 idem
572 2582 867 2627 sapientissimus3

193 2631 263 2665 vid.
276 2632 591 2675 Horat.lih.11‚sat.
604 2636 636 2675 3,
649 2647 667 2679 7
677 2639 713 2675 4':
728 2635 869 2669 “Omnis

897 782 990 816 enim
1018 793 1090 824 res,
1118 781 1261 821 Virtus,
1297 780 1410 820 fama,
1439 776 1546 811 decus
1565 802 1574 817 ‚

897 834 1016 869 divina
1049 834 1274 880 humanaque
1301 831 1456 878 pulchris
1475 830 1575 863 Divi-

899 889 956 922 tiis
978 894 1122 934 parent,
1147 899 1234 934 quas
1261 886 1322 932 qui
1341 884 1555 919 contraxerit
1569 910 1578 923 ,

900 942 958 975 ille
981 941 1104 975 Clarus
1126 940 1214 981 erit,
1240 939 1340 974 fortis
1354 963 1364 980 ‚
1391 939 1514 984 justus.

900 992 1116 1040 Sapiensne?
1135 993 1258 1027 etiam!
1275 1001 1309 1026 et
1326 1004 1405 1033 rex,
1422 992 1467 1024 Et
1480 987 1582 1035 quid-

901 1046 988 1093 quid
1020 1047 1125 1080 volet.
1144 1064 1158 1076 ι
1185 1067 1236 1073 —
1257 1045 1314 1080 Sic
1338 1056 1482 1091 quoque
1511 1043 1579 1076 Bo-

902 1101 984 1134 laeus
1008 1108 1125 1134 noster
1138 1126 1147 1141 ‚
1167 1098 1268 1145 epist.
1286 1099 1325 1137 5,
1346 1111 1387 1142 9¹
1413 1109 1419 1129 :

904 1166 971 1189 Dans
982 1173 1033 1188 mos
1047 1162 1140 1188 coffres
1153 1169 1210 1188 tout
1222 1162 1305 1196 pleins
1322 1163 1353 1186 de
1367 1170 1435 1185 rates
1456 1160 1563 1194 qualites
1576 1179 1580 1186 ,

903 1211 953 1235 J'ai
966 1216 1023 1235 cent
1033 1210 1102 1234 mille
1116 1216 1202 1234 vertus
1212 1218 1243 1233 en
1255 1209 1320 1233 louis
1330 1208 1389 1231 bien
1404 1207 1524 1239 comptis*
1534 1205 1574 1230 Ei»

906 1280 955 1285 ——
974 1258 1135 1292 Faenemt.
1157 1258 1286 1291 Tantas
1303 1257 1406 1290 habet
1423 1266 1528 1300 opes,
1543 1262 1583 1287 ut

905 1321 1064 1344 mutuam
1082 1310 1165 1345 dare
1179 1311 1366 1356 pecuniam
1383 1308 1490 1354 possit
1506 1307 1579 1340 Diis

906 1364 1070 1398 omnibus
1082 1391 1092 1406 ,
1111 1364 1292 1409 egentibus
1311 1363 1461 1402 scilicet,
1489 1369 1522 1394 et
1541 1373 1584 1393 aes

908 1418 1059 1451 alienum
1073 1417 1280 1451 contrahere
1297 1416 1435 1449 coactis.
1452 1415 1518 1447 ΕΙ).
1534 1434 1585 1439 —-

907 1470 976 1503 Alii
993 1469 1191 1515 intelligunt
1205 1483 1215 1511 3
1235 1471 1325 1502 Arca
1340 1469 1509 1501 Minervae
1524 1466 1587 1499 tri·

909 1524 986 1557 huit
1005 1536 1126 1556 omnes
1145 1522 1229 1556 deos
1243 1549 1252 1565 ,
1271 1521 1307 1555 id
1323 1530 1392 1563 est,
1413 1518 1587 1566 quidquid

910 1578 1094 1621 separatim
1106 1576 1294 1610 conferunt
1307 1575 1420 1609 caeteri
1434 1573 1502 1609 dii,
1520 1584 1588 1605 una

911 1630 1014 1663 simul
1031 1630 1165 1662 confert
1177 1655 1185 1671 ‚
1196 1629 1388 1674 potentiam
1404 1655 1411 1668 ,
1430 1625 1588 1672 pulchri-

913 1682 1072 1715 tudinem
1088 1707 1098 1721 ,
1119 1682 1298 1727 ingenium
1314 1708 1322 1722 ‚
1342 1690 1405 1714 etc.

969 1749 1001 1780 7.
1020 1736 1111 1780 Quid
1118 1744 1251 1780 possunt
1263 1735 1383 1766 lzederoe
1400 1733 1478 1766 Ald.
1495 1733 1593 1764 Junt.

915 1788 1030 1821 Colin.
1063 1789 1136 1821 aliae
1161 1797 1244 1822 vett.
1276 1809 1325 1814 -—
1359 1786 1449 1831 Quid
1468 1792 1594 1830 possent

917 1841 1037 1874 hedera:
1048 1841 1168 1874 Bacchi
1183 1837 1285 1873 dare?
1294 1841 1424 1880 Poetae,
1439 1839 1498 1884 qui
1514 1845 1595 1871 sunt

918 1896 952 1927 in
971 1895 1081 1928 tutela
1103 1894 1245 1935 Bacchi,
1264 1893 1523 1927 coronabantur
1536 1891 1596 1923 he-

918 1946 999 1980 dera
1013 1974 1022 1988 ‚
1054 1959 1130 1992 quae
1163 1947 1246 1980 huic
1277 1945 1345 1979 deo
1371 1958 1466 1979 sacra
1500 1951 1596 1984 erat;

919 2001 1020 2046 Virg.
1040 2000 1303 2044 Eclog.VI1.—-
1323 1998 1459 2032 Sterilis
1480 2005 1595 2030 autem

920 2062 970 2086 est
988 2052 1140 2093 hedera;
1161 2061 1196 2086 at
1220 2053 1297 2086 olea
1318 2053 1439 2085 baccas
1462 2049 1599 2096 profert

921 2119 1071 2151 quarum
1096 2104 1253 2151 pondere
1279 2117 1394 2138 ramos
1414 2103 1598 2148 depressos

921 2160 1049 2201 habet;
1071 2159 1139 2192 hoc
1158 2167 1208 2192 est
1221 2185 1230 2200 ‚
1251 2158 1353 2203 friget
1374 2157 1488 2202 poesis
1502 2182 1510 2198 ‚
1530 2155 1599 2188 fer-

923 2221 979 2246 vet
1007 2226 1044 2246 ac
1067 2211 1207 2246 ditescit
1229 2212 1355 2245 forum.
1377 2211 1438 2243 Est
1460 2207 1598 2242 Phaedri

926 2266 1106 2310 Apologus
1118 2291 1126 2306 ‚
1145 2265 1208 2298 lib.
1225 2266 1278 2297 III
1294 2291 1303 2305 ‚
1329 2264 1395 2296 fab.
1415 2263 1520 2295 XVII
1532 2287 1541 2302 ‚
1564 2261 1601 2293 in

926 2331 996 2364 quo
1033 2317 1208 2351 Palladem
1238 2315 1415 2350 collaudat
1439 2314 1577 2360 Jupiter
1593 2340 1602 2354 ,

927 2370 1021 2416 quod
1041 2371 1172 2404 caeteris
1187 2369 1253 2403 diis
1274 2369 1405 2404 steriles
1418 2367 1462 2402 ad
1484 2367 1603 2413 gloriae

927 2424 1075 2469 speciem
1086 2423 1296 2468 eligentibus
1307 2423 1461 2461 arbores,
1471 2421 1527 2453 illa
1538 2421 1602 2452 oli-

928 2490 1003 2509 vam
1016 2486 1160 2521 propter
1170 2477 1322 2509 fructum
1335 2475 1507 2520 elegisset3
1522 2472 1604 2506 inde

928 2542 1007 2562 vera
1045 2530 1176 2563 scilicet
1209 2530 1384 2575 sapientiae
1410 2527 1473 2561 dea
1486 2553 1493 2567 ,
1522 2539 1604 2559 naui

929 2583 1017 2616 lucri
1045 2582 1187 2617 odorem
1209 2592 1352 2628 sapere,
1375 2594 1457 2615 vera
1479 2588 1527 2612 est
1553 2591 1606 2611 sa-

931 2635 1071 2680 pientia.
