2061 3288
431 237 491 289 254
809 236 871 279 M.
895 236 1038 279 VAL.
1077 236 1469 280 MARTIALIS

1047 388 1216 445 XIV.

972 541 1039 570 DE
1077 542 1288 572 EADEM.

500 665 588 709 Sus
609 663 699 708 fera
714 664 804 725 jam
827 665 1025 726 gravior,
1047 666 1207 710 maturi
1228 666 1411 727 pignora
1436 666 1599 710 ventris

570 736 727 780 Emisit
755 735 904 780 foetum
919 772 930 793 ‚
953 735 1134 780 vulnere
1155 736 1268 781 facta
1290 752 1459 797 parens.

500 807 596 852 Nec
614 807 751 868 jacuit
771 816 948 868 partus,
971 807 1046 852 sed
1070 817 1207 852 matre
1230 807 1413 852 cadente
1439 807 1645 851 cucurrit.

574 878 616 921 O
641 887 853 938 quantum
876 887 941 922 est
961 878 1115 922 subitis
1138 878 1309 923 casibus
1329 874 1571 939 ingenium!

502 1017 716 1078 Βριθομέντ,
748 1024 903 1074 τοκετῷ
930 1025 997 1068 σῦς
1024 1019 1140 1079 alypi-n
1171 1021 1316 1078 ὥριμον
1346 1017 1466 1077 ἄχθος

575 1079 747 1138 Εξέέαᾟ
777 1090 821 1131 ἐκ
845 1093 994 1150 λυγρῆς
1023 1087 1117 1148 ἄρτι
1143 1095 1316 1132 τεκοῦσα
1344 1090 1481 1142 βολῆς.

637 1158 651 1173 ἢ
707 1160 723 1173 J!

503 1153 608 1202 Οὐδ’
634 1177 676 1209 ος
703 1176 832 1202 εκειτο
859 1158 1012 1219 χαμαὶ,
1044 1162 1195 1219 μητρὸς
1221 1154 1260 1201 δ’
1286 1157 1364 1220 ἄρα
1386 1157 1493 1219 εἷρπε
1520 1158 1726 1208 τεκούσης.

572 1230 676 1282 Φεῦ,
701 1230 826 1272 πόσον
857 1225 1071 1289 αἰφνιδίαις
1099 1236 1226 1290 μῆχος
1254 1231 1358 1281 ἔνεςι
1382 1226 1543 1290 τύχαιςῐ

491 1377 522 1400 1.
534 1367 578 1400 In
597 1374 681 1401 vett.
694 1374 728 1402 et
744 1367 872 1401 illustr.
884 1366 1002 1401 saeculi
1019 1367 1106 1401 sexti

434 1418 558 1454 decimi
581 1428 765 1465 poetarum
785 1421 990 1466 epigramm.
1005 1432 1024 1453 a
1042 1420 1108 1453 Ca-

432 1473 531 1506 millo
553 1472 690 1506 Nicolio
716 1474 851 1507 selectis
877 1474 1039 1518 notisque
1065 1474 1108 1506 il-

432 1525 601 1567 lustratis,
617 1526 772 1560 Florent.
793 1526 908 1571 1738,
923 1526 1107 1560 scribitur:

433 1587 555 1611 maturo
569 1581 703 1624 pignore
713 1581 843 1612 ventris.
865 1597 879 1610 u
899 1580 1040 1613 Rectius
1056 1579 1107 1612 le-

432 1631 589 1677 gendum
613 1634 771 1677 pignore;
789 1644 940 1678 namque
962 1633 1108 1666 unicum

432 1685 570 1731 peperit
585 1685 743 1718 suculum
755 1712 764 1728 ,
779 1686 895 1719 caeteri
918 1686 1037 1719 matris
1053 1686 1107 1718 fu-

432 1751 515 1771 nere
536 1738 709 1772 tumulati.
732 1739 767 1772 Si
786 1751 1009 1772 communem
1029 1738 1109 1772 reti-

431 1803 515 1825 neas
526 1791 756 1836 scripturam,
775 1793 948 1838 appositio
964 1799 1015 1826 est
1028 1817 1037 1832 ,
1054 1793 1108 1837 pi-

429 1857 534 1888 gnora
546 1845 673 1886 foetum.
701 1844 758 1878 Sic
784 1845 943 1890 Propert.
971 1862 984 1875 «
1006 1845 1108 1878 Nunc

433 1897 498 1930 tibi
516 1896 727 1931 commendo
745 1898 945 1932 communia
961 1898 1108 1944 pignora

433 1957 546 1985 natos.
568 1967 581 1980 n
608 1952 709 1985 Fam.
728 1952 813 1985 Ant.
834 1951 872 1983 de
896 1952 988 1996 Rooy
1013 1953 1107 1996 conj.

432 2011 554 2036 maturo
562 2005 712 2048 pondere.
725 2004 782 2037 Sic
799 2003 903 2037 Ovid.
920 2005 1020 2050 epist.
1034 2005 1086 2038 XI
1097 2030 1106 2046 ‚

433 2054 499 2100 373
519 2057 630 2097 XVI,
657 2061 702 2098 44
717 2070 726 2099 ;
742 2057 832 2091 Fast.
859 2058 915 2098 Π,
939 2057 1023 2098 452.
1046 2057 1105 2092 Sil.

430 2109 519 2142 XIII
538 2135 546 2147 ‚
583 2112 678 2155 629,
715 2110 775 2143 ubi
812 2109 892 2143 vide
929 2111 1106 2144 Drakenb.

430 2161 534 2196 Plura
558 2164 714 2208 exempla
736 2171 904 2208 petantur
925 2164 966 2211 ab
986 2163 1106 2198 Heius.

431 2213 472 2247 ad
488 2215 595 2249 Ovid„
615 2216 706 2249 Fast.
726 2215 799 2257 ΙΙΙ,
818 2218 910 2260 718;
932 2215 1025 2250 Gud.
1046 2216 1106 2249 Ri-

430 2267 511 2312 galt.
534 2277 568 2302 et
586 2273 703 2302 Burin.
725 2269 767 2302 ad
791 2268 929 2302 Phaedr.
950 2270 1003 2302 III
1017 2295 1026 2311 ,
1044 2270 1081 2303 15
1097 2295 1107 2311 ,

432 2322 468 2352 6.
489 2321 536 2353 At
556 2323 663 2367 magis
681 2322 794 2368 placet
814 2329 955 2368 recepta
976 2322 1106 2363 lectio;

430 2373 542 2406 solum
585 2375 680 2408 enim
711 2376 860 2409 verbum
897 2377 1029 2419 gravior
1052 2388 1105 2409 sa·

430 2425 473 2459 tis
491 2438 553 2472 per
574 2440 609 2461 se
630 2426 777 2471 indicat,
799 2440 916 2474 neque
942 2441 1031 2474 opus
1053 2428 1106 2463 vi-

1166 1366 1271 1401 detur
1290 1367 1453 1413 ampliori
1479 1364 1630 1413 adjecto,
1652 1363 1844 1411 praesertim

1166 1433 1274 1466 quum
1297 1433 1315 1453 e
1336 1420 1560 1466 sequentibus
1581 1433 1635 1454 res
1667 1420 1770 1453 etiam
1801 1419 1845 1453 sit

1166 1473 1353 1507 clarissima
1367 1486 1375 1507 :
1392 1472 1451 1507 sed
1472 1481 1548 1506 tum
1563 1473 1757 1506 necessario
1772 1485 1843 1505 non

1161 1527 1304 1572 pondera
1336 1525 1439 1560 debet
1468 1526 1561 1572 legi,
1595 1525 1655 1560 sed
1682 1528 1846 1571 pignora;

1162 1580 1287 1625 pondus
1299 1589 1349 1613 est
1363 1588 1442 1613 ante
1458 1588 1599 1625 partum
1611 1606 1620 1621 ,
1635 1582 1753 1624 pignus
1765 1586 1845 1625 post

1165 1641 1318 1679 partum.
1358 1654 1411 1660 ——-
1444 1633 1519 1665 Jam
1550 1635 1689 1678 gravior.
1723 1631 1845 1666 Partui

1166 1686 1340 1732 proxima.
1353 1706 1405 1712 ——
1418 1687 1573 1731 Pignora.
1592 1685 1669 1719 Hoc
1687 1693 1737 1718 est
1747 1711 1756 1726 ,
1769 1697 1846 1730 par-

1166 1747 1242 1772 tum
1263 1738 1374 1772 edidit
1397 1739 1524 1785 pignus
1538 1764 1548 1780 ‚
1579 1738 1653 1772 scil.
1684 1738 1843 1773 ventris:

1166 1792 1341 1838 appositio
1361 1800 1424 1826 est.

1222 1849 1256 1886 4.
1283 1846 1315 1879 O
1337 1853 1485 1891 quantum
1506 1852 1550 1877 est
1565 1844 1687 1878 subitis.
1705 1843 1844 1878 Scilicet

1167 1910 1271 1944 quam
1285 1898 1452 1932 mirabilis
1469 1906 1520 1932 est
1535 1898 1720 1932 instinctus
1740 1897 1844 1942 hujus

1166 1951 1293 1989 suculi‚
1311 1951 1347 1984 in
1358 1951 1425 1985 hoc
1438 1963 1516 1985 casu
1532 1950 1734 1996 repentino,
1745 1950 1843 1995 quasi

1165 2005 1362 2050 periculum
1386 2004 1588 2044 sentientis,
1610 2012 1644 2037 et
1666 2001 1843 2036 currendo

1166 2056 1399 2091 declinantis!
1421 2057 1457 2090 in
1483 2057 1607 2090 subitis
1638 2056 1732 2090 enim
1756 2056 1843 2090 casi-

1165 2111 1231 2144 bus
1269 2110 1420 2144 maxime
1452 2110 1543 2144 valet
1566 2110 1766 2155 eminetque
1791 2109 1847 2142 vis

1165 2172 1199 2197 et
1221 2164 1376 2198 alacritas
1392 2163 1543 2208 ingenii,
1559 2171 1599 2196 ut
1615 2161 1843 2207 Thucydides

1166 2216 1282 2262 inquit
1311 2228 1318 2249 :
1350 2216 1466 2249 subita
1494 2216 1721 2261 experiuntur
1747 2216 1845 2260 inge—

1165 2269 1264 2302 nium
1294 2277 1327 2302 et
1354 2268 1524 2302 indicant.
1548 2269 1618 2303 ΕΙ).
1645 2290 1697 2295 -—
1720 2268 1781 2302 Est
1808 2275 1843 2300 et

1166 2323 1250 2355 alter
1281 2334 1399 2355 sensus
1423 2334 1431 2355 :
1459 2323 1574 2363 Quam
1608 2322 1718 2355 multa
1752 2321 1843 2354 fiunt

1165 2388 1245 2409 casu
1257 2401 1266 2417 ‚
1279 2387 1355 2421 quae
1373 2375 1471 2408 nullo
1486 2374 1629 2420 ingenio
1639 2400 1648 2417 ‚
1663 2374 1758 2408 nulla
1770 2385 1846 2406 ma-

1165 2428 1269 2462 china
1285 2428 1375 2462 effici
1393 2427 1609 2475 potuissent!
