2061 3288
439 202 962 249 EPIGRAMMATU
981 203 1029 247 M
1069 202 1196 245 LIB.
1236 202 1327 243 111.

1499 200 1590 244 281

255 294 412 354 Vipera
439 291 514 336 sed
545 307 662 336 caeco
690 290 899 336 scelerata
929 289 1093 334 latebat
1123 289 1166 332 in
1196 304 1295 343 ore,

316 363 592 424 Vivebatque
620 363 765 406 anima
793 362 1010 407 deteriore
1036 360 1141 404 fera.

246 436 347 480 Non
369 435 503 478 sensit
527 451 637 496 puer
663 450 755 478 esse
780 432 927 489 dolos,
953 433 1034 477 nisi
1060 431 1191 475 dente
1221 439 1399 491 recepto

318 507 437 549 Dum
468 506 583 566 perit
607 522 614 548 :
642 522 667 548 o
695 504 888 559 facinus,
911 503 1017 548 falsa
1043 502 1162 564 quod
1189 518 1291 546 ursa
1320 497 1420 545 fuit!

248 626 363 676 An&
385 631 511 692 λαθρῃ
537 634 629 675 κατ’
657 633 757 679 ὀπὴν
781 633 953 690 φώλευεν
979 623 1139 691 ἔνεὸρος
1165 622 1333 689 ἔχιδνα,

313 691 471 763 Ᾰρκτος
500 704 577 746 ὑπὸ
610 702 740 762 ψυχῆς
765 704 804 744 τ’
829 703 940 747 ἔπνεε
963 701 1236 763 λυγροτέρης·

247 768 359 817 Οὐδὲ
392 767 523 816 δόλων
554 774 692 816 ἐποίίσε
721 774 863 833 κόρος,
890 773 979 833 πρὶν
1008 766 1150 815 ὀδόντι
1179 770 1393 831 χαραχθεὶς

316 845 506 887 4³0?on-
537 851 609 903 φεῦ
634 851 707 887 τοῦ
737 845 881 906 ἄγους,
910 845 1046 894 πλαςῆ
1076 844 1138 886 ὅτ’
1168 839 1316 903 ἄρκτος
1348 838 1434 888 ἐήνῖ

233 978 267 1012 5.
287 978 407 1023 Vipera
427 977 482 1011 sed
499 991 583 1011 caeco
598 978 700 1010 celata
719 978 757 1011 in
775 978 860 1010 Pul-

178 1043 297 1065 mann.
324 1032 390 1064 celo
417 1032 568 1064 scelerata
596 1032 631 1064 in
652 1030 860 1065 Beverlandi

179 1085 256 1118 MS.
280 1084 398 1117 latebat
414 1087 445 1117 in
463 1099 513 1117 ere
529 1084 670 1118 Thuan.
692 1085 812 1117 latebat
828 1087 860 1117 in

180 1151 241 1171 aere
252 1150 293 1171 ex
304 1138 411 1171 Palat.
427 1136 616 1184 legendum
629 1137 860 1172 censetGrut.

178 1212 231 1217 —
252 1190 357 1225 Coeco.
383 1191 608 1233 Teuebmso,
636 1192 683 1225 ita
711 1200 749 1225 ut
775 1190 861 1237 quid

179 1245 274 1277 intus
297 1243 485 1277 abderetur
504 1243 617 1277 videri
637 1257 710 1277 non
730 1253 858 1290 posset.

234 1299 268 1330 6.
291 1298 315 1329 Ῑ
318 1297 484 1343 trebalque
504 1311 609 1330 catuna
628 1324 638 1338 ‚
667 1306 733 1331 etc.
756 1298 833 1331 Et
824 1311 862 1331 111

182 1349 244 1383 hac
261 1350 334 1383 fera
355 1349 511 1389 crudeli,
531 1350 647 1396 quoad
664 1363 790 1396 corpus
811 1351 862 1383 in-

183 1404 306 1444 noxia
323 1403 453 1437 latebat
475 1404 572 1449 quasi
596 1404 712 1437 anima
733 1403 860 1438 crude-

181 1455 259 1497 lior,
267 1456 377 1490 scelus
388 1456 560 1490 meditans
571 1457 759 1490 nocentius
769 1470 861 1490 mor-

185 1522 274 1543 sura.
295 1510 364 1543 ΕΒ.

235 1575 270 1607 7.
296 1563 401 1595 Dente
432 1572 565 1608 recepto.
597 1564 787 1596 Venenum
809 1563 860 1596 vi-

180 1627 272 1660 perae
290 1615 327 1648 in
343 1615 509 1649 dentibus
531 1625 581 1650 est
595 1642 604 1658 ‚
623 1625 682 1650 aut
697 1617 733 1650 in
748 1617 863 1650 vesica

182 1668 282 1702 tenui
297 1667 340 1701 ad
352 1677 476 1713 guttur
486 1670 632 1711 inserta,
647 1683 742 1715 quae,
752 1683 863 1716 quum

182 1721 311 1766 viperae
325 1720 488 1755 dentibus
499 1723 756 1768 comprimitur,
767 1724 866 1757 emit-

182 1773 224 1807 tit
241 1774 350 1808 virus.

976 979 1010 1012 8.
1029 978 1117 1010 Dum
1129 979 1217 1022 perit
1229 990 1240 1010 :
1258 978 1413 1020 osacinus
1429 989 1508 1009 ausa
1521 977 1608 1022 quod

923 1033 1071 1074 ursafitit
1080 1031 1117 1063 in
1131 1029 1211 1063 Ald.
1223 1030 1321 1064 Junt.
1333 1029 1448 1064 Colin.
1460 1029 1600 1075 Gryph.

921 1092 986 1117 etc.
1010 1084 1170 1129 Comperit
1191 1092 1223 1116 et
1237 1085 1366 1127 facinus
1387 1097 1465 1116 ausa
1486 1096 1604 1117 corre-

921 1137 971 1170 xit
1006 1137 1175 1171 Ramires.
1199 1136 1243 1170 de
1274 1136 1403 1170 Prado.
1433 1137 1484 1169 Ex
1514 1149 1604 1170 non-

921 1190 1025 1224 nullis
1039 1189 1143 1224 codd.
1154 1191 1249 1233 sassa
1262 1191 1348 1237 quod
1355 1190 1438 1224 citat
1453 1190 1605 1223 Musam-

921 1244 1055 1277 bertius
1071 1257 1080 1286 ;
1112 1243 1207 1277 unde
1240 1244 1323 1277 fecit
1335 1270 1343 1285 ,
1378 1245 1463 1276 Dum
1488 1246 1574 1288 perit
1592 1257 1604 1276 .-

922 1310 940 1329 o
964 1298 1096 1340 facinus
1124 1298 1217 1341 fizlsa
1232 1311 1245 1337 ;
1276 1310 1383 1343 quam
1418 1296 1606 1330 lectionem

921 1363 1018 1384 nunc
1039 1359 1212 1384 testantur
1226 1350 1331 1384 codd.
1347 1349 1448 1383 Bodl.
1467 1359 1501 1383 et
1517 1350 1607 1384 Scri-

921 1404 1020 1437 verii.
1036 1405 1149 1437 Voces
1158 1405 1252 1447 fassa
1269 1413 1302 1437 et
1315 1404 1406 1445 falsa
1422 1415 1513 1449 saepe
1527 1416 1606 1449 per-

921 1465 1114 1490 mutantur.
1146 1458 1217 1490 Alii
1248 1458 1374 1502 legunt
1389 1483 1399 1499 ‚
1440 1469 1459 1489 o
1474 1457 1606 1499 facinus

913 1511 1005 1553 falsa
1027 1511 1113 1556 quod
1129 1523 1202 1543 ursa
1214 1513 1310 1554 facil.
1329 1532 1381 1536 -—
1403 1510 1435 1544 Ο
1445 1511 1577 1553 facinus
1593 1538 1602 1551 ,

914 1564 1005 1607 falsa
1019 1564 1105 1610 quod
1117 1577 1189 1597 ursa
1199 1564 1292 1607 fuit!
1306 1564 1337 1596 O
1355 1564 1484 1597 factum
1497 1564 1587 1596 male
1598 1590 1606 1605 ,

922 1616 1019 1663 quod
1042 1630 1117 1650 non
1139 1630 1222 1651 vera
1247 1617 1357 1651 fuerit
1377 1617 1478 1650 ursa!
1502 1618 1607 1651 Tunc

924 1670 1020 1704 enim
1040 1683 1113 1703 uon
1133 1671 1336 1704 inseruisset
1355 1671 1407 1703 illi
1426 1683 1514 1716 puer
1533 1683 1606 1703 ma-

924 1736 1012 1757 num
1028 1724 1064 1756 in
1079 1737 1137 1765 os;
1155 1733 1216 1757 aut
1229 1725 1304 1770 ipsa
1321 1724 1479 1757 formoso
1496 1736 1608 1770 puero

925 1777 1138 1823 pepercisset
1154 1778 1277 1823 vipera
1298 1777 1516 1811 clementior.

821 1918 964 1974 XX.

735 2067 798 2095 DE
848 2046 1057 2095 cismo*

326 2181 437 2235 Dm,
467 2180 620 2234 Musa,
647 2180 751 2240 quid
781 2189 882 2241 agat
911 2181 1075 2224 Canius
1102 2197 1224 2224 meus
1253 2180 1426 2224 Rufus?

327 2250 549 2293 Utrumne
574 2250 737 2294 chartis
764 2250 896 2294 tradit
927 2250 997 2295 ille
1026 2252 1205 2295 victuris

283 2377 492 2411 Jocosorum
523 2378 779 2413 Gaditanorum
809 2382 864 2425 jo-

185 2442 304 2463 cosum
330 2432 512 2464 concivem
535 2432 684 2465 Canium
702 2458 710 2474 ‚
731 2433 794 2478 qui
816 2434 864 2466 le-

184 2482 373 2528 pidissimis
383 2485 453 2518 suis
467 2485 686 2519 sermonibus
696 2486 866 2531 potuisset

185 2536 348 2582 Ulyssem
365 2538 482 2583 ipsum
501 2537 660 2572 detinere
671 2564 680 2580 ‚
697 2538 866 2572 describit

184 2598 358 2635 perpetuo
374 2590 561 2625 ridentem.
582 2593 634 2626 De
654 2591 778 2626 eodem
796 2593 862 2627 Ca-

186 2642 246 2675 nio
258 2669 266 2683 ‚
283 2643 356 2676 vid.
374 2644 456 2677 infr.
477 2645 586 2690 epigr.
608 2658 701 2681 LXIV,
717 2653 751 2679 et
766 2659 860 2691 supr.

924 2381 986 2414 lib.
1008 2382 1046 2422 I,
1066 2381 1177 2427 epigr.
1200 2393 1297 2423 Lx11,
1316 2394 1350 2416 v.
1373 2395 1393 2426 9
1409 2406 1420 2422 ‚
1443 2390 1477 2415 et
1499 2381 1607 2427 epigr.

925 2446 1006 2467 Lxx.
1026 2435 1093 2467 Eo.

983 2499 1013 2520 1.
1046 2487 1164 2531 Russus
1196 2486 1274 2521 Ald.
1305 2488 1404 2522 Junt.
1433 2487 1551 2523 Colin.
1574 2496 1608 2520 et

925 2540 1064 2586 Gryph.

979 2608 1011 2627 2.
1034 2594 1187 2627 Viclurz's.
1217 2595 1258 2627 In
1285 2606 1429 2628 omnem
1457 2594 1603 2639 posteri-

926 2654 1031 2680 tatem
1050 2647 1206 2693 legendis
1220 2674 1228 2688 ‚
1255 2657 1288 2682 et
1315 2648 1524 2682 habentibus
1545 2659 1602 2691 ge-
