2061 3288
428 254 508 282 xiv
618 241 708 283 DE
747 242 808 284 M.
837 243 975 286 VAL.
1015 245 1400 288 MARTlALIS
1445 248 1606 291 VITA

427 326 545 386 quod
562 326 768 373 Claudius
789 339 877 372 tam
903 329 986 374 vile
1007 330 1190 383 fecerat,
1213 341 1259 375 ut
1282 333 1427 376 vitreis
1450 333 1596 378 fractis
1619 335 1748 396 vulgo
1769 337 1829 381 di-

428 407 599 440 ceretur
627 400 722 441 emi.
749 400 869 443 Otho
900 417 1003 444 vero
1030 403 1267 462 peregrinis
1292 403 1421 446 etiam
1448 403 1647 461 donavit,
1673 416 1721 449 ut
1745 409 1830 451 Dio

424 467 467 509 111
506 467 690 512 Claudio
724 479 767 512 et
801 471 977 515 Othone
1008 481 1213 516 testatum
1244 471 1426 533 reliquit.
1466 474 1626 520 Bilbilis
1660 476 1828 520 colonia

421 538 617 598 Augusta
646 539 760 584 dicta
785 550 869 597 est,
897 551 944 584 ut
966 543 1056 602 ipse
1080 541 1255 596 scribit,
1278 541 1347 586 lib.
1376 545 1440 598 X,
1464 546 1596 606 epigr.
1633 545 1721 591 103
1749 565 1760 603 3

603 649 837 698 Municipes,
861 653 1031 700 Augusta
1054 650 1147 687 mihi
1167 663 1262 700 quos
1282 649 1428 688 Bilbilis
1448 654 1525 689 acri

654 713 786 747 Monte
806 719 909 748 creat
927 726 934 746 :

421 833 463 867 et
484 832 622 867 exstat
641 825 684 867 in
706 823 867 868 Tiberii
887 825 998 884 Imp.
1021 840 1132 868 aereo
1152 841 1349 879 nummo,
1365 826 1588 870 AUGUSTA
1612 829 1824 873 Bumms.

419 895 711 954 Vespasianus
740 904 913 950 autem,
939 894 1076 938 Plinio
1097 904 1204 939 teste
1231 897 1322 950 HI,
1351 893 1404 950 3,
1431 897 1644 940 universae
1667 898 1824 959 Hispa—

419 965 500 1008 niae
531 964 601 1024 jus
638 965 749 1008 Latii
783 964 923 1020 dedit3
953 965 1173 1008 civitatem
1207 975 1359 1026 postea
1388 966 1650 1011 Caracallus.
1685 970 1823 1013 Marci

417 1051 520 1095 ergo
550 1045 593 1078 et
620 1035 783 1079 Valerii
815 1037 1017 1091 nomina,
1044 1052 1166 1078 more
1202 1037 1360 1079 civium
1388 1037 1687 1080 Romanorum
1707 1073 1717 1091 ,
1753 1040 1824 1099 qui

417 1122 691 1166 praenomen,
714 1122 873 1149 nomen
889 1141 899 1161 ,
926 1121 1172 1166 cognomen
1201 1106 1418 1162 ferebant,
1442 1107 1520 1149 sibi
1542 1109 1673 1151 Poeta
1693 1107 1823 1169 legit,

418 1177 628 1219 arbitratu
655 1193 754 1220 reor
784 1193 874 1219 suo.
902 1177 1043 1220 Marci
1066 1176 1178 1219 forte
1200 1186 1243 1220 et
1267 1175 1504 1230 Martialis,
1536 1178 1652 1238 quod
1677 1195 1824 1223 11101150

417 1248 572 1290 Martis
599 1257 710 1290 esset
739 1246 902 1300 editus;
931 1245 990 1289 illi
1013 1247 1127 1290 enim
1153 1248 1316 1302 Marci,
1346 1256 1394 1290 ut
1416 1249 1597 1291 Veteres
1623 1249 1822 1304 tradunt,

415 1317 697 1361 vocabantur.
725 1316 889 1360 Valerii
920 1334 1079 1359 nomen
1097 1352 1107 1371 ,
1138 1316 1206 1360 1·οΙ
1236 1334 1261 1360 a
1291 1319 1534 1361 Moecenate
1570 1335 1648 1362 suo
1680 1319 1822 1380 aliquo

414 1387 591 1432 Valerio
611 1424 622 1443 ,
644 1388 711 1431 1·οΙ
738 1387 913 1430 Valerio
943 1387 1098 1431 Flacco
1127 1387 1327 1430 familiari
1352 1397 1504 1448 poeta,
1529 1388 1596 1432 vel
1626 1389 1738 1432 forte
1765 1390 1822 1434 ob

350 1486 354 1491 -
415 1459 671 1502 memoriam
701 1457 882 1511 Catulli,
910 1474 1036 1517 quem
1064 1467 1129 1500 est
1156 1458 1346 1501 imitatus
1364 1492 1374 1511 ,
1397 1459 1470 1517 qui
1505 1468 1547 1501 et
1574 1460 1664 1519 ipse
1690 1459 1820 1503 Vale-

414 1531 503 1574 rius
534 1529 725 1584 audivit,
755 1528 832 1572 sibi
861 1529 1046 1588 sumpsit
1074 1545 1082 1570 :
1115 1544 1196 1571 nec
1228 1528 1342 1571 enim
1371 1544 1395 1571 a
1423 1529 1660 1588 majoribus
1695 1546 1820 1574 acce—

412 1610 538 1662 ptum
578 1599 789 1654 arbitror,
825 1600 903 1642 etsi
942 1615 1032 1642 non
1069 1598 1249 1659 ignoro,
1283 1599 1460 1642 nomina
1496 1601 1619 1643 novis
1654 1600 1820 1645 civibus

413 1681 636 1732 assumpta
655 1671 709 1714 ab
729 1671 778 1713 iis
792 1703 803 1723 ,
824 1687 1009 1730 quorum
1027 1669 1239 1713 beneficio
1259 1670 1477 1713 civitatem
1495 1670 1818 1730 impetrassent,

411 1758 490 1786 sua
517 1759 621 1785 vero
652 1758 732 1802 pro
757 1739 1091 1801 cognominibus
1113 1749 1296 1784 servata.
1323 1740 1455 1796 Quod
1477 1739 1548 1784 lib.
1581 1742 1601 1784 I
1630 1740 1683 1784 de
1706 1741 1818 1786 bello

412 1812 581 1858 Gallico
624 1814 771 1856 Caesar
804 1811 1020 1866 ostendit,
1055 1828 1189 1872 quum
1225 1811 1312 1865 ait3
1351 1830 1372 1851 (ι
1407 1811 1817 1855 Commodissimum

411 1885 553 1928 visum
585 1894 671 1939 est,
697 1885 757 1926 M.
782 1881 1005 1926 Valerium
1034 1881 1290 1937 Procillum,
1317 1882 1410 1925 Caii
1438 1880 1600 1925 Valerii
1631 1882 1816 1926 Caburri

412 1954 572 2011 filium,
599 1956 721 2014 cujus
749 1963 873 2014 pater
909 1970 933 1996 a
962 1954 1068 1997 Caio
1094 1952 1271 1997 Valerio
1294 1951 1448 1996 Flacco
1479 1953 1651 1995 civimte
1682 1952 1815 1996 dona-

412 2036 480 2070 tus
508 2035 624 2081 erat,
652 2026 876 2069 mittere».
904 2026 962 2067 Et
990 2025 1146 2068 Cicero
1175 2023 1230 2066 ad
1254 2021 1467 2078 Acilium,
1491 2024 1633 2066 «Cum
1655 2024 1815 2067 Deme-

411 2098 494 2140 trio
525 2098 657 2158 Mega
686 2096 792 2139 1111111
820 2105 944 2139 vetus
966 2095 1203 2156 hospitium
1226 2103 1313 2137 est:
1344 2094 1383 2136 ei
1409 2092 1637 2136 Dolabella
1658 2104 1814 2154 rogatu

411 2184 509 2212 meo
535 2169 754 2211 civitatem
783 2167 1032 2227 impetravit
1049 2201 1060 2222 ,
1083 2182 1168 2227 qua
1193 2165 1237 2207 in
1268 2180 1315 2207 re
1342 2180 1422 2224 ego
1448 2163 1634 2207 interfui.
1658 2166 1814 2224 Itaque

411 2254 528 2282 nunc
556 2241 600 2282 P.
633 2236 862 2283 Cornelius
890 2246 1119 2280 vocatur».
1141 2235 1263 2279 Idem
1290 2234 1344 2277 acl
1369 2234 1568 2278 eumdem
1601 2233 1811 2278 Acilium:

418 2328 438 2349 α
464 2311 516 2353 C.
537 2310 767 2353 Avianium
786 2307 1072 2352 Philoxenum
1091 2309 1236 2352 Caesar
1255 2322 1353 2349 meo
1372 2304 1583 2349 beneficio
1602 2305 1646 2348 in
1663 2307 1812 2349 Novo-

413 2396 637 2424 comenses
658 2379 827 2435 retulit,
846 2395 1006 2422 nomen
1039 2387 1179 2421 autem
1204 2377 1375 2420 Avianii
1402 2384 1694 2435 consequutus
1720 2385 1810 2429 est,

410 2450 527 2511 quod
557 2450 732 2493 homine
762 2448 881 2494 nullo
909 2448 1005 2510 plus
1036 2465 1139 2492 usus
1172 2457 1263 2503 est,
1287 2462 1416 2508 quam
1446 2444 1600 2489 Flacco
1627 2446 1811 2488 Avianio

408 2538 507 2565 meo
548 2520 891 2564 familiarissimo.
924 2540 944 2560 »
989 2521 1101 2563 Item
1143 2520 1187 2561 in
1226 2519 1441 2561 Verrem:
1478 2535 1499 2556 <c
1526 2515 1579 2572 Q
1611 2517 1809 2560 Lutatius

409 2592 630 2635 Diodorus
653 2590 865 2634 beneficio
880 2591 934 2647 Q.
953 2589 1097 2634 Catuli
1116 2605 1140 2632 a
1156 2587 1270 2649 Sylla
1292 2588 1397 2632 civis
1410 2588 1634 2630 Romanus
1650 2585 1808 2642 factus,

412 2663 647 2723 eademque
668 2662 833 2706 ratione
853 2661 906 2704 de
926 2661 1068 2704 Dione
1083 2696 1094 2715 ,
1115 2660 1189 2720 qui
1209 2657 1419 2702 beneficio
1441 2658 1494 2713 Q.
1519 2655 1681 2701 Metelli
1703 2657 1808 2700 civis
