<?xml version="1.0" encoding="UTF-8"?>
<!DOCTYPE html PUBLIC "-//W3C//DTD XHTML 1.0 Transitional//EN"
    "http://www.w3.org/TR/xhtml1/DTD/xhtml1-transitional.dtd">
<html xmlns="http://www.w3.org/1999/xhtml" xml:lang="en" lang="en">
 <head>
  <title>
</title>
<meta http-equiv="Content-Type" content="text/html;charset=utf-8" />
  <meta name='ocr-system' content='tesseract 3.04.00' />
  <meta name='ocr-capabilities' content='ocr_page ocr_carea ocr_par ocr_line ocrx_word'/>
</head>
<body>
  <div class='ocr_page' id='page_1' title='image "./epigrammata01martuoft_0570.png"; bbox 0 0 2061 3288; ppageno 0'>
   <div class='ocr_carea' id='block_1_1' title="bbox 454 209 550 271">
    <p class='ocr_par' dir='ltr' id='par_1_1' title="bbox 454 209 550 271">
     <span class='ocr_line' id='line_1_1' title="bbox 454 209 550 271; baseline 0 -17"><span class='ocrx_word' id='word_1_1' title='bbox 454 209 550 271; x_wconf 77' lang='lat'>398</span> 
     </span>
    </p>
   </div>
   <div class='ocr_carea' id='block_1_2' title="bbox 822 210 1490 254">
    <p class='ocr_par' dir='ltr' id='par_1_2' title="bbox 822 210 1490 254">
     <span class='ocr_line' id='line_1_2' title="bbox 822 210 1490 254; baseline 0.003 -2"><span class='ocrx_word' id='word_1_2' title='bbox 822 210 883 252; x_wconf 88' lang='lat' dir='ltr'>M.</span> <span class='ocrx_word' id='word_1_3' title='bbox 906 211 985 254; x_wconf 83' lang='lat' dir='ltr'>VA</span> <span class='ocrx_word' id='word_1_4' title='bbox 1001 211 1052 253; x_wconf 92' lang='lat' dir='ltr'>L.</span> <span class='ocrx_word' id='word_1_5' title='bbox 1095 212 1490 254; x_wconf 86' lang='lat' dir='ltr'><strong>MARTIALIS</strong></span> 
     </span>
    </p>
   </div>
   <div class='ocr_carea' id='block_1_3' title="bbox 1044 363 1266 418">
    <p class='ocr_par' dir='ltr' id='par_1_3' title="bbox 1044 363 1266 418">
     <span class='ocr_line' id='line_1_3' title="bbox 1044 363 1266 418; baseline 0 0"><span class='ocrx_word' id='word_1_6' title='bbox 1044 363 1266 418; x_wconf 85' lang='lat' dir='ltr'><strong>XXII.</strong></span> 
     </span>
    </p>
   </div>
   <div class='ocr_carea' id='block_1_4' title="bbox 820 498 1501 548">
    <p class='ocr_par' dir='ltr' id='par_1_4' title="bbox 820 498 1501 548">
     <span class='ocr_line' id='line_1_4' title="bbox 820 498 1501 548; baseline 0.001 -2"><span class='ocrx_word' id='word_1_7' title='bbox 820 519 884 547; x_wconf 84' lang='lat' dir='ltr'>DE</span> <span class='ocrx_word' id='word_1_8' title='bbox 922 518 1234 547; x_wconf 77' lang='lat' dir='ltr'><strong>CLEOPATRA</strong></span> <span class='ocrx_word' id='word_1_9' title='bbox 1271 498 1501 548; x_wconf 48' lang='lat' dir='ltr'>uxorum*</span> 
     </span>
    </p>
   </div>
   <div class='ocr_carea' id='block_1_5' title="bbox 522 645 1755 992">
    <p class='ocr_par' dir='ltr' id='par_1_5' title="bbox 522 645 1699 778">
     <span class='ocr_line' id='line_1_5' title="bbox 522 645 1699 707; baseline 0.001 -16"><span class='ocrx_word' id='word_1_10' title='bbox 522 649 704 691; x_wconf 75' lang='lat' dir='ltr'>Pnfflos</span> <span class='ocrx_word' id='word_1_11' title='bbox 730 662 856 707; x_wconf 87' lang='lat' dir='ltr'>passa</span> <span class='ocrx_word' id='word_1_12' title='bbox 881 656 1028 702; x_wconf 82' lang='lat' dir='ltr'>toros,</span> <span class='ocrx_word' id='word_1_13' title='bbox 1050 655 1093 690; x_wconf 90' lang='lat' dir='ltr'>et</span> <span class='ocrx_word' id='word_1_14' title='bbox 1113 645 1256 690; x_wconf 83' lang='lat' dir='ltr'>adhuc</span> <span class='ocrx_word' id='word_1_15' title='bbox 1281 645 1495 707; x_wconf 86' lang='lat' dir='ltr'>placanda</span> <span class='ocrx_word' id='word_1_16' title='bbox 1520 647 1699 702; x_wconf 85' lang='lat' dir='ltr'>marito,</span> 
     </span>
     <span class='ocr_line' id='line_1_6' title="bbox 591 716 1542 778; baseline 0.001 -18"><span class='ocrx_word' id='word_1_17' title='bbox 591 719 808 761; x_wconf 83' lang='lat' dir='ltr'>Merserat</span> <span class='ocrx_word' id='word_1_18' title='bbox 832 718 876 760; x_wconf 89' lang='lat' dir='ltr'>in</span> <span class='ocrx_word' id='word_1_19' title='bbox 897 716 1056 761; x_wconf 85' lang='lat' dir='ltr'>nitidos</span> <span class='ocrx_word' id='word_1_20' title='bbox 1078 733 1122 761; x_wconf 87' lang='lat' dir='ltr'>se</span> <span class='ocrx_word' id='word_1_21' title='bbox 1142 716 1377 778; x_wconf 76' lang='lat' dir='ltr'>Cleopatra</span> <span class='ocrx_word' id='word_1_22' title='bbox 1400 717 1542 774; x_wconf 78' lang='lat' dir='ltr'>lacus,</span> 
     </span>
    </p>

    <p class='ocr_par' dir='ltr' id='par_1_6' title="bbox 522 787 1755 920">
     <span class='ocr_line' id='line_1_7' title="bbox 522 787 1755 849; baseline 0.001 -18"><span class='ocrx_word' id='word_1_23' title='bbox 522 791 643 832; x_wconf 88' lang='lat' dir='ltr'>Dum</span> <span class='ocrx_word' id='word_1_24' title='bbox 665 788 776 849; x_wconf 81' lang='lat' dir='ltr'>fugit</span> <span class='ocrx_word' id='word_1_25' title='bbox 800 787 1026 849; x_wconf 84' lang='lat' dir='ltr'>amplexus</span> <span class='ocrx_word' id='word_1_26' title='bbox 1047 805 1055 831; x_wconf 91' lang='lat'>:</span> <span class='ocrx_word' id='word_1_27' title='bbox 1080 787 1155 832; x_wconf 89' lang='lat' dir='ltr'>sed</span> <span class='ocrx_word' id='word_1_28' title='bbox 1175 787 1367 849; x_wconf 83' lang='lat' dir='ltr'>prodidit</span> <span class='ocrx_word' id='word_1_29' title='bbox 1387 788 1505 832; x_wconf 83' lang='lat' dir='ltr'>unda</span> <span class='ocrx_word' id='word_1_30' title='bbox 1525 787 1755 845; x_wconf 73' lang='lat' dir='ltr'>latentein3</span> 
     </span>
     <span class='ocr_line' id='line_1_8' title="bbox 593 859 1467 920; baseline 0.001 -18"><span class='ocrx_word' id='word_1_31' title='bbox 593 859 791 903; x_wconf 86' lang='lat' dir='ltr'>Lucebat</span> <span class='ocrx_word' id='word_1_32' title='bbox 812 861 913 903; x_wconf 85' lang='lat' dir='ltr'>totis</span> <span class='ocrx_word' id='word_1_33' title='bbox 934 876 1070 920; x_wconf 88' lang='lat' dir='ltr'>quum</span> <span class='ocrx_word' id='word_1_34' title='bbox 1092 868 1312 920; x_wconf 78' lang='lat' dir='ltr'>tegeretur</span> <span class='ocrx_word' id='word_1_35' title='bbox 1333 860 1467 920; x_wconf 86' lang='lat' dir='ltr'>aquis.</span> 
     </span>
    </p>

    <p class='ocr_par' dir='ltr' id='par_1_7' title="bbox 522 929 1513 992">
     <span class='ocr_line' id='line_1_9' title="bbox 522 929 1513 992; baseline -0.003 -16"><span class='ocrx_word' id='word_1_36' title='bbox 522 930 711 976; x_wconf 84' lang='lat' dir='ltr'>Condita</span> <span class='ocrx_word' id='word_1_37' title='bbox 733 931 792 974; x_wconf 87' lang='lat' dir='ltr'>sic</span> <span class='ocrx_word' id='word_1_38' title='bbox 816 947 928 992; x_wconf 88' lang='lat' dir='ltr'>puro</span> <span class='ocrx_word' id='word_1_39' title='bbox 951 939 1239 974; x_wconf 82' lang='lat' dir='ltr'>numerantur</span> <span class='ocrx_word' id='word_1_40' title='bbox 1260 929 1346 974; x_wconf 87' lang='lat' dir='ltr'>lilia</span> <span class='ocrx_word' id='word_1_41' title='bbox 1368 931 1484 974; x_wconf 78' lang='lat' dir='ltr'>vitro</span> <span class='ocrx_word' id='word_1_42' title='bbox 1503 947 1513 973; x_wconf 92' lang='lat'><strong>:</strong></span> 
     </span>
    </p>
   </div>
   <div class='ocr_carea' id='block_1_6' title="bbox 527 1060 1591 1121">
    <p class='ocr_par' dir='ltr' id='par_1_8' title="bbox 527 1060 1591 1121">
     <span class='ocr_line' id='line_1_10' title="bbox 527 1060 1591 1121; baseline -0.001 -18"><span class='ocrx_word' id='word_1_43' title='bbox 527 1062 667 1121; x_wconf 76' lang='grc' dir='ltr'>Ακμῆν</span> <span class='ocrx_word' id='word_1_44' title='bbox 689 1061 960 1120; x_wconf 68' lang='grc' dir='ltr'>πρωτόγκμος</span> <span class='ocrx_word' id='word_1_45' title='bbox 981 1060 1225 1120; x_wconf 53' lang='grc' dir='ltr'>Κλεοπάτρῃ</span> <span class='ocrx_word' id='word_1_46' title='bbox 1243 1093 1254 1113; x_wconf 80' lang='lat'>‚</span> <span class='ocrx_word' id='word_1_47' title='bbox 1278 1067 1336 1117; x_wconf 79' lang='grc' dir='ltr'>τῷ</span> <span class='ocrx_word' id='word_1_48' title='bbox 1358 1077 1402 1103; x_wconf 79' lang='grc' dir='ltr'>τε</span> <span class='ocrx_word' id='word_1_49' title='bbox 1422 1061 1591 1114; x_wconf 74' lang='grc' dir='ltr'>συνεύνῳ</span> 
     </span>
    </p>
   </div>
   <div class='ocr_carea' id='block_1_7' title="bbox 596 1125 1466 1192">
    <p class='ocr_par' dir='ltr' id='par_1_9' title="bbox 596 1125 1466 1192">
     <span class='ocr_line' id='line_1_11' title="bbox 596 1125 1466 1192; baseline -0.002 -18"><span class='ocrx_word' id='word_1_50' title='bbox 596 1132 747 1174; x_wconf 74' lang='grc' dir='ltr'>Οὐκέτι</span> <span class='ocrx_word' id='word_1_51' title='bbox 771 1131 959 1190; x_wconf 76' lang='grc' dir='ltr'>ἰλαμένη,</span> <span class='ocrx_word' id='word_1_52' title='bbox 983 1130 1128 1192; x_wconf 70' lang='grc' dir='ltr'>γείτον’</span> <span class='ocrx_word' id='word_1_53' title='bbox 1151 1130 1313 1178; x_wconf 68' lang='grc' dir='ltr'>ἐστῖλαθ’</span> <span class='ocrx_word' id='word_1_54' title='bbox 1334 1125 1466 1191; x_wconf 71' lang='grc' dir='ltr'>ὕδωρ,</span> 
     </span>
    </p>
   </div>
   <div class='ocr_carea' id='block_1_8' title="bbox 524 1196 1614 1263">
    <p class='ocr_par' dir='ltr' id='par_1_10' title="bbox 524 1196 1614 1263">
     <span class='ocr_line' id='line_1_12' title="bbox 589 1196 1582 1215; baseline 0 -1"><span class='ocrx_word' id='word_1_55' title='bbox 589 1202 598 1214; x_wconf 81' lang='grc' dir='ltr'><em>Ι</em></span> <span class='ocrx_word' id='word_1_56' title='bbox 700 1197 720 1215; x_wconf 56' lang='grc' dir='ltr'>*Χ</span> <span class='ocrx_word' id='word_1_57' title='bbox 822 1202 832 1214; x_wconf 92' lang='grc' dir='ltr'><em>Ι</em></span> <span class='ocrx_word' id='word_1_58' title='bbox 1042 1199 1049 1215; x_wconf 57' lang='grc' dir='ltr'>ἲ</span> <span class='ocrx_word' id='word_1_59' title='bbox 1143 1196 1190 1215; x_wconf 56' lang='grc' dir='ltr'>νΧ</span> <span class='ocrx_word' id='word_1_60' title='bbox 1263 1200 1275 1213; x_wconf 86' lang='lat' dir='ltr'><em>l</em></span> <span class='ocrx_word' id='word_1_61' title='bbox 1564 1196 1582 1214; x_wconf 62' lang='grc' dir='ltr'><em>Υ</em></span> 
     </span>
     <span class='ocr_line' id='line_1_13' title="bbox 524 1196 1614 1263; baseline -0.002 -19"><span class='ocrx_word' id='word_1_62' title='bbox 524 1204 669 1263; x_wconf 64' lang='grc' dir='ltr'>Πειρην</span> <span class='ocrx_word' id='word_1_63' title='bbox 695 1209 975 1262; x_wconf 44' lang='lat' dir='ltr'>denudemus&amp;</span> <span class='ocrx_word' id='word_1_64' title='bbox 1002 1219 1055 1244; x_wconf 79' lang='grc' dir='ltr'>τα</span> <span class='ocrx_word' id='word_1_65' title='bbox 1077 1196 1114 1243; x_wconf 72' lang='grc' dir='ltr'>δ’</span> <span class='ocrx_word' id='word_1_66' title='bbox 1139 1203 1274 1243; x_wconf 62' lang='lat' dir='ltr'>uba-:a</span> <span class='ocrx_word' id='word_1_67' title='bbox 1296 1218 1361 1261; x_wconf 84' lang='grc' dir='ltr'>μιν</span> <span class='ocrx_word' id='word_1_68' title='bbox 1381 1202 1614 1262; x_wconf 72' lang='grc' dir='ltr'>κατέλεγςε·</span> 
     </span>
    </p>
   </div>
   <div class='ocr_carea' id='block_1_9' title="bbox 594 1269 1509 1332">
    <p class='ocr_par' dir='ltr' id='par_1_11' title="bbox 594 1269 1509 1332">
     <span class='ocr_line' id='line_1_14' title="bbox 594 1269 1509 1332; baseline -0.002 -16"><span class='ocrx_word' id='word_1_69' title='bbox 594 1269 762 1316; x_wconf 65' lang='grc' dir='ltr'>Στίλὲεν</span> <span class='ocrx_word' id='word_1_70' title='bbox 783 1271 857 1332; x_wconf 49' lang='grc' dir='ltr'>ψὰρ</span> <span class='ocrx_word' id='word_1_71' title='bbox 879 1271 944 1315; x_wconf 68' lang='grc' dir='ltr'>καὶ</span> <span class='ocrx_word' id='word_1_72' title='bbox 965 1275 1038 1319; x_wconf 55' lang='grc' dir='ltr'>ὅλη</span> <span class='ocrx_word' id='word_1_73' title='bbox 1060 1273 1210 1331; x_wconf 67' lang='grc' dir='ltr'>κύμασι</span> <span class='ocrx_word' id='word_1_74' title='bbox 1230 1273 1484 1332; x_wconf 73' lang='grc' dir='ltr'>κρυπτομέντ,</span> <span class='ocrx_word' id='word_1_75' title='bbox 1500 1289 1509 1296; x_wconf 90' lang='grc'><em>·</em></span> 
     </span>
    </p>
   </div>
   <div class='ocr_carea' id='block_1_10' title="bbox 791 1308 799 1334">
    <p class='ocr_par' dir='ltr' id='par_1_12' title="bbox 791 1308 799 1334">
     <span class='ocr_line' id='line_1_15' title="bbox 791 1308 799 1334; baseline 0 0"><span class='ocrx_word' id='word_1_76' title='bbox 791 1308 799 1334; x_wconf 72' lang='lat'>1</span> 
     </span>
    </p>
   </div>
   <div class='ocr_carea' id='block_1_11' title="bbox 523 1337 1499 1404">
    <p class='ocr_par' dir='ltr' id='par_1_13' title="bbox 523 1337 1499 1404">
     <span class='ocr_line' id='line_1_16' title="bbox 523 1337 1499 1404; baseline -0.002 -18"><span class='ocrx_word' id='word_1_77' title='bbox 523 1343 645 1404; x_wconf 75' lang='grc' dir='ltr'>Λείρι’</span> <span class='ocrx_word' id='word_1_78' title='bbox 666 1345 703 1386; x_wconf 79' lang='grc' dir='ltr'>ἐν</span> <span class='ocrx_word' id='word_1_79' title='bbox 728 1343 899 1394; x_wconf 71' lang='grc' dir='ltr'>ὑαλίνοις</span> <span class='ocrx_word' id='word_1_80' title='bbox 922 1337 1168 1403; x_wconf 69' lang='grc' dir='ltr'>διακρίνεται</span> <span class='ocrx_word' id='word_1_81' title='bbox 1190 1339 1350 1403; x_wconf 76' lang='grc' dir='ltr'>ἄγγεσιν</span> <span class='ocrx_word' id='word_1_82' title='bbox 1371 1345 1499 1398; x_wconf 79' lang='grc' dir='ltr'>οὕτω,</span> 
     </span>
    </p>
   </div>
   <div class='ocr_carea' id='block_1_12' title="bbox 454 1478 1134 1888">
    <p class='ocr_par' dir='ltr' id='par_1_14' title="bbox 454 1478 1134 1888">
     <span class='ocr_line' id='line_1_17' title="bbox 506 1478 1133 1527; baseline 0 -12"><span class='ocrx_word' id='word_1_83' title='bbox 506 1478 520 1493; x_wconf 69' lang='lat'>*</span> <span class='ocrx_word' id='word_1_84' title='bbox 540 1483 693 1516; x_wconf 84' lang='lat' dir='ltr'>Primam</span> <span class='ocrx_word' id='word_1_85' title='bbox 710 1509 719 1524; x_wconf 87' lang='lat'><strong>‚</strong></span> <span class='ocrx_word' id='word_1_86' title='bbox 746 1482 859 1527; x_wconf 86' lang='lat' dir='ltr'>prima</span> <span class='ocrx_word' id='word_1_87' title='bbox 890 1482 983 1515; x_wconf 87' lang='lat' dir='ltr'>inter</span> <span class='ocrx_word' id='word_1_88' title='bbox 1009 1482 1133 1527; x_wconf 64' lang='lat' dir='ltr'>hyme-</span> 
     </span>
     <span class='ocr_line' id='line_1_18' title="bbox 456 1534 1133 1581; baseline -0.003 -12"><span class='ocrx_word' id='word_1_89' title='bbox 456 1536 523 1569; x_wconf 84' lang='lat' dir='ltr'>naei</span> <span class='ocrx_word' id='word_1_90' title='bbox 545 1535 668 1581; x_wconf 79' lang='lat' dir='ltr'>gaudia</span> <span class='ocrx_word' id='word_1_91' title='bbox 682 1562 690 1577; x_wconf 91' lang='lat'>‚</span> <span class='ocrx_word' id='word_1_92' title='bbox 712 1534 860 1580; x_wconf 85' lang='lat' dir='ltr'>pudoris</span> <span class='ocrx_word' id='word_1_93' title='bbox 886 1536 1023 1580; x_wconf 87' lang='lat' dir='ltr'>fugam,</span> <span class='ocrx_word' id='word_1_94' title='bbox 1045 1547 1133 1568; x_wconf 87' lang='lat' dir='ltr'>uxo-</span> 
     </span>
     <span class='ocr_line' id='line_1_19' title="bbox 454 1588 1134 1634; baseline -0.003 -12"><span class='ocrx_word' id='word_1_95' title='bbox 454 1602 598 1634; x_wconf 81' lang='lat' dir='ltr'><strong>remque</strong></span> <span class='ocrx_word' id='word_1_96' title='bbox 620 1601 747 1622; x_wconf 79' lang='lat' dir='ltr'>novam</span> <span class='ocrx_word' id='word_1_97' title='bbox 764 1588 849 1620; x_wconf 84' lang='lat' dir='ltr'>novi</span> <span class='ocrx_word' id='word_1_98' title='bbox 868 1588 1027 1634; x_wconf 86' lang='lat' dir='ltr'>conjugis</span> <span class='ocrx_word' id='word_1_99' title='bbox 1040 1588 1134 1621; x_wconf 84' lang='lat' dir='ltr'>blan-</span> 
     </span>
     <span class='ocr_line' id='line_1_20' title="bbox 455 1640 1133 1686; baseline -0.004 -10"><span class='ocrx_word' id='word_1_100' title='bbox 455 1642 552 1676; x_wconf 79' lang='lat' dir='ltr'>ditiis</span> <span class='ocrx_word' id='word_1_101' title='bbox 588 1642 710 1675; x_wconf 84' lang='lat' dir='ltr'>iratam</span> <span class='ocrx_word' id='word_1_102' title='bbox 740 1640 992 1686; x_wconf 83' lang='lat' dir='ltr'>blanditiisque</span> <span class='ocrx_word' id='word_1_103' title='bbox 1017 1641 1133 1686; x_wconf 87' lang='lat' dir='ltr'>placa-</span> 
     </span>
     <span class='ocr_line' id='line_1_21' title="bbox 455 1694 1134 1737; baseline -0.003 -9"><span class='ocrx_word' id='word_1_104' title='bbox 455 1704 526 1729; x_wconf 86' lang='lat' dir='ltr'>tam</span> <span class='ocrx_word' id='word_1_105' title='bbox 552 1696 646 1729; x_wconf 85' lang='lat' dir='ltr'>canit</span> <span class='ocrx_word' id='word_1_106' title='bbox 665 1694 856 1737; x_wconf 82' lang='lat' dir='ltr'>Martialis,</span> <span class='ocrx_word' id='word_1_107' title='bbox 884 1702 918 1727; x_wconf 87' lang='lat' dir='ltr'>et</span> <span class='ocrx_word' id='word_1_108' title='bbox 937 1694 1057 1727; x_wconf 90' lang='lat' dir='ltr'>oscula</span> <span class='ocrx_word' id='word_1_109' title='bbox 1076 1694 1134 1727; x_wconf 87' lang='lat' dir='ltr'>illa</span> 
     </span>
     <span class='ocr_line' id='line_1_22' title="bbox 456 1746 1132 1794; baseline -0.003 -13"><span class='ocrx_word' id='word_1_110' title='bbox 456 1749 623 1782; x_wconf 79' lang='lat' dir='ltr'>lucrantia</span> <span class='ocrx_word' id='word_1_111' title='bbox 639 1773 648 1788; x_wconf 70' lang='grc'>,</span> <span class='ocrx_word' id='word_1_112' title='bbox 674 1748 790 1794; x_wconf 84' lang='lat' dir='ltr'>qualia</span> <span class='ocrx_word' id='word_1_113' title='bbox 821 1746 987 1781; x_wconf 84' lang='lat' dir='ltr'>describit</span> <span class='ocrx_word' id='word_1_114' title='bbox 1010 1747 1132 1780; x_wconf 81' lang='lat' dir='ltr'>Horat.</span> 
     </span>
     <span class='ocr_line' id='line_1_23' title="bbox 456 1800 1132 1843; baseline -0.001 -9"><span class='ocrx_word' id='word_1_115' title='bbox 456 1803 516 1835; x_wconf 86' lang='lat' dir='ltr'>lib.</span> <span class='ocrx_word' id='word_1_116' title='bbox 535 1803 571 1834; x_wconf 93' lang='lat' dir='ltr'>II</span> <span class='ocrx_word' id='word_1_117' title='bbox 589 1827 598 1843; x_wconf 88' lang='lat'>‚</span> <span class='ocrx_word' id='word_1_118' title='bbox 618 1800 676 1834; x_wconf 91' lang='lat' dir='ltr'>od.</span> <span class='ocrx_word' id='word_1_119' title='bbox 702 1813 741 1834; x_wconf 87' lang='lat'>12</span> <span class='ocrx_word' id='word_1_120' title='bbox 758 1814 767 1842; x_wconf 89' lang='grc'>;</span> <span class='ocrx_word' id='word_1_121' title='bbox 789 1809 823 1834; x_wconf 88' lang='lat' dir='ltr'>et</span> <span class='ocrx_word' id='word_1_122' title='bbox 837 1801 971 1834; x_wconf 79' lang='lat' dir='ltr'>Bolaeus</span> <span class='ocrx_word' id='word_1_123' title='bbox 990 1808 1132 1840; x_wconf 82' lang='lat' dir='ltr'>noster,</span> 
     </span>
     <span class='ocr_line' id='line_1_24' title="bbox 458 1854 812 1888; baseline 0 0"><span class='ocrx_word' id='word_1_124' title='bbox 458 1857 534 1888; x_wconf 85' lang='lat' dir='ltr'>Art.</span> <span class='ocrx_word' id='word_1_125' title='bbox 554 1856 649 1888; x_wconf 82' lang='lat' dir='ltr'>Poet.</span> <span class='ocrx_word' id='word_1_126' title='bbox 670 1854 733 1886; x_wconf 89' lang='lat' dir='ltr'>lib.</span> <span class='ocrx_word' id='word_1_127' title='bbox 750 1855 787 1887; x_wconf 89' lang='lat' dir='ltr'>II</span> <span class='ocrx_word' id='word_1_128' title='bbox 804 1866 812 1888; x_wconf 87' lang='lat'>:</span> 
     </span>
    </p>
   </div>
   <div class='ocr_carea' id='block_1_13' title="bbox 453 1918 1136 2641">
    <p class='ocr_par' dir='ltr' id='par_1_15' title="bbox 453 1918 1134 2048">
     <span class='ocr_line' id='line_1_25' title="bbox 460 1918 1045 1946; baseline -0.003 -2"><span class='ocrx_word' id='word_1_129' title='bbox 460 1940 465 1944; x_wconf 92' lang='lat'>.</span> <span class='ocrx_word' id='word_1_130' title='bbox 479 1940 484 1944; x_wconf 92' lang='lat'>.</span> <span class='ocrx_word' id='word_1_131' title='bbox 496 1940 501 1944; x_wconf 83' lang='lat'>.</span> <span class='ocrx_word' id='word_1_132' title='bbox 515 1919 559 1944; x_wconf 83' lang='lat' dir='ltr'>Un</span> <span class='ocrx_word' id='word_1_133' title='bbox 570 1920 653 1944; x_wconf 67' lang='lat' dir='ltr'>haiscr</span> <span class='ocrx_word' id='word_1_134' title='bbox 666 1919 750 1943; x_wconf 80' lang='lat' dir='ltr'>cucilli</span> <span class='ocrx_word' id='word_1_135' title='bbox 761 1928 804 1943; x_wconf 86' lang='lat' dir='ltr'>sur</span> <span class='ocrx_word' id='word_1_136' title='bbox 816 1918 851 1943; x_wconf 74' lang='lat' dir='ltr'>les</span> <span class='ocrx_word' id='word_1_137' title='bbox 861 1918 942 1943; x_wconf 49' lang='lat' dir='ltr'>levi-es</span> <span class='ocrx_word' id='word_1_138' title='bbox 956 1918 1045 1946; x_wconf 79' lang='lat' dir='ltr'>d’lris.</span> 
     </span>
     <span class='ocr_line' id='line_1_26' title="bbox 456 1966 1134 1999; baseline -0.003 -8"><span class='ocrx_word' id='word_1_139' title='bbox 456 1968 505 1999; x_wconf 81' lang='lat' dir='ltr'>Qui</span> <span class='ocrx_word' id='word_1_140' title='bbox 519 1966 667 1991; x_wconf 60' lang='lat' dir='ltr'>molisment</span> <span class='ocrx_word' id='word_1_141' title='bbox 677 1967 765 1991; x_wconf 73' lang='lat' dir='ltr'>re&#39;sisto</span> <span class='ocrx_word' id='word_1_142' title='bbox 775 1985 781 1993; x_wconf 83' lang='lat'>.</span> <span class='ocrx_word' id='word_1_143' title='bbox 793 1972 817 1990; x_wconf 67' lang='lat' dir='ltr'>rt</span> <span class='ocrx_word' id='word_1_144' title='bbox 831 1976 877 1999; x_wconf 82' lang='lat' dir='ltr'>par</span> <span class='ocrx_word' id='word_1_145' title='bbox 889 1975 923 1989; x_wconf 87' lang='lat' dir='ltr'>un</span> <span class='ocrx_word' id='word_1_146' title='bbox 938 1966 1005 1989; x_wconf 84' lang='lat' dir='ltr'>duux</span> <span class='ocrx_word' id='word_1_147' title='bbox 1015 1967 1115 1999; x_wconf 77' lang='lat' dir='ltr'>caprice</span> <span class='ocrx_word' id='word_1_148' title='bbox 1127 1984 1134 1995; x_wconf 83' lang='lat'>‚</span> 
     </span>
     <span class='ocr_line' id='line_1_27' title="bbox 453 2012 1131 2048; baseline -0.003 -11"><span class='ocrx_word' id='word_1_149' title='bbox 453 2014 619 2048; x_wconf 61' lang='lat' dir='ltr'>Quoi-luesois</span> <span class='ocrx_word' id='word_1_150' title='bbox 635 2013 659 2037; x_wconf 81' lang='lat' dir='ltr'>le</span> <span class='ocrx_word' id='word_1_151' title='bbox 674 2013 755 2038; x_wconf 70' lang='lat' dir='ltr'>resuse</span> <span class='ocrx_word' id='word_1_152' title='bbox 765 2033 770 2043; x_wconf 89' lang='lat'><em>,</em></span> <span class='ocrx_word' id='word_1_153' title='bbox 783 2014 832 2038; x_wconf 79' lang='lat' dir='ltr'>afin</span> <span class='ocrx_word' id='word_1_154' title='bbox 844 2014 921 2046; x_wconf 86' lang='lat' dir='ltr'>qu&#39;on</span> <span class='ocrx_word' id='word_1_155' title='bbox 934 2012 957 2036; x_wconf 77' lang='lat' dir='ltr'>le</span> <span class='ocrx_word' id='word_1_156' title='bbox 967 2013 1068 2036; x_wconf 78' lang='lat' dir='ltr'>ravisse.</span> <span class='ocrx_word' id='word_1_157' title='bbox 1082 2012 1131 2036; x_wconf 82' lang='lat' dir='ltr'>En.</span> 
     </span>
    </p>

    <p class='ocr_par' dir='ltr' id='par_1_16' title="bbox 455 2064 1134 2257">
     <span class='ocr_line' id='line_1_28' title="bbox 506 2064 1134 2110; baseline -0.003 -12"><span class='ocrx_word' id='word_1_158' title='bbox 506 2088 560 2092; x_wconf 77' lang='lat'>-—</span> <span class='ocrx_word' id='word_1_159' title='bbox 582 2066 633 2098; x_wconf 84' lang='lat' dir='ltr'>De</span> <span class='ocrx_word' id='word_1_160' title='bbox 656 2064 827 2110; x_wconf 76' lang='lat' dir='ltr'><em>Cleopatra</em></span> <span class='ocrx_word' id='word_1_161' title='bbox 849 2065 885 2097; x_wconf 87' lang='lat' dir='ltr'>in</span> <span class='ocrx_word' id='word_1_162' title='bbox 909 2064 995 2097; x_wconf 90' lang='lat' dir='ltr'>aliis.</span> <span class='ocrx_word' id='word_1_163' title='bbox 1011 2083 1064 2088; x_wconf 90' lang='lat'>—</span> <span class='ocrx_word' id='word_1_164' title='bbox 1081 2064 1134 2096; x_wconf 74' lang='lat' dir='ltr'>De</span> 
     </span>
     <span class='ocr_line' id='line_1_29' title="bbox 459 2115 1132 2163; baseline -0.003 -11"><span class='ocrx_word' id='word_1_165' title='bbox 459 2119 630 2163; x_wconf 75' lang='lat' dir='ltr'>Cleopatra</span> <span class='ocrx_word' id='word_1_166' title='bbox 649 2132 745 2151; x_wconf 67' lang='lat' dir='ltr'>uxore</span> <span class='ocrx_word' id='word_1_167' title='bbox 767 2117 973 2151; x_wconf 80' lang='lat' dir='ltr'>inscribitur</span> <span class='ocrx_word' id='word_1_168' title='bbox 995 2117 1031 2149; x_wconf 83' lang='lat' dir='ltr'>in</span> <span class='ocrx_word' id='word_1_169' title='bbox 1052 2115 1132 2150; x_wconf 85' lang='lat' dir='ltr'>Ald.</span> 
     </span>
     <span class='ocr_line' id='line_1_30' title="bbox 455 2171 1134 2215; baseline -0.006 -11"><span class='ocrx_word' id='word_1_170' title='bbox 455 2173 553 2205; x_wconf 84' lang='lat' dir='ltr'>Junt.</span> <span class='ocrx_word' id='word_1_171' title='bbox 569 2172 682 2205; x_wconf 88' lang='lat' dir='ltr'>Colin.</span> <span class='ocrx_word' id='word_1_172' title='bbox 701 2180 766 2204; x_wconf 83' lang='lat' dir='ltr'>etc.</span> <span class='ocrx_word' id='word_1_173' title='bbox 790 2173 839 2204; x_wconf 89' lang='lat' dir='ltr'>De</span> <span class='ocrx_word' id='word_1_174' title='bbox 859 2171 1029 2215; x_wconf 75' lang='lat' dir='ltr'>Cleopatra</span> <span class='ocrx_word' id='word_1_175' title='bbox 1044 2177 1134 2201; x_wconf 80' lang='lat' dir='ltr'>nata·</span> 
     </span>
     <span class='ocr_line' id='line_1_31' title="bbox 458 2223 914 2257; baseline 0 -1"><span class='ocrx_word' id='word_1_176' title='bbox 458 2228 531 2257; x_wconf 80' lang='lat' dir='ltr'>trice</span> <span class='ocrx_word' id='word_1_177' title='bbox 550 2225 586 2257; x_wconf 90' lang='lat' dir='ltr'>in</span> <span class='ocrx_word' id='word_1_178' title='bbox 612 2223 817 2257; x_wconf 81' lang='lat' dir='ltr'>Beverlandi</span> <span class='ocrx_word' id='word_1_179' title='bbox 839 2224 914 2257; x_wconf 89' lang='lat' dir='ltr'>MS.</span> 
     </span>
    </p>

    <p class='ocr_par' dir='ltr' id='par_1_17' title="bbox 456 2276 1136 2589">
     <span class='ocr_line' id='line_1_32' title="bbox 515 2276 1136 2311; baseline -0.003 -1"><span class='ocrx_word' id='word_1_180' title='bbox 515 2290 545 2310; x_wconf 87' lang='lat'>1.</span> <span class='ocrx_word' id='word_1_181' title='bbox 572 2277 688 2311; x_wconf 78' lang='lat' dir='ltr'>Codd.</span> <span class='ocrx_word' id='word_1_182' title='bbox 718 2278 872 2310; x_wconf 84' lang='lat' dir='ltr'>Florent.</span> <span class='ocrx_word' id='word_1_183' title='bbox 902 2283 937 2309; x_wconf 86' lang='lat' dir='ltr'>et</span> <span class='ocrx_word' id='word_1_184' title='bbox 967 2276 1048 2308; x_wconf 72' lang='lat' dir='ltr'>Vat.</span> <span class='ocrx_word' id='word_1_185' title='bbox 1081 2288 1136 2308; x_wconf 79' lang='lat' dir='ltr'>nec</span> 
     </span>
     <span class='ocr_line' id='line_1_33' title="bbox 459 2330 1133 2375; baseline -0.001 -13"><span class='ocrx_word' id='word_1_186' title='bbox 459 2331 561 2363; x_wconf 78' lang='lat' dir='ltr'>acllmc</span> <span class='ocrx_word' id='word_1_187' title='bbox 585 2330 758 2375; x_wconf 78' lang='lat' dir='ltr'>placanda.</span> <span class='ocrx_word' id='word_1_188' title='bbox 790 2352 842 2357; x_wconf 89' lang='lat'>—</span> <span class='ocrx_word' id='word_1_189' title='bbox 870 2331 996 2362; x_wconf 80' lang='lat' dir='ltr'>Primos</span> <span class='ocrx_word' id='word_1_190' title='bbox 1025 2342 1133 2373; x_wconf 79' lang='lat' dir='ltr'>passa.</span> 
     </span>
     <span class='ocr_line' id='line_1_34' title="bbox 459 2382 1135 2428; baseline -0.004 -11"><span class='ocrx_word' id='word_1_191' title='bbox 459 2384 645 2428; x_wconf 81' lang='lat' dir='ltr'>Cleopatra</span> <span class='ocrx_word' id='word_1_192' title='bbox 672 2383 841 2417; x_wconf 82' lang='lat' dir='ltr'>Martialis</span> <span class='ocrx_word' id='word_1_193' title='bbox 871 2395 961 2416; x_wconf 83' lang='lat' dir='ltr'>uxor</span> <span class='ocrx_word' id='word_1_194' title='bbox 976 2407 985 2423; x_wconf 82' lang='lat'>,</span> <span class='ocrx_word' id='word_1_195' title='bbox 1013 2382 1135 2415; x_wconf 82' lang='lat' dir='ltr'>amissa</span> 
     </span>
     <span class='ocr_line' id='line_1_35' title="bbox 457 2435 1135 2481; baseline -0.003 -12"><span class='ocrx_word' id='word_1_196' title='bbox 457 2436 655 2481; x_wconf 70' lang='lat' dir='ltr'>virginitate</span> <span class='ocrx_word' id='word_1_197' title='bbox 670 2462 679 2477; x_wconf 91' lang='lat'>‚</span> <span class='ocrx_word' id='word_1_198' title='bbox 718 2437 872 2470; x_wconf 87' lang='lat' dir='ltr'>subirata</span> <span class='ocrx_word' id='word_1_199' title='bbox 912 2435 1038 2468; x_wconf 89' lang='lat' dir='ltr'>marito</span> <span class='ocrx_word' id='word_1_200' title='bbox 1050 2460 1060 2475; x_wconf 73' lang='lat'>‚</span> <span class='ocrx_word' id='word_1_201' title='bbox 1098 2435 1135 2467; x_wconf 87' lang='lat' dir='ltr'>in</span> 
     </span>
     <span class='ocr_line' id='line_1_36' title="bbox 456 2489 1134 2536; baseline -0.003 -14"><span class='ocrx_word' id='word_1_202' title='bbox 456 2502 561 2536; x_wconf 88' lang='lat' dir='ltr'>aquas</span> <span class='ocrx_word' id='word_1_203' title='bbox 573 2502 607 2522; x_wconf 86' lang='lat' dir='ltr'>se</span> <span class='ocrx_word' id='word_1_204' title='bbox 619 2489 806 2531; x_wconf 84' lang='lat' dir='ltr'>immersit,</span> <span class='ocrx_word' id='word_1_205' title='bbox 824 2502 926 2535; x_wconf 77' lang='lat' dir='ltr'>quani</span> <span class='ocrx_word' id='word_1_206' title='bbox 949 2497 1063 2521; x_wconf 82' lang='lat' dir='ltr'>tamen</span> <span class='ocrx_word' id='word_1_207' title='bbox 1082 2500 1134 2520; x_wconf 88' lang='lat' dir='ltr'>se-</span> 
     </span>
     <span class='ocr_line' id='line_1_37' title="bbox 459 2541 1132 2589; baseline -0.004 -13"><span class='ocrx_word' id='word_1_208' title='bbox 459 2551 593 2589; x_wconf 85' lang='lat' dir='ltr'>quutus</span> <span class='ocrx_word' id='word_1_209' title='bbox 606 2542 664 2575; x_wconf 84' lang='lat' dir='ltr'>ille</span> <span class='ocrx_word' id='word_1_210' title='bbox 674 2543 821 2575; x_wconf 79' lang='lat' dir='ltr'>invitam</span> <span class='ocrx_word' id='word_1_211' title='bbox 834 2541 1057 2576; x_wconf 77' lang='lat' dir='ltr'>deosculatus</span> <span class='ocrx_word' id='word_1_212' title='bbox 1071 2549 1132 2574; x_wconf 84' lang='lat' dir='ltr'>est.</span> 
     </span>
    </p>

    <p class='ocr_par' dir='ltr' id='par_1_18' title="bbox 513 2594 1136 2641">
     <span class='ocr_line' id='line_1_38' title="bbox 513 2594 1136 2641; baseline -0.003 -13"><span class='ocrx_word' id='word_1_213' title='bbox 513 2608 545 2628; x_wconf 84' lang='lat'>2.</span> <span class='ocrx_word' id='word_1_214' title='bbox 570 2595 727 2629; x_wconf 69' lang='lat' dir='ltr'>,Merserat</span> <span class='ocrx_word' id='word_1_215' title='bbox 757 2599 788 2627; x_wconf 79' lang='lat' dir='ltr'>in</span> <span class='ocrx_word' id='word_1_216' title='bbox 817 2595 951 2641; x_wconf 75' lang='lat' dir='ltr'>liquidos</span> <span class='ocrx_word' id='word_1_217' title='bbox 981 2595 1061 2627; x_wconf 83' lang='lat' dir='ltr'>Aut.</span> <span class='ocrx_word' id='word_1_218' title='bbox 1097 2594 1136 2626; x_wconf 79' lang='lat' dir='ltr'>de</span> 
     </span>
    </p>
   </div>
   <div class='ocr_carea' id='block_1_14' title="bbox 455 2647 1134 2695">
    <p class='ocr_par' dir='ltr' id='par_1_19' title="bbox 455 2647 1134 2695">
     <span class='ocr_line' id='line_1_39' title="bbox 455 2647 1134 2695; baseline -0.004 -13"><span class='ocrx_word' id='word_1_219' title='bbox 455 2650 555 2695; x_wconf 46' lang='lat' dir='ltr'>Boos,</span> <span class='ocrx_word' id='word_1_220' title='bbox 582 2647 676 2681; x_wconf 75' lang='lat' dir='ltr'>Vide</span> <span class='ocrx_word' id='word_1_221' title='bbox 703 2647 808 2681; x_wconf 62' lang='lat' dir='ltr'>Ovid.</span> <span class='ocrx_word' id='word_1_222' title='bbox 837 2648 921 2681; x_wconf 62' lang='lat' dir='ltr'>Met.</span> <span class='ocrx_word' id='word_1_223' title='bbox 947 2648 1020 2688; x_wconf 87' lang='grc' dir='ltr'>ΙΠ,</span> <span class='ocrx_word' id='word_1_224' title='bbox 1046 2651 1134 2691; x_wconf 62' lang='grc' dir='ltr'>.ἰο7;</span> 
     </span>
    </p>
   </div>
   <div class='ocr_carea' id='block_1_15' title="bbox 1144 1458 1869 1525">
    <p class='ocr_par' dir='ltr' id='par_1_20' title="bbox 1144 1458 1869 1525">
     <span class='ocr_line' id='line_1_40' title="bbox 1144 1458 1869 1525; baseline -0.003 -11"><span class='ocrx_word' id='word_1_225' title='bbox 1144 1458 1145 1461; x_wconf 45' lang='lat'>¹</span> <span class='ocrx_word' id='word_1_226' title='bbox 1192 1481 1259 1522; x_wconf 84' lang='lat' dir='ltr'>IV,</span> <span class='ocrx_word' id='word_1_227' title='bbox 1276 1481 1348 1521; x_wconf 53' lang='lat'>354</span> <span class='ocrx_word' id='word_1_228' title='bbox 1364 1494 1373 1522; x_wconf 84' lang='lat'><em>3</em></span> <span class='ocrx_word' id='word_1_229' title='bbox 1388 1478 1532 1513; x_wconf 79' lang='lat' dir='ltr'>Heroid.</span> <span class='ocrx_word' id='word_1_230' title='bbox 1547 1479 1658 1525; x_wconf 81' lang='lat' dir='ltr'>Epist.</span> <span class='ocrx_word' id='word_1_231' title='bbox 1676 1479 1757 1519; x_wconf 81' lang='lat' dir='ltr'>XV,</span> <span class='ocrx_word' id='word_1_232' title='bbox 1780 1478 1869 1524; x_wconf 75' lang='lat'>157;</span> 
     </span>
    </p>
   </div>
   <div class='ocr_carea' id='block_1_16' title="bbox 1192 1533 1874 2689">
    <p class='ocr_par' dir='ltr' id='par_1_21' title="bbox 1193 1533 1868 1627">
     <span class='ocr_line' id='line_1_41' title="bbox 1193 1533 1868 1575; baseline -0.001 -9"><span class='ocrx_word' id='word_1_233' title='bbox 1193 1534 1317 1566; x_wconf 80' lang='lat' dir='ltr'>Avian.</span> <span class='ocrx_word' id='word_1_234' title='bbox 1347 1534 1430 1567; x_wconf 76' lang='lat' dir='ltr'>Fab.</span> <span class='ocrx_word' id='word_1_235' title='bbox 1461 1534 1518 1575; x_wconf 89' lang='lat' dir='ltr'>II,</span> <span class='ocrx_word' id='word_1_236' title='bbox 1549 1537 1568 1572; x_wconf 73' lang='grc'><em>4</em></span> <span class='ocrx_word' id='word_1_237' title='bbox 1584 1546 1593 1575; x_wconf 84' lang='grc'><strong>;</strong></span> <span class='ocrx_word' id='word_1_238' title='bbox 1624 1541 1659 1566; x_wconf 85' lang='lat' dir='ltr'>et</span> <span class='ocrx_word' id='word_1_239' title='bbox 1691 1533 1868 1566; x_wconf 80' lang='lat' dir='ltr'>Snakeuh.</span> 
     </span>
     <span class='ocr_line' id='line_1_42' title="bbox 1193 1585 1508 1627; baseline -0.006 -7"><span class='ocrx_word' id='word_1_240' title='bbox 1193 1585 1237 1620; x_wconf 80' lang='lat' dir='ltr'>ad</span> <span class='ocrx_word' id='word_1_241' title='bbox 1259 1587 1358 1620; x_wconf 85' lang='lat' dir='ltr'>Curt.</span> <span class='ocrx_word' id='word_1_242' title='bbox 1378 1587 1453 1627; x_wconf 83' lang='lat' dir='ltr'>III,</span> <span class='ocrx_word' id='word_1_243' title='bbox 1478 1598 1508 1619; x_wconf 94' lang='lat'>1.</span> 
     </span>
    </p>

    <p class='ocr_par' dir='ltr' id='par_1_22' title="bbox 1192 1637 1874 2162">
     <span class='ocr_line' id='line_1_43' title="bbox 1249 1637 1871 1680; baseline 0 -8"><span class='ocrx_word' id='word_1_244' title='bbox 1249 1644 1283 1680; x_wconf 75' lang='grc'>4.</span> <span class='ocrx_word' id='word_1_245' title='bbox 1302 1639 1442 1672; x_wconf 76' lang='lat' dir='ltr'>Lucebat</span> <span class='ocrx_word' id='word_1_246' title='bbox 1458 1641 1530 1672; x_wconf 78' lang='lat' dir='ltr'>totis</span> <span class='ocrx_word' id='word_1_247' title='bbox 1546 1666 1555 1678; x_wconf 91' lang='lat'>,</span> <span class='ocrx_word' id='word_1_248' title='bbox 1577 1646 1641 1672; x_wconf 89' lang='lat' dir='ltr'>etc.</span> <span class='ocrx_word' id='word_1_249' title='bbox 1665 1637 1795 1671; x_wconf 86' lang='lat' dir='ltr'>Similis</span> <span class='ocrx_word' id='word_1_250' title='bbox 1819 1646 1871 1672; x_wconf 86' lang='lat' dir='ltr'>est</span> 
     </span>
     <span class='ocr_line' id='line_1_44' title="bbox 1192 1691 1872 1737; baseline -0.001 -12"><span class='ocrx_word' id='word_1_251' title='bbox 1192 1693 1290 1726; x_wconf 90' lang='lat' dir='ltr'>locus</span> <span class='ocrx_word' id='word_1_252' title='bbox 1316 1692 1514 1725; x_wconf 83' lang='lat' dir='ltr'>Aristaeneti</span> <span class='ocrx_word' id='word_1_253' title='bbox 1537 1692 1599 1725; x_wconf 83' lang='lat' dir='ltr'>lib.</span> <span class='ocrx_word' id='word_1_254' title='bbox 1627 1692 1644 1724; x_wconf 96' lang='lat' dir='ltr'>I</span> <span class='ocrx_word' id='word_1_255' title='bbox 1661 1717 1670 1732; x_wconf 91' lang='lat'>‚</span> <span class='ocrx_word' id='word_1_256' title='bbox 1701 1692 1800 1737; x_wconf 87' lang='lat' dir='ltr'>epist.</span> <span class='ocrx_word' id='word_1_257' title='bbox 1828 1691 1872 1732; x_wconf 86' lang='lat'>3,</span> 
     </span>
     <span class='ocr_line' id='line_1_45' title="bbox 1194 1744 1873 1791; baseline -0.003 -13"><span class='ocrx_word' id='word_1_258' title='bbox 1194 1747 1296 1791; x_wconf 82' lang='lat' dir='ltr'>cujus</span> <span class='ocrx_word' id='word_1_259' title='bbox 1325 1746 1431 1778; x_wconf 87' lang='lat' dir='ltr'>verba</span> <span class='ocrx_word' id='word_1_260' title='bbox 1461 1757 1502 1778; x_wconf 80' lang='lat' dir='ltr'>ex</span> <span class='ocrx_word' id='word_1_261' title='bbox 1533 1744 1692 1778; x_wconf 71' lang='lat' dir='ltr'>versione</span> <span class='ocrx_word' id='word_1_262' title='bbox 1721 1744 1873 1777; x_wconf 84' lang='lat' dir='ltr'>Merceri</span> 
     </span>
     <span class='ocr_line' id='line_1_46' title="bbox 1194 1797 1872 1843; baseline -0.003 -12"><span class='ocrx_word' id='word_1_263' title='bbox 1194 1807 1277 1832; x_wconf 87' lang='lat' dir='ltr'>sunt</span> <span class='ocrx_word' id='word_1_264' title='bbox 1297 1810 1305 1832; x_wconf 86' lang='lat'>:</span> <span class='ocrx_word' id='word_1_265' title='bbox 1330 1816 1343 1828; x_wconf 68' lang='grc' dir='ltr'>ι(</span> <span class='ocrx_word' id='word_1_266' title='bbox 1360 1798 1431 1832; x_wconf 91' lang='lat' dir='ltr'>Sub</span> <span class='ocrx_word' id='word_1_267' title='bbox 1453 1798 1594 1843; x_wconf 86' lang='lat' dir='ltr'>platano</span> <span class='ocrx_word' id='word_1_268' title='bbox 1612 1798 1690 1831; x_wconf 86' lang='lat' dir='ltr'>fons</span> <span class='ocrx_word' id='word_1_269' title='bbox 1709 1797 1872 1831; x_wconf 89' lang='lat' dir='ltr'>amoenis-</span> 
     </span>
     <span class='ocr_line' id='line_1_47' title="bbox 1195 1849 1872 1896; baseline -0.003 -12"><span class='ocrx_word' id='word_1_270' title='bbox 1195 1851 1302 1884; x_wconf 86' lang='lat' dir='ltr'>simus</span> <span class='ocrx_word' id='word_1_271' title='bbox 1324 1851 1403 1884; x_wconf 90' lang='lat' dir='ltr'>fluit</span> <span class='ocrx_word' id='word_1_272' title='bbox 1424 1863 1522 1896; x_wconf 66' lang='lat' dir='ltr'>aqua]</span> <span class='ocrx_word' id='word_1_273' title='bbox 1551 1859 1621 1884; x_wconf 84' lang='lat' dir='ltr'>tarn</span> <span class='ocrx_word' id='word_1_274' title='bbox 1651 1849 1786 1895; x_wconf 75' lang='lat' dir='ltr'>frigidae</span> <span class='ocrx_word' id='word_1_275' title='bbox 1801 1876 1810 1891; x_wconf 85' lang='lat'>,</span> <span class='ocrx_word' id='word_1_276' title='bbox 1831 1857 1872 1883; x_wconf 81' lang='lat' dir='ltr'>ut</span> 
     </span>
     <span class='ocr_line' id='line_1_48' title="bbox 1195 1901 1872 1950; baseline -0.003 -13"><span class='ocrx_word' id='word_1_277' title='bbox 1195 1903 1286 1950; x_wconf 82' lang='lat' dir='ltr'>pede</span> <span class='ocrx_word' id='word_1_278' title='bbox 1297 1904 1447 1949; x_wconf 81' lang='lat' dir='ltr'>rigorem</span> <span class='ocrx_word' id='word_1_279' title='bbox 1465 1904 1589 1938; x_wconf 79' lang='lat' dir='ltr'>sentias</span> <span class='ocrx_word' id='word_1_280' title='bbox 1599 1916 1608 1946; x_wconf 91' lang='lat'>;</span> <span class='ocrx_word' id='word_1_281' title='bbox 1620 1912 1690 1937; x_wconf 82' lang='lat' dir='ltr'>tam</span> <span class='ocrx_word' id='word_1_282' title='bbox 1704 1901 1872 1948; x_wconf 81' lang='lat' dir='ltr'>limpidae,</span> 
     </span>
     <span class='ocr_line' id='line_1_49' title="bbox 1195 1956 1874 2002; baseline -0.003 -12"><span class='ocrx_word' id='word_1_283' title='bbox 1195 1966 1235 1990; x_wconf 88' lang='lat' dir='ltr'>ut</span> <span class='ocrx_word' id='word_1_284' title='bbox 1253 1957 1418 1991; x_wconf 86' lang='lat' dir='ltr'>nantibus</span> <span class='ocrx_word' id='word_1_285' title='bbox 1436 1957 1539 1990; x_wconf 87' lang='lat' dir='ltr'>nobis</span> <span class='ocrx_word' id='word_1_286' title='bbox 1555 1965 1588 1990; x_wconf 90' lang='lat' dir='ltr'>et</span> <span class='ocrx_word' id='word_1_287' title='bbox 1605 1969 1670 2002; x_wconf 87' lang='lat' dir='ltr'>per</span> <span class='ocrx_word' id='word_1_288' title='bbox 1685 1968 1781 2002; x_wconf 84' lang='lat' dir='ltr'>aquae</span> <span class='ocrx_word' id='word_1_289' title='bbox 1802 1956 1874 2001; x_wconf 87' lang='lat' dir='ltr'>pel-</span> 
     </span>
     <span class='ocr_line' id='line_1_50' title="bbox 1192 2008 1873 2054; baseline -0.003 -11"><span class='ocrx_word' id='word_1_290' title='bbox 1192 2010 1351 2043; x_wconf 87' lang='lat' dir='ltr'>lucidum</span> <span class='ocrx_word' id='word_1_291' title='bbox 1370 2010 1503 2043; x_wconf 82' lang='lat' dir='ltr'>vitrum</span> <span class='ocrx_word' id='word_1_292' title='bbox 1530 2018 1685 2043; x_wconf 88' lang='lat' dir='ltr'>amanter</span> <span class='ocrx_word' id='word_1_293' title='bbox 1707 2008 1873 2054; x_wconf 82' lang='lat' dir='ltr'>amplexis</span> 
     </span>
     <span class='ocr_line' id='line_1_51' title="bbox 1193 2061 1867 2108; baseline -0.004 -12"><span class='ocrx_word' id='word_1_294' title='bbox 1193 2064 1350 2096; x_wconf 83' lang='lat' dir='ltr'>membra</span> <span class='ocrx_word' id='word_1_295' title='bbox 1368 2063 1458 2096; x_wconf 84' lang='lat' dir='ltr'>clare</span> <span class='ocrx_word' id='word_1_296' title='bbox 1475 2071 1684 2108; x_wconf 82' lang='lat' dir='ltr'>apparerent</span> <span class='ocrx_word' id='word_1_297' title='bbox 1703 2061 1833 2095; x_wconf 86' lang='lat' dir='ltr'>omnia.</span> <span class='ocrx_word' id='word_1_298' title='bbox 1852 2078 1867 2091; x_wconf 86' lang='lat'>»</span> 
     </span>
     <span class='ocr_line' id='line_1_52' title="bbox 1194 2115 1871 2162; baseline -0.001 -13"><span class='ocrx_word' id='word_1_299' title='bbox 1194 2116 1279 2150; x_wconf 81' lang='lat' dir='ltr'>Vid.</span> <span class='ocrx_word' id='word_1_300' title='bbox 1291 2116 1486 2150; x_wconf 73' lang='lat' dir='ltr'>Boissonade</span> <span class='ocrx_word' id='word_1_301' title='bbox 1499 2143 1508 2157; x_wconf 93' lang='lat'><em>,</em></span> <span class='ocrx_word' id='word_1_302' title='bbox 1523 2129 1558 2162; x_wconf 89' lang='lat' dir='ltr'>p.</span> <span class='ocrx_word' id='word_1_303' title='bbox 1576 2128 1591 2148; x_wconf 96' lang='lat'>1</span> <span class='ocrx_word' id='word_1_304' title='bbox 1602 2116 1619 2150; x_wconf 91' lang='lat'><strong>5</strong></span> <span class='ocrx_word' id='word_1_305' title='bbox 1632 2142 1642 2157; x_wconf 77' lang='lat'>‚</span> <span class='ocrx_word' id='word_1_306' title='bbox 1659 2115 1744 2149; x_wconf 84' lang='lat' dir='ltr'>edit.</span> <span class='ocrx_word' id='word_1_307' title='bbox 1761 2127 1774 2147; x_wconf 92' lang='lat'>1</span> <span class='ocrx_word' id='word_1_308' title='bbox 1785 2117 1828 2149; x_wconf 85' lang='lat'>82</span> <span class='ocrx_word' id='word_1_309' title='bbox 1838 2127 1871 2148; x_wconf 79' lang='lat'>2.</span> 
     </span>
    </p>

    <p class='ocr_par' dir='ltr' id='par_1_23' title="bbox 1194 2166 1873 2689">
     <span class='ocr_line' id='line_1_53' title="bbox 1248 2166 1872 2214; baseline -0.003 -12"><span class='ocrx_word' id='word_1_310' title='bbox 1248 2169 1280 2203; x_wconf 85' lang='lat'>5.</span> <span class='ocrx_word' id='word_1_311' title='bbox 1314 2168 1453 2202; x_wconf 79' lang='lat' dir='ltr'>Canclila</span> <span class='ocrx_word' id='word_1_312' title='bbox 1482 2172 1527 2201; x_wconf 74' lang='lat' dir='ltr'>sic</span> <span class='ocrx_word' id='word_1_313' title='bbox 1550 2182 1632 2214; x_wconf 79' lang='lat' dir='ltr'>puro</span> <span class='ocrx_word' id='word_1_314' title='bbox 1662 2166 1872 2201; x_wconf 81' lang='lat' dir='ltr'>Beverlandi</span> 
     </span>
     <span class='ocr_line' id='line_1_54' title="bbox 1194 2221 1872 2256; baseline -0.003 -1"><span class='ocrx_word' id='word_1_315' title='bbox 1194 2222 1270 2256; x_wconf 85' lang='lat' dir='ltr'>MS.</span> <span class='ocrx_word' id='word_1_316' title='bbox 1292 2245 1344 2249; x_wconf 94' lang='lat'>—</span> <span class='ocrx_word' id='word_1_317' title='bbox 1364 2223 1580 2256; x_wconf 74' lang='lat' dir='ltr'>Numerantur</span> <span class='ocrx_word' id='word_1_318' title='bbox 1602 2222 1679 2255; x_wconf 71' lang='lat' dir='ltr'><em>lilia.</em></span> <span class='ocrx_word' id='word_1_319' title='bbox 1705 2221 1872 2255; x_wconf 84' lang='lat' dir='ltr'>Translu-</span> 
     </span>
     <span class='ocr_line' id='line_1_55' title="bbox 1195 2274 1872 2320; baseline -0.004 -11"><span class='ocrx_word' id='word_1_320' title='bbox 1195 2284 1275 2309; x_wconf 81' lang='lat' dir='ltr'>cent</span> <span class='ocrx_word' id='word_1_321' title='bbox 1305 2274 1392 2308; x_wconf 84' lang='lat' dir='ltr'>adeo</span> <span class='ocrx_word' id='word_1_322' title='bbox 1430 2284 1470 2309; x_wconf 88' lang='lat' dir='ltr'>ut</span> <span class='ocrx_word' id='word_1_323' title='bbox 1500 2275 1677 2308; x_wconf 83' lang='lat' dir='ltr'>numerari</span> <span class='ocrx_word' id='word_1_324' title='bbox 1709 2274 1843 2320; x_wconf 88' lang='lat' dir='ltr'>possint</span> <span class='ocrx_word' id='word_1_325' title='bbox 1863 2285 1872 2306; x_wconf 90' lang='lat'>:</span> 
     </span>
     <span class='ocr_line' id='line_1_56' title="bbox 1197 2326 1870 2362; baseline -0.004 -1"><span class='ocrx_word' id='word_1_326' title='bbox 1197 2329 1368 2362; x_wconf 79' lang='lat' dir='ltr'>existimat</span> <span class='ocrx_word' id='word_1_327' title='bbox 1388 2328 1601 2362; x_wconf 85' lang='lat' dir='ltr'>Ramiresius</span> <span class='ocrx_word' id='word_1_328' title='bbox 1620 2329 1768 2361; x_wconf 74' lang='lat' dir='ltr'>Veteres</span> <span class='ocrx_word' id='word_1_329' title='bbox 1787 2326 1870 2359; x_wconf 88' lang='lat' dir='ltr'>liliis</span> 
     </span>
     <span class='ocr_line' id='line_1_57' title="bbox 1197 2378 1873 2415; baseline -0.004 -1"><span class='ocrx_word' id='word_1_330' title='bbox 1197 2381 1384 2415; x_wconf 82' lang='lat' dir='ltr'>delectatos</span> <span class='ocrx_word' id='word_1_331' title='bbox 1418 2394 1456 2415; x_wconf 82' lang='lat' dir='ltr'>ea</span> <span class='ocrx_word' id='word_1_332' title='bbox 1490 2381 1601 2415; x_wconf 88' lang='lat' dir='ltr'>solere</span> <span class='ocrx_word' id='word_1_333' title='bbox 1632 2380 1752 2413; x_wconf 77' lang='lat' dir='ltr'>vitreis</span> <span class='ocrx_word' id='word_1_334' title='bbox 1783 2378 1873 2412; x_wconf 85' lang='lat' dir='ltr'>vasis</span> 
     </span>
     <span class='ocr_line' id='line_1_58' title="bbox 1196 2432 1873 2476; baseline -0.006 -9"><span class='ocrx_word' id='word_1_335' title='bbox 1196 2434 1369 2476; x_wconf 83' lang='lat' dir='ltr'>condere,</span> <span class='ocrx_word' id='word_1_336' title='bbox 1388 2446 1434 2467; x_wconf 90' lang='lat' dir='ltr'>ne</span> <span class='ocrx_word' id='word_1_337' title='bbox 1455 2434 1585 2468; x_wconf 85' lang='lat' dir='ltr'>scilicet</span> <span class='ocrx_word' id='word_1_338' title='bbox 1601 2434 1700 2467; x_wconf 79' lang='lat' dir='ltr'>facile</span> <span class='ocrx_word' id='word_1_339' title='bbox 1725 2432 1768 2465; x_wconf 88' lang='lat' dir='ltr'>ab</span> <span class='ocrx_word' id='word_1_340' title='bbox 1796 2443 1873 2464; x_wconf 83' lang='lat' dir='ltr'>aere</span> 
     </span>
     <span class='ocr_line' id='line_1_59' title="bbox 1196 2484 1873 2533; baseline -0.009 -12"><span class='ocrx_word' id='word_1_341' title='bbox 1196 2495 1490 2533; x_wconf 83' lang='lat' dir='ltr'>corruperentur,</span> <span class='ocrx_word' id='word_1_342' title='bbox 1513 2496 1547 2520; x_wconf 85' lang='lat' dir='ltr'>et</span> <span class='ocrx_word' id='word_1_343' title='bbox 1565 2487 1655 2520; x_wconf 88' lang='lat' dir='ltr'>forte</span> <span class='ocrx_word' id='word_1_344' title='bbox 1673 2498 1717 2519; x_wconf 87' lang='lat' dir='ltr'>ne</span> <span class='ocrx_word' id='word_1_345' title='bbox 1733 2484 1873 2530; x_wconf 83' lang='lat' dir='ltr'>gravior</span> 
     </span>
     <span class='ocr_line' id='line_1_60' title="bbox 1195 2534 1873 2584; baseline -0.006 -11"><span class='ocrx_word' id='word_1_346' title='bbox 1195 2553 1318 2574; x_wconf 84' lang='lat' dir='ltr'>eorum</span> <span class='ocrx_word' id='word_1_347' title='bbox 1348 2539 1438 2573; x_wconf 85' lang='lat' dir='ltr'>odor</span> <span class='ocrx_word' id='word_1_348' title='bbox 1458 2539 1600 2573; x_wconf 79' lang='lat' dir='ltr'>laederet</span> <span class='ocrx_word' id='word_1_349' title='bbox 1623 2547 1749 2584; x_wconf 89' lang='lat' dir='ltr'>caput,</span> <span class='ocrx_word' id='word_1_350' title='bbox 1775 2534 1873 2581; x_wconf 87' lang='lat' dir='ltr'>quod</span> 
     </span>
     <span class='ocr_line' id='line_1_61' title="bbox 1194 2587 1870 2638; baseline -0.007 -12"><span class='ocrx_word' id='word_1_351' title='bbox 1194 2606 1259 2627; x_wconf 80' lang='lat' dir='ltr'>usu</span> <span class='ocrx_word' id='word_1_352' title='bbox 1276 2593 1398 2626; x_wconf 84' lang='lat' dir='ltr'>venire</span> <span class='ocrx_word' id='word_1_353' title='bbox 1416 2605 1507 2638; x_wconf 79' lang='lat' dir='ltr'>saepe</span> <span class='ocrx_word' id='word_1_354' title='bbox 1521 2592 1689 2626; x_wconf 75' lang='lat' dir='ltr'>videmus.</span> <span class='ocrx_word' id='word_1_355' title='bbox 1701 2591 1755 2624; x_wconf 84' lang='lat' dir='ltr'>Sic</span> <span class='ocrx_word' id='word_1_356' title='bbox 1766 2587 1870 2629; x_wconf 89' lang='lat' dir='ltr'>Ovid.</span> 
     </span>
     <span class='ocr_line' id='line_1_62' title="bbox 1194 2642 1873 2689; baseline -0.009 -10"><span class='ocrx_word' id='word_1_357' title='bbox 1194 2647 1256 2680; x_wconf 88' lang='lat' dir='ltr'>lib.</span> <span class='ocrx_word' id='word_1_358' title='bbox 1273 2647 1339 2687; x_wconf 69' lang='lat' dir='ltr'>IV,</span> <span class='ocrx_word' id='word_1_359' title='bbox 1355 2646 1500 2679; x_wconf 85' lang='lat' dir='ltr'>Metam.</span> <span class='ocrx_word' id='word_1_360' title='bbox 1519 2663 1533 2676; x_wconf 72' lang='lat' dir='ltr'>a</span> <span class='ocrx_word' id='word_1_361' title='bbox 1550 2646 1591 2678; x_wconf 92' lang='lat' dir='ltr'>In</span> <span class='ocrx_word' id='word_1_362' title='bbox 1606 2642 1748 2689; x_wconf 85' lang='lat' dir='ltr'>liquidis</span> <span class='ocrx_word' id='word_1_363' title='bbox 1766 2650 1873 2675; x_wconf 78' lang='lat' dir='ltr'>trans-</span> 
     </span>
    </p>
   </div>
  </div>
 </body>
</html>
