2061 3288
433 195 532 252 [256
811 196 873 239 M.
899 196 1040 239 VAL.
1081 196 1479 241 MARTIALIS

641 283 759 329 Caelo
791 284 1033 346 perfruitur
1062 285 1307 342 sereniore3

639 358 695 400 Et
725 372 882 400 curvas
908 355 1067 414 nebula
1095 350 1269 417 tegente
1294 355 1429 400 valles

641 425 766 471 Solus
791 425 887 471 luce
913 428 1023 470 nitet
1046 426 1256 487 peculiari
1280 444 1289 469 :

642 498 765 542 Puris
787 497 942 542 leniter
968 497 1260 542 admoventur
1284 499 1411 542 astris

642 567 780 613 Celsae
807 567 998 612 culmina
1029 567 1212 613 delicata
1243 568 1367 612 villae.

645 641 758 683 Hinc
788 649 955 700 septem
983 639 1184 683 dominos
1217 639 1364 683 videre
1390 648 1560 683 montes
1578 674 1588 693 ‚

641 712 697 754 Et
723 719 862 754 totam
893 709 993 754 licet
1019 711 1232 755 aestimare
1261 712 1476 763 Romam,

639 780 832 825 Albanos
860 797 1057 843 quoque,
1076 780 1378 842 Tusculosque
1402 779 1557 834 colles,

638 853 696 896 Et
715 851 1023 913 quodcumque
1043 853 1160 913 jacet
1185 852 1265 897 sub
1286 852 1396 895 urbe
1420 851 1581 912 frigus,

642 922 827 966 Fidenas
849 932 1019 967 veteres
1033 959 1044 979 ‚
1066 923 1312 984 brevesque
1335 922 1508 966 Rubras
1524 958 1534 978 ‚

645 995 701 1037 Et
726 993 846 1054 quod
872 995 1069 1055 virgineo
1097 1011 1254 1039 cruore
1281 993 1468 1055 gaudet,

429 1135 577 1168 huntur.
594 1133 727 1167 Eadem
743 1132 890 1178 eleganti
906 1133 1114 1179 metaphora

432 1187 515 1221 infr.
539 1187 600 1220 lib.
623 1188 734 1227 VIII,
759 1187 868 1232 epigr.
895 1187 996 1226 XIV,
1016 1201 1065 1220 vs.
1093 1186 1112 1219 3

434 1250 468 1274 et
486 1246 505 1281 4
525 1253 533 1274 ;
557 1258 570 1270 «
595 1240 762 1273 Hibernis
777 1240 913 1284 objecta
926 1240 1026 1273 Notis
1039 1253 1115 1285 spe·

433 1295 565 1328 cularia
589 1306 698 1338 puros
724 1292 928 1326 Admittunt
955 1294 1063 1335 soles,
1082 1301 1116 1326 et

433 1348 509 1380 sine
527 1347 611 1380 faece
629 1346 734 1379 diem.
763 1364 776 1376 a

492 1414 505 1433 1
518 1413 547 1433 1.
571 1400 757 1432 Pulnianni
778 1398 887 1432 codex
916 1400 1060 1438 domiuo,
1081 1398 1117 1432 id

433 1462 483 1486 est
499 1478 508 1493 ‚
535 1453 632 1486 Julio
653 1453 821 1486 Martiali.
841 1473 893 1479 —-
917 1453 1039 1497 Septem
1058 1453 1116 1484 do-

434 1510 544 1539 minos.
572 1506 714 1550 Septem
744 1506 870 1546 colles,
897 1505 1115 1545 Palatinum,

434 1559 690 1604 Capitolinum,
700 1558 935 1599 Quirinalem,
949 1558 1095 1591 Caelium
1106 1582 1114 1596 ,

433 1612 677 1657 Esquilinum,
701 1611 939 1650 viminalem,
971 1611 1117 1643 Aventi-

433 1678 537 1706 num,
553 1665 681 1709 quihus
698 1663 862 1708 imposita
876 1665 985 1697 Roma
998 1676 1116 1696 rerum

433 1718 592 1751 domina.

491 1783 546 1804 12.
576 1771 754 1803 AEstimare
787 1770 930 1803 Romam.
960 1769 1001 1802 ld
1033 1777 1084 1803 est
1108 1793 1118 1809 ‚

436 1824 546 1859 oculiS
558 1824 729 1863 lustrare,
744 1831 778 1856 et
797 1831 926 1868 quanta
940 1823 995 1863 sit,
1013 1835 1119 1867 quam

435 1879 506 1912 late
527 1885 661 1923 pateat,
682 1876 865 1909 aestimare.
882 1876 937 1909 Sic
956 1876 1017 1908 lib.
1032 1876 1119 1917 VII,

436 1944 490 1976 ep.
501 1942 577 1964 xvn
591 1942 598 1963 :
612 1930 734 1962 «Ruris
744 1930 957 1962 bibliotheca
967 1928 1122 1971 delicati,

437 1984 600 2017 Vicinam
615 1981 712 2016 videt
726 1981 819 2015 unde
833 1984 942 2015 lector
955 1982 1091 2016 urbem.
1101 1998 1114 2011 n

494 2049 507 2069 1
519 2036 550 2069 3.
584 2036 730 2069 Albanos
759 2049 889 2082 quoque.
918 2036 968 2068 Ex
994 2034 1120 2068 eodem

437 2091 515 2123 loco
540 2089 622 2122 licet
642 2097 863 2134 prospectare
881 2089 1034 2121 Albanos
1049 2088 1121 2121 col·

437 2144 505 2183 les,
528 2142 578 2175 sic
599 2142 791 2187 appellatos
818 2142 860 2175 ab
882 2142 971 2174 Alba
999 2141 1120 2186 Longa

436 2195 486 2228 ibi
505 2194 684 2241 quondam
701 2202 875 2228 exstructa
892 2195 934 2227 ab
953 2194 1120 2234 Ascanio,

438 2251 556 2282 4Έήεεε
569 2248 655 2280 filio.
671 2269 723 2273 —
742 2248 966 2293 Tusculosque.
983 2247 1122 2280 Tuscu-

438 2302 509 2334 lum
523 2328 530 2341 ,
542 2302 628 2334 urbs
642 2301 732 2333 Latii
749 2301 815 2334 fuit
825 2326 835 2341 ‚
848 2301 911 2333 uhi
925 2301 1119 2341 villam⁴ha-

436 2355 514 2387 buit
535 2354 675 2394 Cicer0;
702 2353 774 2387 vid.
793 2365 919 2398 supra,
939 2353 1048 2398 epigr.
1063 2365 1118 2394 Lx,

437 2419 485 2440 vs.
511 2406 543 2439 3.
565 2407 633 2438 En.

495 2463 552 2496 Ili.
588 2460 637 2490 Et
669 2460 851 2506 quodcumqt
864 2472 880 2492 e
903 2461 992 2504 jacet
1009 2487 1017 2500 ,
1051 2467 1119 2493 etc.

438 2514 481 2545 Et
493 2523 723 2557 quaecumque¹
734 2513 810 2546 loca
823 2513 1023 2546 subm-bana
1039 2520 1120 2545 suut

438 2565 556 2600 minus
574 2573 717 2609 opacata
729 2590 738 2606 ,
753 2565 894 2611 aerique
910 2565 990 2599 ideo
1008 2566 1117 2610 magis

438 2618 612 2665 exposita,
634 2630 704 2663 quo
729 2631 764 2651 se
784 2619 971 2652 conferunt
989 2620 1116 2652 Roma-

1175 1133 1212 1167 ni
1226 1160 1235 1175 ‚
1249 1132 1447 1179 frigidiores
1463 1144 1563 1166 auras
1584 1131 1766 1177 captaturi.
1788 1131 1853 1164 Eu.

1234 1200 1246 1220 1
1258 1187 1289 1220 5.
1305 1185 1513 1219 Beverlandi
1526 1185 1600 1218 MS.
1615 1185 1776 1230 brevesque
1792 1185 1857 1216 Ru-

1167 1241 1254 1282 fras.
1270 1241 1462 1272 Rufrarum
1478 1239 1638 1272 meminit
1650 1238 1783 1270 Livius.
1798 1237 1855 1270 Sic

1175 1293 1315 1338 Virgilii
1340 1291 1450 1326 codex
1477 1291 1702 1325 Flore-minus
1727 1290 1854 1332 Rufras.

1175 1368 1225 1372 -
1255 1347 1396 1379 Fidenas
1428 1353 1558 1378 veteres.
1587 1343 1727 1377 Fidenae
1739 1369 1748 1384 ‚
1774 1344 1856 1376 urbs

1175 1401 1286 1432 Roma
1319 1398 1500 1444 antiquior
1535 1398 1572 1431 in
1604 1397 1706 1430 Latio
1723 1421 1733 1437 ,
1762 1408 1856 1429 nunc

1175 1452 1272 1485 vicus
1286 1478 1295 1490 ‚
1329 1452 1439 1485 Caslel
1468 1450 1616 1484 Giubileo
1649 1449 1775 1482 dictus.
1805 1471 1856 1475 —-

1175 1506 1350 1550 Breues-que
1369 1504 1505 1537 Rubras.
1527 1504 1656 1535 Rubrae
1669 1527 1678 1544 ,
1699 1502 1752 1535 vel
1778 1514 1856 1535 saxa

1176 1558 1295 1590 Rubra
1304 1583 1313 1598 ‚
1324 1559 1421 1590 locus
1430 1557 1581 1589 Etruriae
1592 1556 1626 1588 in
1640 1568 1723 1600 agro
1730 1556 1760 1586 V
1767 1555 1857 1588 eien-

1176 1611 1272 1651 tino,
1290 1623 1386 1644 nunc
1405 1610 1523 1644 Grotta
1545 1622 1644 1641 rossa.
1661 1630 1715 1634 -—
1731 1608 1856 1640 Rubras

1176 1676 1323 1709 parvum
1341 1662 1511 1708 oppidum
1525 1663 1617 1695 circa
1626 1661 1740 1694 Tibur
1753 1661 1857 1694 fuisse

1177 1717 1349 1749 existimat
1362 1716 1529 1749 Ortelius.
1540 1716 1644 1748 Forte
1656 1714 1803 1748 [Λαύνας.

1235 1782 1248 1803 1
1259 1772 1278 1803 ὃ
1287 1796 1293 1803 .
1306 1770 1354 1802 Et
1364 1769 1450 1816 quod
1462 1770 1604 1812 virgineo
1614 1780 1728 1800 canore
1738 1767 1859 1811 gaudet

1177 1823 1298 1855 Heius.
1331 1822 1375 1856 ad
1403 1821 1508 1855 Ovid.
1541 1822 1632 1855 Fast.
1662 1821 1738 1861 III,
1759 1820 1857 1865 675:

1179 1877 1270 1909 «Nec
1289 1876 1444 1921 interpp.
1458 1875 1588 1920 inquit,
1609 1872 1693 1919 quid
1715 1873 1779 1906 sibi
1800 1885 1859 1906 ve-

1177 1929 1217 1962 lit
1230 1942 1334 1962 cruor
1349 1929 1411 1962 iste
1424 1928 1601 1973 virgineus
1613 1934 1856 1970 assequuntur.

1178 1982 1214 2015 Si
1240 1983 1320 2027 quis
1342 1980 1435 2026 apud
1452 1981 1650 2014 Martialem
1672 1979 1769 2012 malit
1788 1981 1859 2011 vir-

1175 2038 1271 2079 gineo
1290 2035 1401 2068 rubore
1418 2033 1540 2078 gaudet
1552 2060 1560 2072 ,
1579 2041 1617 2067 ut
1637 2032 1681 2065 ad
1697 2033 1860 2066 obscoena

1178 2089 1330 2122 carmina
1348 2087 1551 2132 respiciatur
1563 2112 1572 2127 ‚
1586 2087 1636 2119 nil
1649 2098 1821 2131 repugno.
1840 2102 1853 2114 n

1183 2140 1272 2174 Vide
1292 2142 1355 2174 lib.
1380 2141 1452 2181 VI,
1477 2140 1587 2185 epigr.
1610 2151 1720 2172 XLVII.
1738 2160 1790 2165 ——-
1813 2139 1861 2171 Et

1179 2194 1264 2240 quod
1296 2196 1436 2238 virgineo
1467 2206 1576 2226 cruore
1601 2192 1721 2237 gaudet
1751 2193 1785 2225 A
1789 2203 1859 2224 1111ae

1174 2248 1361 2291 pomiferum
1372 2260 1477 2280 nemus
1489 2247 1658 2279 Pet-armas.
1676 2245 1721 2278 Et
1734 2256 1859 2278 nemus

1178 2301 1366 2334 Aricinum
1389 2295 1446 2343 (id
1464 2307 1515 2332 est
1533 2299 1654 2332 Dianae
1672 2295 1857 2337 Aricinae),

1178 2353 1349 2388 fructibus
1366 2353 1459 2386 ferax
1473 2378 1483 2393 ‚
1506 2361 1539 2385 et
1557 2353 1669 2384 Annae
1692 2351 1859 2383 Perannae

1178 2419 1314 2439 sacrum
1328 2431 1337 2447 ‚
1351 2405 1445 2452 quod
1456 2405 1541 2439 olim
1556 2404 1718 2437 madebat
1731 2415 1859 2436 cruore

1177 2459 1356 2505 virginum
1372 2471 1380 2492 :
1403 2459 1439 2492 in
1461 2459 1530 2491 hoc
1548 2458 1626 2491 loco
1644 2456 1738 2490 enim
1751 2478 1761 2495 ‚
1783 2468 1858 2488 non

1178 2525 1274 2545 secus
1300 2525 1338 2546 ac
1361 2512 1397 2545 iu
1423 2510 1596 2551 Tauride,
1626 2510 1664 2543 in
1686 2509 1857 2541 honorem

1178 2565 1298 2598 Dianae
1319 2590 1328 2606 ,
1359 2565 1517 2599 victimas
1554 2564 1723 2596 humanas
1753 2560 1858 2594 fuisse

1179 2619 1372 2652 immolatas
1406 2631 1470 2652 nos
1495 2616 1598 2651 docet
1626 2615 1768 2654 Strabo,
1796 2612 1844 2646 lih
