2061 3288
463 202 562 260 470

844 201 908 243 M.
933 201 1074 244 VAL.
1115 202 1504 245 MARTIALIS

600 287 840 331 Moverunt
865 290 1038 333 tetricas
1064 298 1152 332 tam
1179 290 1249 350 pia
1274 298 1377 332 vota
1399 290 1527 333 Deas.

529 359 642 400 Tum
674 356 815 418 largas
843 360 1028 419 partitus
1056 376 1182 421 opes,
1208 377 1231 403 a
1264 359 1359 403 luce
1390 361 1588 414 recessit3

601 430 742 489 Seque
767 431 876 473 mori
898 440 996 491 post
1019 431 1103 474 hoc
1129 430 1314 475 eredidit
1341 429 1411 474 ille
1437 447 1596 474 senem.

599 567 771 630 Κάμψεν
799 565 1044 629 ἀμειδήτους
1072 571 1130 613 ἰθὺ
1156 565 1289 630 δέημα
1316 571 1423 620 θεάς.

530 638 635 683 Εἶτα
664 640 764 700 φάος
785 640 936 692 λείπει,
966 636 1172 701 διανείμας
1200 639 1375 685 ἄσπετον
1402 637 1546 684 ὅλέον·

599 711 683 753 Καὶ
710 712 816 771 μετὰ
847 719 983 755 ταῦτα
1010 714 1133 774 γέρων
1167 716 1278 769 αὑτῷ
1307 708 1420 762 ἔδοξε
1447 712 1586 755 θανεῖν.

512 853 545 883 6.
574 851 724 884 Telricas.
753 851 847 892 Quas
870 850 1006 883 nemini
1037 849 1140 884 datur

459 916 601 937 exorare
619 927 628 942 ‚
650 912 689 937 ut
711 904 758 936 ait
782 905 855 949 ipse
874 904 1045 937 Martialis
1062 917 1138 950 sup.

458 956 566 1002 epigr.
590 969 669 998 mv,
691 970 738 990 VS.
769 957 787 990 5
802 983 811 997 ‚
833 969 888 991 eas
915 965 1031 990 tamen
1060 970 1140 990 exo·

457 1010 548 1042 ravit
568 1010 745 1043 Vestinus.
764 1011 834 1044 En.

514 1064 546 1097 8.
570 1063 638 1096 Alii
658 1063 780 1108 legunt
796 1088 804 1103 ‚
824 1064 980 1107 postlzac;
1000 1064 1143 1108 aliipost

459 1116 534 1149 laec.
553 1136 604 1143 ——
616 1116 737 1149 Senem.
755 1116 843 1149 Satis
864 1130 898 1149 se
910 1117 1057 1158 vixisse,
1074 1117 1141 1150 hoc

460 1169 551 1202 facto
565 1196 572 1210 ‚
589 1169 757 1211 credidit;
771 1169 862 1202 nihil
879 1182 1058 1215 superesse
1075 1183 1143 1203 me-

459 1222 526 1255 lius
543 1222 641 1268 quod
661 1223 809 1264 faceret,
827 1223 962 1257 etiamsi
983 1222 1024 1257 ad
1047 1237 1141 1257 sum-

1199 864 1291 884 mam
1309 864 1420 896 usque
1436 858 1651 884 senectutem
1670 852 1884 896 perveniret.

1200 925 1252 930 -—-
1280 903 1381 937 Idem
1409 904 1587 949 ingeniose
1619 903 1708 937 dixit
1735 904 1797 938 lib.
1830 906 1885 944 X.,

1201 958 1311 1003 epigr.
1338 969 1428 998 L111‚
1451 956 1495 990 de
1514 958 1647 1003 Scorpo
1663 983 1671 999 ‚
1695 957 1884 1002 agitatore,

1201 1011 1328 1056 viginti
1359 1019 1494 1056 septem
1523 1023 1696 1043 annorum
1721 1022 1730 1043 :
1759 1028 1772 1040 ιι
1793 1012 1888 1043 Dum-

1200 1071 1364 1097 numerat
1395 1064 1525 1109 palmas
1555 1063 1706 1097 credidit
1730 1076 1802 1096 esse
1834 1076 1886 1096 se-

1201 1130 1283 1150 nem
1303 1135 1315 1146 n
1333 1130 1341 1159 ;
1363 1130 1382 1150 a
1401 1117 1531 1151 virtute
1550 1117 1646 1150 enim
1667 1125 1773 1162 atque
1795 1128 1886 1162 prae-

1201 1172 1293 1204 clare
1311 1171 1408 1204 factis
1428 1183 1537 1205 annos
1552 1182 1738 1204 numerare
1755 1168 1891 1202 debent

1203 1224 1379 1258 mortales.

1024 1357 1327 1414 LJQXJXR

994 1516 1063 1543 DE
1119 1515 1312 1543 DAMIS.
1339 1494 1358 1512 ⁴²

535 1641 773 1694 ADSPICJS,
804 1638 998 1683 imbelles
1027 1649 1198 1684 tentent
1228 1656 1357 1700 quam
1388 1640 1516 1683 fortia
1543 1640 1685 1684 (lamae

608 1709 793 1754 Praelia?
826 1720 913 1754 tam
945 1711 1106 1754 timidis
1139 1720 1301 1771 quanta
1336 1712 1390 1754 sit
1419 1711 1484 1753 ira
1511 1710 1645 1754 feris?

537 1783 590 1825 In
620 1791 808 1825 mortem
841 1783 987 1842 parvis
1016 1798 1280 1825 concurrere
1312 1781 1530 1825 frontibus
1561 1781 1727 1825 ardent.

609 1853 713 1908 Vis,
740 1854 907 1908 Caesar,
937 1852 1076 1896 damis
1106 1851 1315 1912 parcere?
1339 1854 1463 1896 mitte
1490 1868 1631 1896 canes.

523 1987 536 2001 '¹
558 1993 608 2024 De
637 1991 746 2025 damis
782 1992 819 2024 in
858 2004 961 2025 arena
997 1991 1149 2025 adversis

470 2045 643 2078 frontibus
672 2045 706 2077 in
729 2057 763 2078 se
789 2053 914 2078 mutuo
938 2058 1150 2078 concurren-

471 2099 582 2140 tibus,
599 2097 734 2131 dictum
753 2111 848 2143 supr.
869 2098 978 2143 epigr.
995 2110 1095 2131 xxxv.

521 2172 568 2177 -ψ
607 2151 667 2184 Ad
691 2150 847 2184 Coesarem
878 2151 1083 2184 inscribitur
1113 2151 1150 2183 in

467 2203 677 2237 Beverlandi
694 2204 769 2237 MS.

527 2269 557 2289 Ι.
578 2257 739 2297 [[ηὐυίίυε,
758 2266 823 2290 etc.
843 2256 1068 2301 Elegantihus
1091 2269 1150 2289 an-

469 2309 603 2342 tithetis
616 2310 685 2342 hoc
700 2309 874 2343 distichon
885 2310 1039 2347 ornavit,
1057 2327 1069 2339 «
1085 2310 1150 2342 im-

468 2363 576 2395 belles
589 2388 597 2403 ,
618 2363 721 2395 fortia
740 2363 876 2408 praelia;
898 2362 1030 2395 timidis
1047 2363 1128 2395 feris
1141 2389 1150 2403 ‚

468 2423 599 2459 quanta
618 2416 666 2447 ira
687 2417 914 2448 „.—D‹1nzoe.
933 2416 1021 2448 Sunt
1039 2428 1150 2461 caprae

467 2462 626 2512 q'uaedam
641 2468 830 2511 silvestres,
854 2468 1027 2514 imprimis
1047 2469 1149 2501 meti-

467 2520 604 2553 culosae.

521 2574 553 2606 3.
573 2574 655 2606 Bev.
676 2573 752 2607 MS.
764 2575 926 2617 frontibus
951 2575 1089 2613 ardent;
1112 2583 1145 2607 et

463 2626 512 2658 sic
532 2626 705 2660 Gruterus
727 2639 767 2660 ex
788 2628 968 2672 marginali
993 2628 1142 2661 lectione

1210 1992 1357 2025 Colinfei
1384 1992 1499 2036 legere
1529 1991 1667 2032 mallet,
1695 1989 1802 2023 modo
1833 1991 1891 2024 illa

1208 2046 1312 2078 lectio
1333 2045 1448 2089 aliquo
1472 2043 1590 2077 codice
1607 2044 1888 2077 confirmaretur.

1210 2099 1251 2130 In
1273 2098 1436 2130 omnibus
1457 2097 1532 2130 aliis
1552 2097 1678 2129 audent.

1268 2155 1299 2190 4.
1322 2151 1418 2183 Mitte
1431 2164 1531 2183 canes.
1551 2151 1720 2191 Canibus,
1734 2149 1793 2195 qui
1809 2149 1890 2182 alias

1211 2202 1321 2235 damis
1347 2204 1452 2238 exitio
1479 2212 1575 2242 sunt,
1602 2204 1780 2241 immissis,
1810 2202 1894 2235 diri-

1211 2265 1326 2289 meun-
1348 2257 1505 2302 praeliuln
1539 2256 1720 2289 damarum
1747 2254 1790 2288 ad
1815 2268 1893 2301 per-

1211 2309 1337 2342 niciem
1365 2311 1456 2342 inter
1485 2322 1518 2342 se
1544 2310 1751 2342 furentium.
1772 2309 1893 2341 Minus

1211 2363 1306 2395 enim
1328 2363 1370 2396 iis
1391 2361 1590 2395 timendum
1609 2370 1659 2395 est
1679 2375 1697 2394 a
1719 2362 1864 2395 canibus
1882 2387 1890 2399 ‚

1211 2428 1315 2460 quan]
1332 2428 1350 2448 a
1365 2416 1572 2460 semetipsis.
1587 2415 1717 2448 Similis
1732 2423 1782 2448 est
1793 2415 1892 2459 jocus

1209 2469 1271 2501 lib.
1292 2469 1328 2509 I,
1347 2470 1457 2514 epigr.
1480 2480 1565 2501 XLIX
1582 2495 1590 2510 ‚
1613 2481 1662 2501 vs.
1684 2480 1702 2512 7
1721 2479 1729 2500 τ
1753 2485 1765 2497 α
1785 2467 1821 2499 Si
1840 2467 1893 2500 vi-

1209 2529 1282 2554 tare
1296 2534 1420 2554 canum
1437 2534 1574 2554 morsus
1586 2547 1594 2563 ‚
1604 2522 1703 2566 lepus
1714 2519 1890 2565 improbe,

1206 2575 1332 2619 quaeris
1344 2600 1353 2614 ‚
1367 2574 1421 2607 Ad
1438 2588 1514 2621 quae
1530 2573 1710 2619 confugias
1721 2599 1731 2615 ,
1744 2585 1805 2606 ora
1818 2572 1897 2606 le0-.

1204 2628 1258 2661 nis
1277 2628 1393 2661 habes.
1423 2645 1435 2657 »
