2061 3288
447 187 546 249 &8

825 186 887 229 M„
911 187 1054 230 VAL.
1093 184 1482 231 MARTIALIS

591 275 633 318 Si
662 273 828 330 nescis,
853 291 944 318 non
969 291 1013 318 es
1041 290 1192 328 sanus,
1218 275 1356 318 amice
1382 275 1582 319 Mathon.

515 344 747 391 Declamas
772 361 906 405 aeger,
927 344 1145 389 declamas
1165 344 1461 389 hemitritaeus.

586 416 629 460 Si
659 415 814 460 sudare
840 415 966 459 aliter
993 432 1082 459 non
1112 424 1260 476 potes,
1286 425 1351 459 est
1381 417 1504 460 ratio.

515 489 679 548 Magna
709 496 855 530 tamen
885 502 953 530 res
981 495 1056 530 est.
1084 488 1246 532 Erras:
1269 503 1405 546 quum
1435 488 1605 530 viscera
1633 487 1766 532 febris

587 559 767 612 Eximit,
796 574 864 601 res
890 566 956 601 est
978 573 1137 618 magna
1164 567 1334 613 tacere,
1361 557 1560 602 Mathon.

503 695 534 715 2.
558 681 632 714 Non
651 693 682 712 es
703 692 809 712 sanus.
834 678 943 711 Ludit
970 678 1007 711 in
1037 690 1124 711 voce

446 748 559 774 sanus,
578 732 673 779 quod
692 741 760 765 tam
781 731 824 765 ad
843 732 1000 777 corporis
1017 744 1125 777 quam

447 788 491 821 ad
521 787 626 820 animi
656 784 895 819 valetudinem
930 797 1125 818 accommo-

449 841 571 881 datur,
587 849 626 873 ut
639 852 733 885 supr.
750 837 794 871 de
806 838 908 892 'Zoilo
921 864 930 879 ⁷
946 838 1008 870 lib.
1026 839 1125 871 XVI.

503 894 536 927 3.
550 894 780 926 Hemitricaeus.
796 893 1006 937 Ημιτριτοιῖος
1017 917 1025 932 ,
1041 893 1131 923 semi-

450 950 602 981 tertianus
621 959 632 979 .·
653 946 722 979 hoc
739 954 789 978 est
802 970 810 985 ,
827 944 1064 977 semitertiana
1078 945 1129 977 fe-

448 1002 510 1034 bre
532 1001 713 1040 laborans3
731 999 792 1031 lib.
808 998 880 1030 XII
896 1024 905 1039 ‚
923 997 1127 1043 epigramm.

450 1067 545 1087 xcvn
565 1065 573 1087 :
600 1071 613 1082 «
631 1053 698 1086 Cui
719 1051 831 1097 gravis
854 1060 887 1084 et
909 1052 1048 1083 fervens
1069 1051 1130 1083 he-

450 1108 632 1141 min-itaeus
651 1114 736 1139 erat.
758 1123 771 1134 u
800 1104 1017 1138 Suhaudimr
1039 1118 1130 1149 πυρε-

452 1162 526 1199 τός·
551 1160 657 1193 febris
692 1171 776 1191 vero
809 1158 1045 1191 semitertiaua
1080 1167 1129 1190 est

452 1214 599 1247 tertiana
618 1212 821 1257 imperfecta
835 1237 844 1252 ‚
857 1220 890 1244 et
907 1210 1073 1244 accedens
1088 1210 1131 1243 ad

453 1266 698 1313 quotidianam
712 1278 721 1307 ;
737 1263 834 1310 quod
853 1265 956 1297 citius
974 1272 1132 1297 recurrat

455 1333 561 1366 quam
573 1332 653 1352 vera
673 1319 818 1351 tertiana
834 1331 840 1350 :
857 1317 893 1350 id
907 1325 970 1358 est,
982 1330 1023 1350 ex
1036 1326 1131 1350 utro-

455 1386 522 1419 que
539 1373 652 1406 febrili
671 1370 727 1404 die
744 1372 781 1404 in
794 1384 866 1404 uuo
881 1383 1053 1404 accessum
1072 1383 1133 1403 au-

454 1425 675 1472 ticipetXid.
693 1433 726 1458 et
739 1425 798 1458 lib.
817 1425 852 1456 II
863 1450 870 1462 ‚
885 1437 939 1469 ep.
952 1437 1012 1465 ει,
1027 1437 1075 1456 vs.
1100 1436 1130 1456 1.

509 1484 542 1519 ,4.
569 1480 634 1512 Est
660 1481 752 1510 ratio.
778 1476 932 1511 Videtur
952 1490 1023 1510 esse
1040 1478 1131 1522 justa

454 1533 543 1566 ratio
556 1558 565 1571 ,
585 1533 612 1565 si
636 1531 807 1564 declamas
829 1540 866 1563 ut
886 1529 1051 1564 sudorem
1073 1542 1132 1562 va-

452 1585 602 1620 letudini
623 1585 746 1618 utilem
766 1595 946 1629 provoces.

1240 678 1273 712 5.
1291 679 1416 724 Magna
1438 687 1540 712 tamen
1566 693 1613 712 res
1640 689 1698 714 est.
1717 681 1865 715 Excusat

1185 744 1220 765 se
1239 732 1379 766 Matho:
1399 733 1569 778 Magnum
1589 741 1657 773 est,
1677 734 1810 780 inquit,
1827 734 1866 768 id

1187 793 1237 818 est
1259 784 1407 818 arduum
1429 794 1462 818 et
1486 784 1681 827 laudabile,
1704 799 1805 832 posse
1829 787 1867 821 iu

1188 837 1305 871 medio
1318 839 1443 872 morbo
1459 837 1671 881 declamare3
1691 840 1759 874 hoc
1774 841 1866 874 vires

1190 891 1321 936 ingenii
1351 900 1384 925 et
1412 892 1601 937 pulchrum
1630 891 1673 925 ad
1705 893 1870 939 eloquen-

1191 945 1274 977 tiam
1295 945 1467 990 impetum
1490 944 1646 979 denotat.
1667 946 1867 980 Vehemen-

1191 1005 1244 1030 ter
1275 998 1425 1038 falleris,
1455 998 1644 1044 respondet
1674 999 1869 1042 Martialis;

1190 1051 1294 1095 longe
1311 1059 1361 1084 est
1375 1050 1553 1085 difficilius
1567 1060 1600 1084 et
1612 1053 1728 1086 sanius
1742 1053 1779 1086 in
1795 1065 1870 1086 me-

1191 1103 1246 1136 dia
1269 1105 1356 1137 febri
1380 1113 1491 1137 tacere
1513 1118 1613 1150 posse
1637 1119 1644 1137 :
1668 1118 1747 1150 pars
1773 1106 1870 1139 furo-

1190 1157 1238 1190 ris
1269 1166 1303 1190 et
1331 1158 1447 1190 morbi
1478 1167 1527 1191 est
1562 1167 1646 1191 tunc
1675 1158 1869 1193 vociferari.

1192 1211 1311 1251 Quum
1346 1211 1543 1244 vehementi
1578 1212 1676 1245 febre
1709 1212 1868 1252 laboras,

1191 1264 1336 1296 summis
1363 1264 1398 1297 in
1427 1263 1606 1297 doloribus
1631 1277 1695 1297 nec
1722 1265 1871 1298 clamare

1193 1330 1257 1350 nec
1283 1317 1511 1362 ingemiscere
1541 1316 1688 1351 difficile
1714 1325 1777 1351 est.
1803 1318 1872 1351 Vel

1193 1370 1241 1403 sic
1270 1370 1453 1416 intellige:
1479 1372 1546 1403 Res
1573 1384 1697 1415 magna
1719 1383 1792 1403 non
1821 1379 1872 1404 est

1194 1423 1229 1455 in
1242 1424 1339 1456 febre
1352 1423 1565 1465 declamare3
1580 1424 1647 1456 hoc
1660 1424 1752 1456 enim
1763 1424 1871 1469 phre-

1192 1477 1321 1517 nesim,
1340 1489 1399 1510 seu
1414 1477 1581 1509 insaniam
1597 1485 1696 1510 notat
1712 1488 1719 1509 :
1737 1484 1771 1509 at
1789 1489 1872 1510 vero

1192 1537 1322 1570 tacere,
1341 1528 1437 1575 quod
1456 1538 1507 1562 est
1523 1538 1766 1575 argumentum
1783 1542 1873 1563 sanae

1194 1583 1320 1615 mentis
1333 1608 1342 1623 ,
1363 1595 1416 1616 res
1441 1591 1490 1616 est
1508 1594 1589 1615 sane
1604 1581 1723 1617 ardua.

993 1707 1334 1762 LXXXIL

968 1847 1034 1874 DF
1086 1846 1361 1874 FABULLA.

598 1959 901 2001 EPIGRAMMA
926 1964 1125 1998 nostrum
1151 1970 1286 2014 quum
1308 1953 1489 1997 Fabulla
1510 1953 1700 2015 legisset,

597 2030 771 2088 Negare
795 2025 957 2069 nullam
984 2040 1071 2085 quo
1093 2041 1254 2085 queror
1274 2023 1516 2085 puellarum
1531 2061 1542 2079 ‚

599 2097 742 2143 Semel
774 2106 926 2158 rogata
952 2096 1104 2156 bisque
1134 2105 1287 2156 terque
1312 2094 1501 2156 neglexit

598 2172 755 2213 Preces
779 2167 977 2211 amantis.
999 2168 1093 2210 Jam
1111 2203 1121 2222 ‚
1143 2165 1323 2209 Fabulla
1338 2201 1347 2219 ‚
1371 2167 1600 2227 promitte3

597 2241 773 2300 Negare
795 2239 927 2299 jussi,
952 2253 1193 2298 pernegare
1222 2254 1311 2281 non
1332 2237 1450 2296 jussi.

520 2376 533 2396 1
543 2389 550 2395 .
564 2362 783 2407 Epigramma.
804 2361 913 2405 Supra
925 2385 933 2400 ‚
944 2359 1046 2392 istius
1058 2358 1141 2391 libri

464 2416 574 2462 epigr.
595 2427 689 2448 Lxx1.

521 2470 554 2502 3.
576 2468 678 2501 Semel
692 2475 805 2512 rogata
826 2467 865 2498 bi:
885 2473 989 2511 terque
1006 2465 1041 2498 in
1061 2463 1142 2498 Ald.

463 2524 563 2556 Juut.
588 2529 621 2554 et
641 2520 756 2553 Colin.

522 2579 556 2615 4.
580 2576 745 2607 Promitte.
772 2574 862 2605 Nam
887 2572 948 2604 lib.
971 2572 1008 2612 I,
1034 2572 1143 2618 epigr.

467 2641 583 2669 Lvni,
608 2645 621 2657 α
639 2627 731 2660 Nolo
755 2626 859 2658 nimis
891 2625 1029 2658 facilem
1045 2651 1054 2666 ,
1077 2624 1144 2656 (lis-

1200 2358 1399 2404 ficilemque
1423 2359 1527 2391 nimis
1554 2376 1584 2391 ι).
1602 2357 1686 2392 Vid.
1709 2367 1742 2392 et
1770 2359 1877 2404 epigr.

1200 2424 1340 2445 xxan
1362 2425 1484 2456 supra,
1505 2420 1538 2444 et
1555 2412 1664 2445 multa
1682 2412 1757 2444 alia.

1261 2466 1293 2498 5.
1316 2466 1498 2508 Pet-negare
1523 2477 1584 2497 non
1597 2466 1690 2509 jussi.
1711 2464 1767 2497 Sic
1786 2464 1881 2496 enim

1205 2517 1290 2551 dicit
1309 2518 1370 2551 lib.
1385 2518 1457 2559 IX,
1475 2518 1584 2563 epigr.
1606 2530 1712 2558 Lux,
1736 2530 1784 2550 vs.
1814 2529 1876 2549 10:

1211 2589 1222 2599 n
1249 2571 1337 2604 Nam
1361 2571 1505 2615 vigilare
1526 2571 1602 2603 leve
1631 2579 1701 2611 est,
1730 2569 1881 2615 pervigi-

1205 2625 1276 2656 lare
1304 2636 1417 2668 graxe.
1442 2643 1454 2653 ω
1809 2622 1813 2623 ’
