2061 3288
476 187 1054 245 EPIGRAMMATUM
1092 205 1216 250 LIR.
1258 212 1321 254 ΙΙ.

1507 235 1600 283 227

815 367 977 426 LIX.

564 521 629 550 DE
669 525 997 563 COENATIONE
1035 521 1222 569 mrem*

253 645 383 692 MicA
406 665 540 694 vocor
563 669 572 695 :
595 647 822 715 quissim,
844 665 984 708 cernis
1011 683 1020 708 :
1043 673 1229 716 coenatio
1254 690 1399 735 parva.

320 719 386 762 Ex
415 737 485 765 me
516 723 763 773 Caesareum
795 735 1029 795 prospicis,
1057 755 1179 797 ecce,
1205 743 1386 792 tholum.

246 858 382 908 Μίκκη
408 864 511 924 ἐγὼ,
542 866 585 909 τί
613 869 723 912 πέλω
752 866 820 926 δὲ,
849 876 1031 929 βλέπεις·
1061 884 1198 943 μικρὸς
1226 886 1465 934 εἰλαπινάων

317 928 461 984 Οἶκος·
491 933 732 999 ἀνακτόρων
761 944 829 986 τὸν
856 945 970 990 θόλον
997 949 1098 994 ἔνθεν
1129 957 1235 1014 ὁρᾷς.

226 1083 240 1097 “
256 1090 433 1126 stibadium
449 1094 652 1130 inscribitur
668 1097 704 1130 in
724 1099 850 1135 Bever-

170 1145 265 1180 landi
283 1145 358 1180 MS.

220 1219 247 1239 1.
259 1202 413 1235 Domum
424 1202 518 1237 haud
529 1217 690 1250 magnam
701 1206 844 1252 quidem

167 1261 228 1296 sed
252 1270 432 1295 venustam
458 1260 632 1305 imprimis
652 1268 686 1293 et
707 1261 844 1306 elegan-

165 1323 236 1349 tem
261 1316 482 1348 Domitianus
511 1321 723 1347 exstruxerat
742 1340 751 1355 7
782 1315 843 1348 ubi

165 1379 244 1401 cum
263 1368 381 1402 amicis
398 1366 577 1401 coenitaret
592 1377 600 1398 :
618 1378 692 1398 eam
708 1367 751 1399 ab
774 1368 842 1400 exi-

162 1427 294 1470 guitate
319 1423 445 1456 micam
464 1418 584 1455 vocari
607 1418 707 1464 jussit
727 1428 767 1480 et·
784 1433 841 1480 au.

161 1492 256 1514 ream
274 1480 316 1512 ab
330 1475 511 1523 elegantia.
529 1475 580 1507 Ex
598 1486 637 1506 ea
647 1486 839 1532 prospicie-

160 1534 262 1567 batur
283 1531 453 1577 templum
475 1535 688 1561 exstructum
709 1539 750 1586 ‘in
772 1527 837 1586 1ιο-

159 1599 283 1620 norem
304 1587 348 1618 D.
375 1581 523 1628 Augusti
544 1579 740 1638 demortui3
765 1593 837 1614 swe

160 1639 396 1678 mausoleum,
415 1649 485 1682 quo
499 1634 574 1668 viso
596 1645 753 1666 convivae
773 1632 835 1666 ad-

158 1694 394 1727 monebantur
412 1689 553 1727 mortis‚
571 1687 630 1719 hic
643 1694 758 1718 autem
776 1698 833 1720 ex-

157 1747 309 1780 citantur
317 1759 336 1779 a
346 1743 507 1778 Martiale
520 1749 559 1774 ut
570 1739 672 1786 genio
681 1751 833 1799 propere

155 1799 373 1844 indulgeant,
392 1808 518 1840 nempe
539 1793 639 1826 brevi
656 1800 830 1851 morituri.

154 1874 206 1880 —-
232 1853 322 1886 Μίυα
346 1863 454 1883 rvocor.
478 1846 657 1892 Loquitur
683 1854 830 1879 coenatio

154 1918 257 1952 quain
283 1903 502 1938 Domitianus
527 1905 766 1938 exstruxerat,
796 1908 830 1932 et

153 1960 278 1992 inicam
310 1963 492 1991 vocaverat
522 1960 667 1998 propter
695 1964 826 1996 exigui-

152 2021 256 2045 tatem
283 2024 291 2044 :
319 2009 466 2044 coenatio
485 2019 568 2041 vero
595 2013 644 2038 est
664 2004 764 2063 locus
783 2004 825 2038 ad

152 2063 372 2098 coenandum.
401 2059 579 2095 Juvenalis
599 2084 608 2100 ‚
637 2059 707 2091 Sat.
729 2058 755 2089 Y
765 2058 801 2117 1¹1
815 2084 824 2099 ‚

153 2120 196 2152 81
223 2130 231 2151 1
257 2136 269 2147 a
294 2117 439 2161 Surgat‚
462 2122 496 2147 et
516 2113 689 2157 algentem
711 2119 823 2156 rap1at

149 2170 296 2203 coenatio
322 2170 440 2203 solem.
462 2185 475 2196 ι)
498 2164 590 2199 Illud
613 2163 737 2197 addam
753 2177 819 2223 ‘au-

147 2224 246 2257 ctarii
273 2224 351 2256 loco
367 2249 376 2263 ‚
397 2221 621 2264 antiquorum
645 2218 817 2277 luxuriam

146 2276 319 2310 versatilia
364 2273 597 2308 coenationum
644 2271 818 2315 laquearia

146 2330 265 2363 fecisse
282 2356 290 2370 ,
327 2337 361 2360 et
392 2328 439 2359 ita
470 2332 742 2383 coagmentasse,
777 2332 817 2356 ut

144 2382 291 2415 subinde
305 2382 371 2415 alia
384 2380 485 2413 facies
501 2388 602 2424 atquc
619 2377 684 2409 alia
699 2390 815 2410 succe-

143 2435 241 2469 deret
256 2444 315 2477 ‚·et
339 2434 439 2468 toties
455 2441 541 2466 tecta
559 2459 568 2471 ‚
592 2431 731 2476 quoties
749 2431 813 2490 fer-

141 2489 216 2521 cula
229 2516 236 2527 ,
254 2495 481 2521 mutarentur.
501 2486 556 2519 Sic
572 2483 760 2518 Philander
777 2498 811 2517 ιιι

140 2541 280 2574 Vitruv.
298 2541 359 2574 lib.
379 2542 443 2581 IV,
462 2552 536 2585 cap.
558 2540 591 2571 3.

196 2607 227 2627 2.
238 2595 279 2627 In
293 2592 497 2627 Bet-erlandi
512 2592 585 2625 MS.
598 2604 664 2623 ecce
677 2591 809 2624 thorum.

138 2662 189 2668 —
207 2648 365 2688 Pras-picis
380 2674 386 2685 ,
404 2660 470 2678 ecce
481 2674 488 2685 ,
511 2646 637 2678 tholum.
657 2645 789 2677 Tholus
801 2669 810 2685 ‚

909 1112 994 1139 teste
1035 1106 1226 1146 Philandro
1273 1115 1315 1149 ad
1355 1119 1557 1157 Vitruvium
1576 1152 1585 1166 ‚

905 1157 966 1192 lib.
983 1160 1047 1201 IV,
1063 1174 1137 1208 cap.
1153 1178 1173 1209 7
1189 1191 1199 1207 ‚
1216 1175 1268 1200 est
1285 1168 1423 1206 aedificii
1435 1187 1584 1221 camera,

905 1223 981 1256 quae
998 1213 1099 1249 altius
1121 1229 1275 1254 crescens
1296 1224 1450 1260 rotunda
1472 1229 1584 1265 forma

904 1264 940 1297 in
952 1266 1159 1312 fastigiatum
1176 1284 1344 1310 cacumen
1358 1277 1502 1324 desinit,
1515 1293 1580 1318 etc.

903 1316 938 1350 Si
957 1321 1165 1365 conjecturae
1183 1325 1277 1361 locus
1292 1337 1362 1371 est,
1381 1331 1496 1378 inquit
1512 1338 1579 1371 Ra-

901 1371 1061 1406 miresius
1082 1400 1092 1414 .‚
1136 1379 1404 1417 existimaverim
1452 1388 1579 1424 micam

900 1423 991 1458 hanc
1010 1425 1057 1459 ita
1080 1440 1152 1462 esse
1178 1433 1446 1481 exaedificatam,
1471 1450 1510 1475 ut
1535 1456 1576 1477 ex

898 1476 977 1522 ipso
997 1479 1150 1515 triclinio
1172 1487 1431 1532 prospiceretur
1452 1494 1575 1541 aliquis

896 1530 1017 1565 tholus
1053 1533 1212 1579 aedificii,
1248 1542 1344 1585 quod
1375 1546 1575 1590 sepulcrum

894 1583 1038 1630 alicujus
1054 1587 1281 1633 Imperatoris
1300 1597 1518 1643 contineret3
1541 1611 1575 1637 et

895 1637 1004 1670 ausim
1040 1640 1216 1677 affirmare
1254 1659 1326 1680 esse
1356 1654 1570 1689 mausoleum

893 1689 937 1722 D.
952 1690 1110 1736 Augusti.
1128 1695 1208 1736 Quo
1222 1698 1296 1732 viso
1311 1726 1320 1743 ‚
1339 1700 1383 1735 de
1402 1716 1460 1737 sua
1476 1717 1569 1742 sorte

891 1741 1172 1781 admonebantur
1184 1752 1356 1795 convivam
1371 1756 1494 1792 mortis
1509 1773 1569 1794 ve-

889 1806 930 1827 ro
951 1799 1116 1832 memoria
1146 1801 1189 1834 ad
1211 1804 1290 1838 vitae
1312 1807 1464 1844 lautitias
1487 1813 1565 1848 illos

888 1848 1068 1883 excitabat.
1087 1852 1255 1889 Martialis
1269 1871 1304 1890 se
1317 1859 1434 1905 ipsum
1452 1867 1564 1911 expli-

888 1900 997 1934 cuisse
1024 1902 1163 1938 videtur
1184 1907 1244 1941 lih.
1265 1911 1309 1953 V,
1331 1915 1438 1960 epigr.
1466 1930 1533 1952 va
1551 1932 1560 1953 :

891 1969 904 1982 «
922 1954 1000 1987 Jam
1035 1957 1148 1991 vicina
1179 1961 1305 2004 jubent
1341 1978 1405 2000 nos
1441 1970 1559 2005 vivere

883 2005 1193 2051 Mausolea‚Quum
1203 2012 1352 2051 doceant
1360 2019 1452 2064 ipsos
1460 2036 1560 2068 posse

882 2060 998 2102 perire
1019 2061 1112 2096 deos.
1133 2082 1146 2094 »
1169 2066 1326 2102 Raderus
1343 2071 1557 2119 Scaligerum

880 2123 1051 2158 sequutus
1067 2117 1348 2156 Ausoniauarum
1364 2125 1555 2165 lectionum

878 2164 937 2198 lib.
962 2168 1014 2207 H,
1037 2182 1112 2214 cap.
1138 2175 1181 2203 26
1201 2199 1209 2213 ‚
1231 2173 1392 2221 intelligit
1414 2180 1550 2217 tholum

876 2218 1080 2255 interiorem
1093 2223 1201 2268 ipsius
1218 2227 1334 2266 micae.
1349 2243 1367 2263 a
1380 2245 1453 2277 quo
1468 2248 1551 2280 pen·

877 2270 982 2306 debat
998 2275 1156 2308 cranium
1173 2303 1182 2318 ,
1208 2281 1303 2324 qnod
1326 2286 1487 2321 convivas
1505 2288 1549 2323 (le

875 2335 987 2359 morte
1004 2327 1232 2372 admonebat,
1246 2342 1284 2366 ut
1301 2348 1341 2367 eo
1358 2337 1484 2383 largius
1501 2343 1549 2375 vi-

873 2388 1013 2421 verent,
1040 2390 1074 2414 et
1100 2385 1343 2427 potationibus
1369 2403 1544 2429 vacarent.

873 2430 965 2465 Vide
994 2433 1053 2467 lib.
1085 2436 1124 2476 I,
1154 2437 1262 2483 epigr.
1292 2454 1392 2484 LXXI,
1415 2447 1474 2479 ubi
1500 2448 1544 2481 (le

872 2484 972 2517 tholo
992 2488 1061 2530 jam
1081 2488 1168 2522 facta
1191 2494 1334 2527 mentio.
1354 2519 1405 2523 —
1427 2500 1544 2534 Tholas

871 2537 964 2583 apud
990 2540 1115 2585 virgil.
1142 2544 1280 2579 -Eneid.
1305 2548 1374 2589 IX,
1399 2564 1444 2584 vs.
1474 2558 1538 2593 408

871 2603 936 2636 pro
952 2594 1073 2638 templi
1087 2594 1218 2630 fornice
1234 2611 1433 2646 usurpatur,
1447 2606 1541 2640 unde

871 2643 1071 2688 pendebant
1102 2660 1194 2684 arina
1229 2651 1295 2684 fixa
1322 2654 1538 2692 victoribus:

1218 2721 1301 2767 15²
