2061 3288
439 225 501 284 74

814 227 878 269 Μ.
903 227 1044 271 VAL.
1083 227 1469 273 MARTIALIS

574 311 676 355 AEra
701 312 777 357 sed
801 330 826 357 a
852 314 1000 359 cuneis
1025 313 1253 370 ulteriora,
1273 317 1398 378 petis.

501 381 604 426 Non
633 382 727 428 haee
754 383 943 446 Pelignis
972 386 1116 446 agitur
1144 386 1363 431 vindemia
1391 385 1562 449 praelis,
1829 405 1844 428 5

570 455 672 497 Uva
696 471 778 499 nec
809 456 854 499 in
878 457 1030 500 Tuscis
1059 457 1253 501 nascitur
1277 459 1355 502 ista
1379 458 1495 519 jugis
1518 475 1528 501 ε

500 524 630 568 Testa
659 525 735 569 sed
766 527 932 588 antiqui
961 526 1064 570 felix
1089 528 1277 571 siccatur
1302 529 1475 590 Opimi,

568 596 720 655 Egerit
744 606 787 641 et
810 598 958 658 nigros
979 599 1168 642 Massica
1192 598 1300 642 (tella
1326 599 1470 644 cados.

498 665 536 708 A
561 682 760 727 caupone
792 667 871 711 tibi
899 668 981 712 faex
1006 667 1216 713 Laletana
1242 679 1437 730 petatur,

565 737 610 780 Si
640 737 738 798 plus
763 754 894 798 quam
920 738 1086 795 decies,
1111 739 1366 797 Sextiliane,
1394 740 1518 784 bibis.
1809 768 1841 783 ω

423 874 617 911 sidentibus
638 877 676 912 in
695 877 819 913 eodem
837 877 967 924 gradu,
987 878 1048 913 sed
1070 889 1104 914 et

425 929 516 973 petis
537 942 604 963 aera
632 931 674 964 ab
704 932 931 966 ulterioribus
959 933 1102 968 cuneis:

423 981 462 1014 id
477 991 528 1016 est
539 1007 549 1024 ‚
571 984 614 1017 ab
630 984 671 1017 iis
692 985 754 1030 qui
771 998 789 1018 a
807 986 922 1019 fronte
943 986 1034 1019 infra
1048 987 1102 1019 vel

424 1047 442 1067 a
462 1043 560 1081 tergo
585 1049 689 1081 supra
710 1037 842 1072 sedent.
871 1038 959 1072 Sunt
978 1039 1038 1085 qui
1059 1038 1102 1073 de

423 1088 613 1123 missilibus
626 1090 846 1135 intelligunt,
858 1104 935 1137 quae
947 1092 1004 1125 ille
1016 1092 1101 1125 biho

422 1140 659 1188 undequaque
690 1145 858 1189 rapiebat.
888 1166 941 1172 -—
969 1145 1101 1178 Numis-

423 1203 520 1228 mata.
540 1196 620 1229 Non
637 1198 810 1242 sportulas
824 1198 976 1242 integras
989 1223 998 1239 ‚
1020 1211 1103 1244 qua-

421 1260 501 1280 rum
520 1260 742 1295 unaquaeque
762 1251 816 1284 bis
835 1251 943 1296 quina
966 1252 1100 1285 numis-

419 1309 511 1334 mata
525 1303 726 1336 continebat
738 1301 934 1349 (epigr.vx11
949 1303 1077 1350 supra)
1090 1320 1098 1345 ;

418 1353 481 1386 sed
512 1367 684 1388 summam
717 1357 867 1402 aliquam
902 1357 1073 1403 reliquam
1084 1368 1097 1398 ·,

419 1419 498 1452 quae
528 1418 707 1453 supererat
740 1409 921 1443 Sextiliani
951 1410 1099 1453 vicinis,

417 1472 524 1505 parce
544 1461 768 1504 bibentibus,
788 1475 853 1497 nec
871 1462 993 1496 decem
1014 1476 1098 1497 eon·

417 1515 637 1548 sumentibus
656 1527 833 1549 nummos.

473 1571 507 1607 4.
539 1567 608 1600 Pro
631 1571 733 1613 petis,
769 1569 988 1603 Pulmannus
1012 1570 1098 1615 legit

418 1619 517 1658 bibis-‚-
544 1620 620 1661 alii,
646 1634 666 1653 a
686 1625 803 1654 cunctis
829 1623 980 1655 ulteriora
1000 1627 1094 1667 petis.

416 1693 468 1698 —-
488 1672 614 1707 cuneis.
636 1674 788 1708 Ordines
805 1675 932 1709 theatri
946 1702 955 1719 ,
968 1676 1003 1708 in
1021 1677 1097 1722 qui-

416 1725 482 1759 bus
503 1735 603 1759 erant
624 1726 751 1772 gradus
767 1737 1007 1774 spectatorum
1023 1730 1095 1763 sive

417 1779 599 1821 subsellia,
624 1782 838 1814 vocabantur
863 1783 988 1823 cunei,
1013 1784 1095 1828 quia

416 1832 544 1865 sensim
572 1835 811 1878 augebantur,
834 1835 876 1867 ab
905 1836 971 1868 ima
992 1847 1095 1870 cavea

416 1884 460 1918 ad
486 1898 663 1920 summum
682 1887 857 1920 theatrum
876 1888 1064 1922 crescendo
1082 1903 1092 1931 ;

415 1946 455 1970 ut
470 1950 600 1973 cuneus
612 1941 655 1973 ab
669 1940 739 1973 imo
755 1941 917 1975 acumine
933 1942 1093 1975 inlatum

415 2001 521 2037 caput
540 1993 677 2026 crescit.

470 2046 503 2079 5.
531 2046 572 2078 In
598 2045 807 2091 quibusdam
821 2043 1092 2091 lt³n2itur1rintle-

412 2101 475 2130 ιηία
504 2099 632 2143 proelis,
665 2100 687 2133 i.
717 2113 747 2133 e.
772 2104 952 2144 premitm·;
983 2101 1093 2143 male,

411 2160 561 2196 propter
572 2153 854 2186 alliterationem.
866 2175 917 2179 —-
930 2154 1002 2186 Non
1014 2154 1090 2187 lzoec.

412 2204 603 2238 Vindemia
616 2206 674 2238 illa
686 2231 695 2247 ,
716 2205 752 2238 id
768 2214 818 2239 est
829 2231 838 2247 ,
852 2206 977 2238 vinum
994 2206 1091 2252 quod

412 2256 522 2299 bibis,
539 2271 612 2291 non
631 2267 682 2292 est
704 2271 820 2304 pressa
839 2259 992 2304 Pelignis
1007 2272 1092 2304 prae-

412 2309 454 2343 lis
480 2323 487 2343 :
520 2324 592 2344 non
629 2312 722 2345 bibis
752 2312 876 2345 vinum
907 2312 1092 2346 deterioris

412 2372 522 2405 notae,
536 2364 638 2409 quale
651 2373 701 2398 est
718 2365 902 2411 Pelignum
914 2391 923 2405 ‚
941 2366 998 2398 vel
1013 2367 1089 2399 Tu·

411 2416 611 2459 sculanum,
632 2417 692 2451 sed
713 2418 958 2463 Opimianum,
981 2427 1088 2453 eto...

410 2488 464 2493 —-
496 2464 650 2514 Pelignis.
686 2471 820 2516 Peligni
855 2481 936 2505 sunt
965 2472 1089 2506 medice

411 2521 521 2555 Italiae
552 2524 697 2568 populi,
724 2524 761 2556 in
795 2525 946 2558 Abrutio
976 2538 1089 2571 prope

410 2574 576 2610 x‘estinos
597 2590 603 2608 :
626 2576 662 2609 in
691 2589 812 2611 eorum
840 2590 923 2623 agro
946 2587 1017 2613 erat
1037 2579 1089 2613 vi·

1162 893 1249 914 num
1268 880 1482 926 pessimum,
1505 888 1545 914 ut
1575 888 1609 914 et
1635 880 1673 914 in
1701 881 1837 915 Tuscia.

1162 933 1211 966 Ea
1221 934 1317 979 regio
1330 947 1424 967 nunc
1438 932 1567 967 dicitur
1579 935 1695 967 Vah-a.
1705 934 1838 978 Sulmo,

1161 986 1246 1020 urbs
1266 986 1502 1032 Pelignorum,
1520 987 1633 1032 patria
1651 986 1784 1021 Ovidii.

1215 1052 1247 1084 7.
1265 1040 1385 1084 Opimi.
1402 1040 1512 1073 Lucio
1526 1040 1669 1085 Opimio
1683 1041 1836 1082 consule,

1161 1104 1253 1125 anno
1279 1093 1321 1126 ab
1350 1093 1448 1126 Urbe
1475 1092 1616 1127 condita
1640 1092 1712 1125 633
1730 1118 1740 1135 ,
1759 1102 1838 1127 ante

1159 1146 1191 1178 J.
1216 1146 1256 1180 C.
1282 1158 1295 1179 1
1310 1158 1353 1188 19
1367 1172 1375 1188 ,
1395 1146 1470 1180 vini
1489 1147 1613 1192 optimi
1633 1146 1714 1179 felix
1734 1154 1767 1179 et
1782 1147 1837 1179 in-

1158 1210 1241 1243 gens
1276 1199 1375 1232 Italia
1412 1207 1484 1233 tota
1517 1207 1710 1244 proventus
1740 1200 1808 1232 fuit
1826 1211 1835 1233 :

1159 1251 1274 1297 quod,
1297 1252 1333 1284 in
1354 1260 1456 1285 testas
1480 1265 1540 1286 seu
1562 1253 1748 1298 amphoras
1768 1251 1837 1286 dif-

1158 1305 1297 1345 fusum,
1320 1305 1356 1337 in
1377 1318 1484 1338 annos
1509 1318 1576 1339 200
1594 1305 1744 1339 duravit.

1212 1358 1245 1391 8.
1260 1359 1389 1402 Egerit.
1399 1359 1535 1392 Promit
1547 1383 1556 1398 ‚
1571 1359 1716 1404 profert.
1727 1358 1835 1392 Jubes

1157 1422 1176 1443 e
1194 1411 1279 1444 cella
1293 1419 1352 1444 tua
1364 1412 1482 1445 afferri
1496 1412 1618 1445 vinum
1629 1411 1827 1451 Massicum,

1156 1463 1254 1508 quod
1287 1472 1337 1497 est
1369 1465 1510 1497 ruboris
1538 1477 1636 1510 paene
1661 1464 1759 1498 fusci.
1782 1485 1835 1490 —-

1155 1517 1308 1550 Blassiea.
1329 1517 1497 1550 Massicus
1514 1531 1613 1551 mons
1634 1518 1670 1550 in
1688 1518 1835 1562 Campa-

1154 1568 1213 1602 nia
1229 1569 1299 1604 fuit
1311 1597 1320 1612 ‚
1338 1570 1410 1603 viui
1426 1571 1585 1615 generosi
1605 1571 1712 1603 ferax.
1729 1570 1836 1602 Nunc

1155 1622 1257 1656 estin
1279 1635 1318 1656 ea
1335 1632 1434 1669 parte
1456 1624 1565 1656 Italiae
1589 1636 1667 1669 quae
1688 1631 1834 1656 vocatur

1159 1676 1259 1708 Terra
1274 1677 1310 1708 dt
1326 1677 1449 1709 [Λυσι-ο
1460 1704 1468 1716 ,
1486 1676 1522 1709 in
1539 1689 1649 1722 regno
1666 1676 1832 1721 Neapoli-

1154 1737 1246 1763 tano.
1287 1730 1397 1762 ,Monte
1430 1730 1571 1762 illm-sico
1614 1729 1808 1775 appellatur
1823 1756 1833 1771 ‚

1153 1781 1246 1815 inter
1267 1782 1466 1815 Minturnas
1491 1791 1524 1815 et
1546 1782 1726 1816 Calenum.

1207 1849 1242 1879 9.
1265 1834 1421 1876 Quidam
1440 1836 1561 1880 legunt
1581 1836 1753 1868 Lacetana.
1780 1857 1832 1861 -—

1153 1888 1412 1922 FaeoeLaletana.
1424 1889 1499 1921 Hoc
1511 1897 1572 1928 est,
1586 1888 1707 1921 vinum
1719 1887 1831 1921 turbi-

1153 1940 1237 1974 dum
1248 1954 1256 1982 ;
1267 1942 1327 1974 lib.
1341 1942 1423 1983 VII,
1436 1941 1544 1986 epigr.
1559 1953 1629 1974 LIII
1641 1954 1690 1982 ‚xz
1711 1943 1750 1974 6:
1765 1958 1777 1969 ι
1787 1941 1831 1974 Et

1153 1994 1325 2027 Laletanae
1338 1995 1436 2039 nigra
1455 1995 1574 2039 lagena
1591 2006 1691 2040 sapae.
1707 2011 1720 2023 n
1734 1993 1833 2026 Lale-

1153 2047 1245 2080 tania
1260 2056 1310 2080 est
1322 2059 1401 2092 pars
1413 2046 1623 2080 Catalauniae
1634 2073 1642 2087 ,
1658 2047 1750 2080 inter
1765 2046 1832 2079 Ge-

1150 2099 1302 2133 tundam
1321 2109 1355 2133 et
1370 2100 1618 2133 Tarraconem.

1208 2165 1259 2186 10.
1275 2153 1393 2198 Siplus
1409 2167 1513 2199 quam.
1531 2154 1676 2185 Potores
1691 2151 1830 2185 honesti

1152 2213 1187 2238 et
1208 2205 1380 2239 moderati
1404 2218 1475 2238 non
1501 2206 1619 2251 plures
1642 2218 1744 2251 quam
1768 2204 1830 2238 de-

1152 2270 1229 2291 cem
1246 2259 1388 2305 cyathos
1407 2259 1549 2292 haurire
1562 2266 1829 2292 consueverant.

1151 2311 1245 2344 Vide
1262 2312 1422 2357 Lipsium
1439 2313 1475 2344 in
1497 2324 1560 2345 suo
1580 2311 1744 2345 convivio
1767 2323 1828 2343 an-

1151 2364 1214 2410 tiq.
1228 2365 1290 2398 lib.
1309 2366 1364 2397 III
1376 2391 1385 2407 ,
1402 2365 1465 2398 uhi
1481 2365 1529 2398 ait
1545 2376 1553 2397 :
1578 2381 1591 2394 «
1611 2365 1739 2397 Decem
1753 2375 1828 2409 cya-

1149 2418 1201 2451 thi
1218 2431 1352 2451 sumnia
1374 2418 1470 2464 potio
1493 2426 1606 2451 sunt0.
1633 2434 1646 2446 u
1673 2417 1708 2449 Si
1731 2415 1828 2449 deci-

1148 2484 1247 2504 mum
1268 2471 1389 2505 transit
1404 2471 1628 2512 Sextilianus,
1646 2470 1742 2502 bibat
1758 2468 1826 2501 vile

1148 2524 1268 2557 vinum
1285 2550 1294 2566 ‚
1328 2533 1368 2558 ut
1395 2523 1626 2570 quantitatem
1656 2522 1823 2568 qualitate

1150 2586 1361 2624 compenset.
