2061 3288
472 233 1056 279 EPIGRAMMATUM
1096 230 1220 274 LlB.
1264 232 1295 273 t.

1498 244 1580 273 121

391 323 461 366 Sic
484 321 659 366 dentata
682 322 761 366 sibi
783 322 955 366 videtur
977 319 1121 381 AEglo,

388 393 558 453 Emptis
583 392 775 447 ossibus,
802 392 1041 453 Indicoque
1065 406 1203 434 cornu
1228 407 1237 432 z

389 463 485 517 Sic,
511 479 605 523 quae
630 464 795 524 nigrior
825 473 890 508 cst
919 463 1100 508 cadente
1128 477 1278 515 moro,

390 533 622 577 Cerussata
653 534 731 578 sibi
760 533 901 595 placet
924 533 1117 595 Lycoris.

388 605 481 648 Hac
506 614 549 647 et
574 614 621 647 tu
647 605 840 660 ratione,
866 621 951 666 qua
976 606 1110 648 Poeta
1135 618 1201 657 es,

389 673 551 719 Calvus
583 692 716 735 quum
746 675 902 731 fueris,
929 676 1012 719 eris
1038 681 1248 718 comatus.

233 806 266 843 4„
288 802 412 847 Emptis
432 803 560 838 ossibus.
578 804 605 837 F
608 804 743 838 actitios
764 804 850 838 den-

178 862 240 896 tes,
249 862 289 888 ut
300 867 375 897 nos,
385 856 529 890 Veteres
540 870 625 890 auro
637 857 850 892 vinciebant.

178 906 265 940 lude
275 920 386 953 quum
395 917 534 943 cautum
543 911 711 956 essetlege
718 910 852 945 decem—

177 960 274 993 virali
298 974 342 994 ne
368 961 514 997 cadaver
534 964 740 1009 sepeliretur
766 977 851 998 auro

177 1012 317 1055 addito,
333 1013 520 1050 decemviri
538 1030 662 1050 aurum
683 1030 752 1063 quo
770 1017 853 1051 den·

178 1074 229 1100 tes
259 1067 490 1112 vinciuntur,
521 1079 744 1116 exceperunt.
767 1070 851 1105 Vid.

177 1119 250 1153 Cic.
265 1119 309 1153 de
325 1122 496 1166 Legibus,
510 1123 570 1156 lib.
589 1125 624 1156 II
635 1150 644 1166 ,
656 1124 692 1156 in
708 1124 790 1158 fine.
802 1141 853 1145 —

177 1172 348 1218 lndicoque
380 1187 486 1208 cornu.
516 1176 591 1209 Hoc
623 1184 692 1219 est⁷
722 1177 828 1210 ebore
842 1203 851 1218 ‚

177 1237 247 1270 quo
265 1226 437 1271 significat
456 1227 578 1262 dentes
598 1229 755 1263 eboreos.
772 1230 852 1263 Ele-

176 1278 263 1322 phas
281 1280 500 1324 potissimum
517 1282 554 1314 in
567 1281 666 1315 India
686 1283 850 1316 nascitur.

233 1331 266 1364 5.
278 1331 344 1364 Ed.
361 1333 458 1366 Junt.
481 1347 573 1367 anno
595 1335 637 1368 15
649 1347 661 1368 1
673 1349 690 1368 α
704 1361 713 1375 ,
732 1336 852 1368 calente

177 1395 273 1417 moro.
297 1401 347 1405 —
375 1386 525 1421 cadente.
553 1388 674 1429 Quum
710 1400 850 1421 morum

176 1435 286 1477 cadit,
311 1447 509 1482 maturum,
533 1449 567 1474 et
594 1440 674 1474 ideo
701 1441 851 1486 nigerri-

177 1502 274 1523 mum
294 1499 354 1525 est.
370 1492 439 1527 ΕΟ,

965 807 998 838 6.
1029 803 1210 837 Cerussata.
1236 801 1380 834 Cerussa
1407 812 1515 844 genus
1540 808 1590 832 est

911 857 1081 903 pigmenti
1107 869 1179 902 quo
1213 854 1363 888 illinitur
1393 853 1508 886 vultus
1547 851 1590 885 ad

910 909 1097 944 candorem
1112 906 1387 943 conciliandum.
1412 906 1501 939 Ptin.
1526 905 1589 938 lib.

910 977 1018 1004 xxxv,
1042 976 1116 1009 cap.
1144 965 1179 997 6.
1209 976 1261 983 ·-·
1286 960 1355 995 Sibi
1371 960 1488 1006 placet.
1513 959 1589 992 Sibi

910 1015 1058 1050 candida
1080 1015 1233 1049 videtur.

967 1084 1000 1116 7.
1020 1071 1095 1102 Hac
1116 1071 1210 1103 etiam
1232 1069 1351 1100 ratione
1377 1066 1414 1099 in
1441 1064 1563 1099 eadem
1580 1088 1588 1100 ‚

911 1136 991 1157 cum
1011 1122 1090 1157 Ald.
1108 1123 1206 1156 Junt.
1226 1121 1388 1165 aliisque3
1408 1117 1468 1151 sed
1487 1118 1588 1151 male.

967 1178 1000 1211 8.
1024 1177 1102 1208 Eris
1123 1183 1272 1208 comatus.
1298 1172 1432 1218 Emptis
1464 1183 1590 1217 nempe

912 1238 971 1262 aut
987 1229 1156 1274 surreptis
1176 1227 1320 1272 capillis.
1347 1226 1480 1258 Notum
1508 1223 1590 1257 ada-

910 1283 1006 1328 gium
1019 1307 1029 1323 ‚
1043 1283 1149 1314 calvus
1165 1288 1315 1319 comatus,
1336 1278 1373 1311 id
1390 1286 1440 1311 est
1452 1303 1461 1317 ‚
1482 1278 1590 1310 homo

911 1335 971 1381 qui
991 1334 1112 1368 fraude
1129 1335 1246 1380 aliqua
1264 1331 1376 1365 videri
1396 1331 1470 1364 vult
1490 1328 1587 1376 quod

910 1401 982 1421 non
1011 1397 1084 1421 est:
1105 1388 1154 1421 sic
1183 1386 1309 1432 emptis
1334 1393 1394 1417 aut
1421 1383 1589 1428 surreptis

911 1441 1069 1474 versibus
1088 1441 1164 1474 vult
1190 1438 1302 1473 videri
1322 1445 1424 1485 poeta
1453 1438 1510 1470 ille
1533 1436 1589 1469 Fi-

911 1493 1092 1528 deminus.

728 1613 1032 1696 LXXIV,

611 1751 684 1779 An
730 1751 1123 1781 CAECILIANUM.
1147 1731 1166 1749 *

245 1856 437 1900 Nusz
466 1856 509 1898 in
534 1856 643 1900 urbe
674 1856 756 1900 fuit
783 1866 873 1901 tota
891 1893 902 1912 ,
927 1859 1001 1918 qui
1026 1868 1205 1919 tangere
1231 1858 1360 1903 vellet

315 1927 511 1970 Uxorem
539 1928 696 1987 gratis,
721 1927 974 1984 Caeciliane,
1000 1939 1143 1984 tuam,

245 1996 365 2039 Dum
390 1996 510 2041 licuit
531 2014 539 2040 :
566 1998 641 2041 sed
666 2015 783 2042 nunc
806 2000 957 2060 positis
982 2000 1260 2055 custodibus,
1287 2001 1438 2061 ingens

314 2067 461 2111 Turba
487 2067 731 2113 fututorum
763 2079 828 2114 est
854 2087 862 2112 :
890 2070 1138 2131 ingeniosus
1166 2071 1300 2115 homo
1324 2087 1381 2114 es.

227 2188 241 2201 '¹
255 2193 396 2226 Lemma
418 2194 455 2226 in
473 2194 550 2229 cod.
569 2195 705 2229 Thuan.
725 2205 776 2229 est
795 2197 855 2230 Ad

176 2245 394 2285 Mecilianum;
405 2255 439 2279 et
450 2247 484 2280 in
499 2248 574 2293 ipso
588 2249 851 2294 epigrammate,

174 2310 262 2332 vers.
286 2312 302 2332 2
317 2323 327 2340 ‚
344 2300 524 2333 Meciliane.

229 2351 246 2383 3
253 2378 260 2384 .
272 2352 391 2384 Positis
400 2365 481 2385 nunc
490 2353 682 2388 custodibus.
693 2355 850 2388 Nitimur

173 2405 268 2437 enim
292 2404 329 2436 in
360 2405 506 2439 vetitum
534 2419 673 2449 omnes,
695 2410 849 2452 cupimus-

170 2469 229 2500 que
243 2466 359 2501 negata
371 2485 380 2498 ‚
400 2466 439 2491 ut
455 2459 501 2492 ait
518 2459 684 2501 Ovidius,
705 2460 791 2505 eleg.
808 2465 827 2501 4
838 2487 846 2500 ,

171 2509 231 2542 lib.
249 2511 302 2543 III
318 2512 488 2544 Amorum
500 2538 509 2553 ‚
525 2525 559 2544 v.
581 2525 593 2545 1
604 2526 637 2557 7.

224 2566 256 2602 4.
272 2564 453 2608 Ingeniosus
470 2565 560 2598 homo
574 2579 615 2598 es.
635 2566 705 2607 Qui
721 2565 848 2600 callido

172 2615 320 2649 artificio
352 2617 488 2651 efficere
511 2619 681 2663 potuisti,
704 2627 742 2651 nt
763 2632 850 2652 uxor

171 2666 336 2702 deformis
362 2679 563 2715 peteretur3
583 2671 773 2718 dentesque
797 2686 851 2706 ex-

912 2198 1032 2231 acuisti
1069 2197 1300 2238 amatoribus,
1333 2197 1583 2231 incustoditam

911 2251 1008 2295 prius
1029 2251 1299 2296 negligentibus.
1319 2251 1385 2283 Vel
1407 2252 1509 2284 etiam
1530 2252 1587 2284 in-

910 2304 1072 2348 geniosus
1094 2304 1200 2336 homo
1219 2316 1272 2345 es,
1289 2304 1369 2349 quia
1390 2304 1438 2336 sic
1457 2317 1587 2349 augen-

911 2355 963 2388 dae
990 2365 1056 2389 tuae
1081 2357 1131 2389 rei
1158 2356 1338 2389 familiaris
1370 2357 1461 2389 viam
1488 2357 1588 2390 inve-

911 2409 1013 2450 nisti,
1037 2410 1240 2442 muneribus
1268 2409 1397 2442 scilicet
1419 2423 1513 2443 nunc
1539 2411 1589 2443 al-

909 2461 985 2495 latis
1004 2463 1046 2495 ab
1069 2462 1280 2495 amatoribus
1293 2488 1302 2503 ‚
1324 2462 1384 2508 qui
1403 2471 1525 2496 contra
1545 2464 1589 2496 ab

911 2527 1018 2548 uxore
1041 2515 1196 2560 pretium
1222 2524 1321 2548 autea
1351 2516 1588 2561 accipiebant,

910 2579 973 2601 nec
993 2580 1066 2601 eam
1082 2569 1269 2614 tangebant
1285 2569 1400 2614 gratis.
1421 2568 1503 2602 Vid.
1522 2570 1586 2603 lib.

911 2621 1001 2661 VII,
1019 2622 1125 2667 epigr.
1142 2635 1244 2660 LXXV,
1266 2630 1298 2655 et
1312 2622 1373 2655 lib.
1388 2623 1438 2654 XI
1451 2649 1460 2664 ⁷
1476 2623 1585 2668 epigr.

912 2686 1014 2707 Lxltx.
