2061 3288
420 222 1005 268 EPIGRAMMATUM
1043 220 1168 263 LIB.
1209 220 1273 261 Il.
1459 216 1554 263 235

283 314 339 356 Et
364 312 519 356 cecidit
543 312 669 356 sectis
696 311 780 354 icta
805 309 986 354 Plecusa
1011 309 1159 352 comis.

215 384 374 427 Desine
396 383 513 443 jain,
539 381 725 443 Lalage,
752 382 894 425 tristes
921 395 1078 424 ornare
1105 376 1309 439 capillos,

279 456 451 515 Tangat
475 463 518 496 et
545 454 745 497 insanum
771 450 889 495 nulla
916 449 1058 512 puella
1084 458 1231 510 caput.

215 526 311 568 Hoc
342 523 616 568 salamandra
645 533 790 579 notet,
810 521 879 566 vel
908 537 1021 567 saeva
1050 518 1266 564 novacula
1296 517 1454 572 nudet,

281 596 345 639 Ut
374 594 505 656 digna
536 594 713 656 speculo
743 593 819 638 fiat
848 594 992 654 imago
1022 602 1112 635 tuo.

145 733 328 767 ornatricis
352 734 389 767 in
408 733 661 779 componendis
689 733 822 779 capillis

145 785 292 832 perinde
314 799 352 820 ac
375 785 546 820 delictum
567 787 684 832 puniit
705 787 823 820 furens

145 841 269 884 Lalage
282 864 292 881 ‚
311 840 496 873 ornatricis
515 841 659 885 capillos
675 840 823 881 vellens,

145 901 179 926 et
203 900 308 938 caput
329 893 470 938 speculo
497 892 730 926 contundens.
758 893 824 925 Ju-

145 958 225 979 ven.
243 945 312 979 Sat.
330 946 403 986 VI,
420 959 451 979 v.
475 950 521 990 49
534 958 546 978 1
569 958 576 979 :
597 961 609 973 ι(
633 945 826 991 Componit

147 999 280 1032 crinem
294 999 451 1032 laceratis
462 999 535 1045 ipsa
549 999 683 1044 capillis
695 1025 704 1040 ,
721 997 825 1032 Nuda

147 1052 313 1084 humeros
340 1052 461 1085 Psecas
489 1052 631 1093 infelix,
652 1050 826 1097 nudisque

148 1104 324 1138 mamillis.
346 1104 460 1138 Altior
482 1105 540 1138 hic
564 1118 673 1151 quare
691 1106 826 1138 cincin-

148 1156 242 1190 nus?
260 1165 384 1190 taurea
406 1158 508 1202 punit
537 1159 717 1192 Continuo
744 1157 826 1191 flexi

148 1210 306 1251 crimen,
333 1210 537 1256 facinusque
567 1212 695 1257 capilli.
718 1229 730 1241 n
754 1212 828 1244 Mo-

149 1276 237 1296 rosae
268 1275 363 1296 enim
394 1272 492 1297 erant
525 1277 605 1309 erga
637 1264 829 1297 ornatrices

151 1328 229 1350 suas
253 1325 420 1349 matronae
448 1317 533 1351 ist-ce.
556 1318 601 1350 Et
624 1317 827 1351 deformita-

152 1377 224 1402 tem
236 1381 334 1402 suam
347 1395 356 1411 ‚
375 1381 479 1414 quam
494 1369 580 1403 dum
600 1371 830 1404 comebantur

152 1430 187 1455 et
214 1422 450 1464 ornabantur,
484 1423 625 1468 speculo
650 1436 723 1457 sese
745 1435 827 1456 con-

152 1475 361 1520 templantes
376 1501 386 1517 ,
405 1475 666 1521 inspectabant,
689 1476 830 1510 ancilla-

152 1540 233 1561 rum
254 1541 396 1562 suarum
423 1528 568 1574 indigna
589 1543 689 1575 poena
703 1557 711 1569 ,
736 1542 831 1575 quae-

155 1579 235 1614 dam
246 1581 514 1615 ulciscebantur.
530 1583 608 1616 Hoc
626 1592 676 1616 est
688 1596 750 1617 cur
767 1583 832 1615 Ju-

155 1634 286 1667 venalis
299 1660 308 1675 ‚
335 1635 414 1667 loco
434 1648 537 1680 snpra
557 1636 661 1669 citato
680 1661 689 1672 ,
717 1634 833 1681 lepide

157 1685 290 1720 addat:
329 1704 341 1716 α
365 1687 463 1729 Quid
504 1688 624 1722 Psecas
663 1688 836 1722 admisit?

158 1753 316 1785 quaenam
340 1748 390 1773 est
419 1741 478 1773 hic
500 1742 604 1786 culpa
625 1742 749 1787 puellae
765 1767 774 1781 ,
800 1741 835 1774 Si

160 1793 225 1826 tibi
248 1792 427 1838 displicuit
454 1806 555 1827 nasus
576 1795 678 1828 tuus?
699 1795 766 1827 En.
785 1816 837 1820 ——

161 1846 235 1890 Quo
257 1846 395 1879 viderat.
420 1847 461 1879 In
481 1860 554 1892 quo
573 1848 715 1892 speculo
740 1846 838 1880 vide-

159 1907 213 1932 rat
228 1899 434 1932 abnormem
455 1900 632 1945 capillum.

217 1957 251 1992 4.
281 1952 491 1986 Beverlandi
526 1953 600 1987 MS.
634 1956 723 1986 sceris
747 1954 839 1998 jacta

162 2005 324 2050 Plzlegusa
340 2019 351 2038 :
373 2005 434 2039 sed
456 2007 591 2039 Plecusa
611 2014 748 2040 rectum
768 2014 838 2047 est3

163 2057 188 2090 i.
211 2070 240 2090 e.
264 2059 386 2091 ancilla
412 2061 577 2092 πλέκουσα
595 2082 604 2098 ,
631 2073 707 2105 quse
734 2059 841 2104 plicat

165 2118 199 2143 et
218 2111 402 2156 componit
424 2112 547 2146 crines.
571 2134 621 2138 —
648 2114 697 2146 Et
716 2113 840 2146 cecidit.

165 2163 245 2196 Non
283 2163 425 2209 quidem
459 2165 639 2199 interfecta
677 2174 727 2198 est
741 2191 749 2207 ,
780 2165 841 2199 sed

165 2216 268 2250 humi
290 2218 479 2261 procubuit
499 2219 649 2263 graviter
670 2219 747 2252 laesa
770 2219 844 2252 ictu

167 2269 308 2315 speculi.
339 2292 391 2296 —
419 2271 566 2305 Plecusa.
594 2272 760 2305 Ornatrix
782 2284 844 2304 an-

167 2322 245 2356 cilla
268 2335 286 2354 a
309 2324 433 2355 πλέκειν
447 2349 454 2360 ,
481 2331 600 2363 texere,
625 2324 714 2357 sicut
731 2325 845 2357 Psecas

168 2375 302 2409 Ovidio
321 2383 355 2408 et
375 2376 537 2410 Juvenali
558 2390 575 2410 a
594 2377 757 2419 ψεκάζειν,
771 2391 845 2410 con-

168 2430 306 2462 cinnat-e.

225 2481 258 2515 5.
280 2482 397 2514 Desine
416 2490 478 2514 tam
497 2483 732 2522 Pulmannus,
756 2483 847 2516 Lan-

170 2533 246 2579 gius
259 2560 267 2573 ,
285 2534 353 2567 alii.
365 2557 416 2560 —
433 2536 551 2568 Tristes
564 2563 572 2575 ,
599 2544 663 2569 etc,
683 2535 849 2569 Tristitiae

171 2595 204 2620 et
226 2588 409 2621 verberum
432 2601 560 2622 causas.
581 2589 754 2635 ‚lIelotiy*121.

227 2642 260 2673 6.
299 2642 417 2685 Tangit
446 2642 519 2675 MS.
554 2641 770 2675 Beverlandi.
802 2664 850 2667 -

885 732 1035 766 Insanum
1050 757 1060 771 ,
1085 738 1149 764 etc.
1170 730 1227 763 Ob
1245 728 1356 775 pilum
1376 726 1563 762 conturba-

885 793 962 818 tum
978 783 1178 818 desaeviens.

940 852 975 883 7.
998 836 1097 871 Idem
1118 837 1192 871 MS.
1218 836 1303 869 nuda
1326 834 1490 867 novacula.
1519 854 1564 858 —-

886 891 1110 924 Salamandra.
1126 890 1246 924 Genus
1260 897 1310 922 est
1323 889 1459 921 lacertae
1470 884 1566 931 quod

886 945 1002 990 ignem
1026 944 1141 989 ipsum
1169 943 1389 987 exstinguere
1415 940 1567 979 dicitur,

888 1006 922 1031 et
957 998 995 1030 in
1040 1009 1081 1030 eo
1115 996 1233 1030 vivere
1271 995 1420 1029 illaesum
1440 1019 1450 1035 ,
1481 991 1568 1025 adeo

888 1049 1022 1096 frigidae
1043 1058 1175 1084 naturae
1196 1057 1258 1082 est.
1275 1049 1359 1093 Ejus
1380 1047 1476 1081 virus
1495 1046 1568 1078 sive

889 1104 994 1137 saliva
1018 1103 1108 1136 hanc
1135 1103 1208 1136 vim
1232 1102 1356 1142 habet,
1381 1109 1419 1134 ut
1445 1111 1567 1132 omnes

889 1158 979 1202 pilos
998 1157 1156 1201 corporis
1173 1156 1307 1189 evellat.
1328 1154 1417 1187 Plin.
1434 1153 1494 1185 lib.
1519 1153 1567 1191 X,

889 1221 965 1255 cap.
985 1212 1050 1254 673
1067 1218 1100 1242 et
1118 1210 1260 1244 Petron.
1275 1209 1376 1241 Arb.:
1394 1207 1503 1247 «Quae
1516 1217 1569 1238 sa-

889 1261 1072 1296 lamandra
1090 1262 1276 1308 supercilia
1298 1270 1357 1294 tua
1373 1258 1525 1293 exussit?
1548 1276 1560 1287 »

894 1315 1128 1361 Optat-igitur
1149 1313 1335 1360 impotenti
1353 1312 1494 1346 mulieri
1516 1310 1571 1344 de-

891 1369 1041 1402 fluvium
1073 1369 1129 1402 vel
1158 1377 1339 1402 tonsuram
1364 1366 1571 1412 capillorum

892 1421 1076 1455 Martialis.

949 1476 983 1509 S.
1004 1475 1146 1519 Dignior
1158 1483 1193 1507 ιιι
1207 1474 1331 1519 speculo
1346 1471 1455 1506 codex
1474 1479 1574 1504 vetus

895 1528 1057 1573 Cagnerii
1073 1554 1082 1568 ,
1101 1527 1161 1573 qui
1178 1528 1352 1573 vulgatam
1372 1539 1444 1559 non
1462 1525 1574 1558 feren·

895 1581 975 1615 dam
998 1594 1070 1615 esse
1097 1580 1315 1626 pronuntiat.
1336 1601 1387 1606 —
1411 1579 1455 1612 Ut
1474 1579 1574 1622 digna

896 1635 1031 1680 speculo.
1046 1633 1143 1676 Quid
1155 1633 1213 1666 hic
1222 1634 1266 1667 sit
1282 1631 1553 1677 intelligendum
1567 1656 1576 1671 ,

898 1689 934 1721 in
953 1687 1064 1721 dubio
1093 1687 1302 1733 relinquunt
1335 1686 1438 1720 variae
1469 1686 1575 1718 inter—

899 1750 1036 1787 pretum
1054 1740 1233 1774 sententiae
1249 1753 1258 1781 ;
1277 1740 1335 1773 alii
1353 1738 1576 1783 intelligunt:

900 1795 951 1827 Ut
986 1806 1055 1839 quo
1095 1794 1240 1839 speculo
1272 1792 1439 1826 ornatrici
1471 1790 1578 1824 disse-

901 1847 1002 1880 cuisti
1022 1858 1138 1880 comas
1150 1873 1159 1887 ,
1176 1854 1209 1879 et
1229 1854 1267 1880 tu
1289 1846 1354 1879 tibi
1372 1857 1496 1878 omnes
1513 1843 1580 1876 dis-

901 1908 1007 1933 sectas
1028 1899 1064 1932 in
1088 1898 1211 1932 eodem
1230 1898 1465 1944 conspexeris.
1491 1897 1580 1929 Tam

901 1952 1042 1986 crudele
1058 1952 1152 1985 enim
1168 1952 1348 1997 speculum
1371 1963 1444 1984 non
1467 1962 1579 1982 mere-

904 2014 961 2039 tur
1004 2005 1072 2038 nisi
1118 2004 1291 2038 deformes
1330 2011 1580 2049 repraesentare

903 2059 1088 2104 imagines3
1115 2058 1204 2091 nihil
1227 2066 1343 2091 autem
1363 2057 1503 2102 turpius
1531 2063 1579 2088 est

904 2113 998 2146 calva
1015 2110 1172 2144 muliere.
1193 2111 1263 2144 Alii
1285 2119 1421 2144 autem:
1444 2110 1495 2142 Ut
1513 2109 1581 2141 cal-

901 2178 984 2198 vum
1019 2173 1124 2211 caput
1155 2173 1255 2197 tuum
1287 2176 1385 2209 aeque
1413 2161 1581 2195 reddatur

902 2219 978 2251 leve
1002 2231 1041 2251 ac
1069 2218 1273 2263 speculum,
1297 2229 1366 2262 quo
1395 2216 1581 2261 imaginem

904 2280 998 2304 tuam
1024 2270 1164 2305 videris.
1187 2269 1328 2303 Judicet
1354 2270 1464 2302 lector
1486 2266 1581 2314 peri-

906 2333 983 2357 tus:
1014 2336 1079 2357 nec
1107 2324 1207 2357 facile
1238 2332 1287 2356 est
1324 2335 1464 2355 sensum
1499 2333 1582 2367 pro—

905 2378 1056 2410 habilem
1085 2376 1169 2409 inde
1191 2377 1327 2409 elicere.
1350 2375 1584 2420 Intelligerem

906 2431 1022 2464 forsan
1037 2442 1045 2463 τ
1062 2430 1156 2475 Opto
1168 2455 1178 2471 ‚
1196 2431 1321 2475 Lalage
1332 2455 1339 2469 ‚
1357 2438 1395 2462 ut
1410 2429 1471 2461 tibi
1488 2429 1585 2461 fran-

908 2492 1008 2528 gatur
1035 2492 1158 2528 caput,
1188 2483 1275 2516 sicut
1304 2482 1435 2528 fregisti
1463 2493 1585 2526 specu-

909 2537 994 2569 lum.
1017 2536 1083 2569 En.
1110 2537 1242 2568 Ultima
1270 2536 1399 2581 syllaba
1426 2533 1585 2567 vocabuli

909 2590 1008 2633 digna
1028 2588 1258 2634 producitur,
1277 2598 1424 2634 propter
1438 2601 1586 2633 sequen-

911 2651 960 2675 tes
980 2641 1064 2675 duas
1081 2650 1323 2675 consonantes.
