2061 3288
433 228 1023 272 EPIGRAMMATUM
1064 230 1184 271 Llss.
1227 230 1323 271 ΙΙΙ.

172 329 252 352 cum
268 317 309 351 iis
325 316 545 350 cremabatur
560 314 596 347 in
612 327 708 360 rogO.
719 315 787 348 En,
798 337 849 343 —

171 371 280 405 Ludit
289 381 371 404 sane
386 368 511 403 eodem
527 366 637 401 modo
653 368 850 410 Lucianus,

170 425 262 458 libro
286 423 332 457 de
351 421 575 456 Mercenariis
596 433 604 455 :
627 421 688 454 uhi
713 421 762 455 ait
785 422 851 454 mi-

175 490 269 511 seros
283 476 496 517 literatores,
509 482 571 508 aut
585 474 669 508 alios
684 473 720 508 id
731 487 851 520 genus,

172 531 232 577 qui
262 537 465 575 magnatum
497 540 633 561 mensas
667 527 852 569 colebant,

171 596 253 617 cnm
273 583 346 616 aliis
367 581 572 616 accumbere
591 581 729 623 solitos,
748 594 853 615 coro-

175 644 276 670 natos
295 648 376 669 sane
398 643 432 669 et
452 642 633 680 unguento
655 633 852 676 delibutos;

174 688 236 723 sed
261 688 387 735 saepius
407 688 497 723 mala
516 687 606 721 fame
632 696 666 721 et
688 687 743 721 siti
769 700 848 733 per-

1492 247 1515 274 2
1527 247 1550 292 7
1563 229 1588 275 5

910 314 1002 348 ditos
1013 343 1021 357 ‚
1036 327 1145 360 quum
1160 315 1249 349 nihil
1263 315 1305 349 iis
1318 315 1590 351 ministraretur.

912 369 1032 410 Quare
1064 376 1285 402 mortuorum
1325 370 1498 404 columnis
1533 383 1591 404 eos

911 434 985 455 non
1005 434 1078 455 esse
1099 421 1293 464 absimiles,
1313 435 1399 468 quas
1418 424 1454 456 in
1470 436 1594 469 paren-

913 475 1038 508 talibus
1050 484 1232 520 unguento
1243 475 1386 521 quidem
1400 477 1592 522 perfunde-

912 536 1006 568 rent,
1027 537 1061 561 et
1080 529 1218 562 coronis
1238 538 1425 571 ornarent;
1444 530 1511 575 ipsi
1531 543 1593 563 au-

913 590 983 615 tem
1007 580 1156 627 dapibus
1174 607 1183 623 ‚
1206 594 1286 628 quae
1309 582 1412 616 simul
1434 596 1592 628 appone-

913 635 1071 675 bantur,
1099 646 1172 668 sese
1199 635 1431 669 oblectarent.
1454 637 1592 671 llerald.

915 686 1002 721 Vid.
1021 688 1105 722 Juv.
1126 687 1164 720 in
1180 687 1250 722 Sat.
1272 687 1317 722 do
1333 689 1502 724 Parasito.
1522 691 1590 724 ED.

788 826 973 885 XIII.

337 986 391 1014 IN
431 984 682 1023 NAEVIAM,
721 984 940 1013 AVARAM
978 983 1433 1017 CONVIVATRICEM.

247 1112 365 1156 DUM
387 1127 477 1155 non
497 1111 563 1154 vis
584 1108 800 1171 leporem,
824 1109 930 1154 dum
953 1126 1042 1155 non
1063 1112 1128 1155 vis
1152 1127 1333 1173 carpere
1354 1113 1560 1173 mullum,

319 1183 376 1225 Et
399 1180 498 1242 plus
519 1196 651 1242 quam
676 1181 812 1242 patri,
834 1181 1011 1237 Naevia,
1031 1182 1174 1243 parcis
1195 1198 1328 1245 apro3

249 1254 466 1308 Accusas,
492 1252 747 1313 rumpisque
772 1268 984 1313 coquum,
1006 1261 1216 1314 tanquam
1241 1256 1388 1300 omnia
1413 1256 1550 1301 cruda

318 1321 536 1367 Attulerit.
558 1324 797 1383 Nunquam
823 1324 883 1368 sic
909 1339 991 1384 ego
1013 1323 1175 1369 crudus
1200 1341 1291 1370 ero.

236 1475 265 1494 x.
287 1462 373 1494 Dum
392 1473 455 1494 non
473 1463 523 1494 νιᾷς
537 1462 654 1506 pis-cem
669 1461 753 1506 legit
769 1460 859 1494 Scri-

179 1513 297 1548 verius
317 1526 326 1548 :
345 1515 432 1547 Dum
453 1527 515 1547 non
534 1516 585 1547 vis
600 1514 705 1560 pullos
721 1514 856 1547 Beverl.

179 1567 256 1601 MS.
291 1580 418 1612 carpere
443 1569 544 1612 pisces
575 1566 689 1601 codex
716 1567 857 1600 Thuan.

181 1633 307 1665 carpere
330 1621 436 1665 pullos
463 1619 501 1652 in
529 1620 615 1653 aliis.
634 1642 689 1646 —-
709 1619 858 1665 Carpere.

182 1673 225 1705 In
247 1680 363 1719 partes
382 1671 542 1706 scindere
563 1672 720 1707 convivis
741 1672 860 1706 distri-

182 1725 351 1759 buendas.
380 1726 447 1760 ED.
468 1747 521 1752 ——
542 1725 689 1759 Mullum.
708 1725 863 1769 Gallice,

185 1779 333 1812 barbeau.

240 1832 274 1865 3.
286 1832 426 1876 Rumpis.
443 1830 557 1864 Caedis
568 1857 577 1871 ,
591 1831 738 1865 mulctas
751 1846 759 1871 3
773 1830 865 1864 ludit

185 1885 221 1917 in
240 1884 465 1930 ambiguitate
478 1884 760 1929 verbi-,coquum
776 1885 864 1918 scin-

185 1936 262 1979 dis,
290 1938 367 1970 loco
393 1937 524 1982 leporis
558 1950 617 1970 seu
647 1937 747 1969 mulli
772 1949 779 1970 ε
814 1938 863 1970 sic

187 1991 298 2035 epigr.
334 2002 424 2024 xcur
459 1990 551 2023 infra
578 2002 587 2023 :
622 2007 635 2020 α
651 1990 735 2023 Esse
760 2002 864 2036 negas

187 2051 328 2077 coctum
344 2044 500 2089 leporem
512 2043 696 2089 poscisque
707 2043 863 2088 flagella3

188 2096 299 2129 Mavis
317 2121 327 2137 ‚
363 2097 452 2130 Rufe
465 2122 473 2136 ,
515 2109 669 2142 coquum
704 2095 865 2130 scindere

190 2162 296 2194 quam
310 2150 479 2194 leporem.
494 2167 507 2179 u
525 2150 592 2183 Eo.
607 2172 658 2176 —
678 2151 843 2195 Tanquam
854 2178 862 2190 ,

190 2211 255 2236 etc.
276 2202 333 2235 Sic
351 2215 389 2235 ea
406 2203 441 2235 in
458 2203 540 2235 alias
556 2216 669 2236 coenas
684 2207 865 2236 reservan-

190 2254 233 2289 da
258 2263 496 2301 reportantur.
522 2255 605 2290 Vid.
635 2256 695 2289 lib.
726 2257 742 2288 I
758 2280 768 2295 ,
792 2257 866 2302 epi-

918 1473 1064 1505 gramm.
1095 1474 1172 1504 ριν,
1195 1476 1228 1495 v.
1260 1477 1294 1508 7.
1322 1464 1389 1498 En.
1404 1486 1457 1491 -—
1479 1465 1600 1499 Cruda.

919 1514 1011 1548 Male
1028 1524 1137 1549 cocta.
1155 1517 1221 1549 Et).

974 1572 1010 1609 4.
1038 1568 1175 1603 Crudus.
1191 1568 1333 1603 Crudus
1349 1579 1401 1604 est
1416 1570 1477 1616 qui
1494 1571 1601 1605 cruda

919 1621 1025 1654 habet
1046 1621 1083 1653 in
1110 1623 1290 1656 stomacho
1313 1624 1499 1665 alimenta,
1527 1637 1603 1670 quae

923 1681 1070 1719 propter
1078 1675 1224 1708 nimiam
1234 1676 1371 1722 copiam
1381 1690 1602 1723 concoquere

924 1734 958 1760 et
971 1726 1131 1772 digerere
1147 1730 1279 1774 nequit.
1291 1730 1421 1764 Juven.
1435 1729 1504 1764 Sat.
1518 1732 1546 1767 I,
1567 1743 1601 1764 v.

930 1791 943 1811 1
954 1779 999 1820 43
1015 1792 1023 1813 ;
1042 1797 1055 1809 «
1071 1780 1115 1814 Et
1126 1781 1275 1814 crudum
1287 1795 1463 1827 pavonem
1480 1783 1516 1816 in
1527 1783 1602 1816 hal-

922 1844 987 1865 nea
1001 1841 1153 1877 portas.»
1170 1833 1255 1868 Vid.
1272 1836 1507 1882 quoque‚lib.
1519 1837 1604 1878 XII,

925 1885 1033 1930 epigr.
1055 1898 1177 1919 Lxxvn
1196 1898 1203 1919 :
1227 1888 1287 1932 qui
1310 1897 1429 1922 autem
1449 1901 1522 1922 non
1543 1901 1602 1922 co-

923 1937 1051 1978 medit,
1066 1938 1196 1972 crudus
1215 1952 1287 1974 esse
1303 1954 1376 1975 non
1393 1949 1521 1987 potest.
1533 1942 1602 1975 ΕΙ).

922 2013 974 2017 -—
994 1991 1046 2024 Ex
1062 1992 1171 2025 nimia
1190 1994 1370 2027 saturitate
1389 1994 1503 2027 oritur
1521 2006 1602 2027 cru-

923 2043 1012 2077 ditas
1025 2045 1207 2086 stomachi,
1217 2059 1283 2091 qua
1294 2059 1366 2080 non
1380 2056 1454 2080 erat
1463 2048 1602 2081 labora-

925 2106 1023 2130 turus
1036 2098 1205 2131 Martialis
1217 2124 1226 2140 ,
1242 2112 1353 2145 quum
1366 2100 1462 2133 cibos
1476 2099 1603 2134 crudos

924 2159 1130 2196 praetexeret
1153 2152 1294 2193 Naevia,
1318 2161 1422 2198 atque
1445 2166 1461 2185 a
1485 2166 1604 2187 mensa

925 2205 1078 2249 integros
1086 2205 1371 2250 auferri-juberet.
1381 2205 1491 2240 Ludit
1499 2207 1605 2240 Poeta

926 2257 962 2289 in
984 2257 1210 2302 ambiguitate
1230 2259 1324 2292 vocis
1339 2260 1463 2292 crmlas.

1322 2731 1423 2789 13⁵
