2061 3288
436 197 644 240 EPlGR
663 193 1018 238 AMMATUM
1058 192 1182 234 Llss.
1222 192 1305 233 lV.

1480 188 1578 248 [189

791 344 957 401 XCI.

685 496 754 523 Al.)
801 492 1033 522 LIBRUM.

1050 471 1068 487 4

379 619 508 667 Ona!
537 622 627 681 jain
660 622 760 664 satis
791 629 878 672 est,
907 618 991 661 obe
1018 614 1184 660 libelle!

379 696 474 737 Jam
497 692 774 753 pervenimus
801 706 937 750 usque
966 688 1019 731 ad
1047 686 1296 731 umbilicos:

376 766 442 807 Tu
470 762 706 824 procedere
731 760 899 816 adhuc,
923 769 966 804 et
989 760 1050 802 ire
1077 759 1256 819 quaeris;

379 836 470 879 Nec
502 849 670 878 summa
701 843 824 894 potes
851 833 893 874 in
923 829 1081 875 scheda
1111 830 1260 873 teneri.

377 906 445 949 Sic
469 915 674 966 tanquam
702 904 779 947 tibi
806 919 873 946 res
899 911 1075 963 peracta
1100 917 1189 944 non
1214 901 1291 954 sit,

223 1042 234 1055 '¹
260 1046 421 1079 Clausula
452 1053 501 1078 est
529 1045 596 1077 hoc
628 1044 839 1089 epigramma

170 1099 276 1133 totius
285 1099 366 1132 libri
375 1111 384 1140 3
396 1110 501 1144 quem
511 1096 702 1142 alloquitur
714 1097 841 1130 Noster

169 1164 334 1193 monens,
362 1160 401 1184 ut
431 1149 571 1184 tandem
598 1148 743 1182 modum
776 1149 841 1182 sibi

168 1205 269 1238 faciat
281 1203 524 1249 longitudinis,
534 1203 655 1236 lectori
665 1202 842 1243 molestiae,

168 1258 311 1291 librario
331 1258 468 1291 laboris.
486 1257 553 1290 ΕΙ).

229 1323 258 1344 1.
278 1311 454 1355 OlzeJJ'am
484 1312 561 1342 satis
597 1318 652 1342 est.
687 1309 842 1341 Imitatio

169 1364 375 1405 Horatiana,
391 1364 451 1397 lib.
472 1365 505 1403 Ι,
522 1371 583 1396 sat.
599 1375 618 1394 v
631 1389 639 1403 ‚
659 1370 692 1394 et
712 1361 770 1394 lib.
789 1362 840 1397 ΙΙ,

170 1425 230 1450 sat.
257 1429 310 1458 1¹3
332 1416 427 1449 unde
453 1415 631 1449 Juvenalis
646 1440 655 1455 ,
683 1423 747 1448 sat.
768 1426 821 1447 vu
835 1441 844 1456 ,

176 1487 188 1499 κ
210 1479 304 1504 satur
331 1478 380 1503 est
407 1482 515 1514 quum
541 1468 627 1502 dicit
651 1467 816 1501 Horatius
834 1493 842 1508 ,

171 1522 272 1555 Ohe!
303 1540 314 1552 n
338 1545 390 1549 —
412 1522 493 1556 Olze.
524 1522 585 1556 Est
612 1534 678 1555 vox
706 1520 841 1554 satieta-

171 1584 241 1608 tem
254 1576 448 1620 significans
464 1588 570 1609 morae
587 1574 843 1620 impatientem,

171 1636 272 1673 atque
295 1627 450 1662 taedium.
463 1627 517 1661 Sic
537 1637 570 1661 et
583 1627 696 1660 Plaut.
716 1627 751 1660 in
772 1628 844 1659 Au-

171 1681 232 1714 lul.
250 1690 315 1715 act.
335 1682 352 1714 I
367 1693 374 1714 :
394 1699 407 1710 ι
424 1680 582 1715 Abscede
603 1681 706 1713 etiam
725 1691 819 1712 nunc
832 1707 840 1719 ,

173 1734 275 1766 etiam
296 1747 390 1767 nunc
403 1760 412 1775 ,
426 1734 528 1767 etiam
545 1734 623 1766 ohe!
644 1745 750 1765 nunc.
765 1750 778 1762 ι
800 1733 844 1765 Et

173 1787 266 1820 Pers.
287 1795 347 1823 sat.
372 1799 408 1819 1:
429 1803 441 1813 α
466 1786 639 1820 Auriculis
662 1785 789 1831 quibus
811 1793 844 1818 et

172 1839 265 1873 dicas
283 1848 360 1873 cute
375 1839 532 1884 perditus
547 1852 554 1873 :
572 1839 667 1872 Ohe!
696 1856 709 1867 υ

229 1905 262 1925 2.
281 1893 431 1926 Juntina
450 1901 568 1926 nostra
599 1892 634 1925 in
664 1891 818 1936 margine
835 1917 844 1931 ,

173 1958 266 1991 usque
280 1946 325 1977 ad
337 1945 522 1978 umbilicum.
536 1965 587 1970 -—
601 1945 661 1978 Ad
674 1944 844 1977 umbilicos.

174 1999 225 2031 De
254 1997 399 2043 adagio,
425 1997 468 2031 de
499 1998 581 2043 ipsis
610 1997 784 2030 umbilicis
810 2005 843 2030 et

173 2051 346 2084 librorum
365 2051 579 2084 ornamentis
595 2076 604 2091 ,
632 2049 704 2083 vid.
724 2049 784 2082 lib.
808 2051 845 2090 I,

175 2104 284 2149 epigr.
319 2116 417 2137 van
435 2130 443 2145 ,
469 2117 519 2138 vs.
549 2115 611 2144 113
642 2111 675 2136 et
697 2102 757 2135 lib.
787 2103 842 2141 II,

174 2157 282 2201 epigr.
303 2169 361 2197 VI,
382 2169 431 2189 vs.
457 2168 469 2188 1
481 2169 510 2190 1.
526 2157 646 2198 Quum
662 2155 847 2188 umbilicus

175 2208 266 2254 apud
286 2211 458 2242 Romanos
481 2222 553 2242 non
572 2209 846 2254 impingeretur,

175 2262 239 2294 nisi
256 2270 330 2295 toto
349 2274 454 2307 opere
469 2262 626 2295 absoluto
641 2270 674 2294 et
685 2260 727 2293 ad
740 2261 845 2293 finem

174 2313 343 2359 perducto
358 2340 368 2357 ,
388 2315 468 2347 hinc
487 2315 532 2346 ud
550 2314 726 2346 umbilicum
743 2327 846 2358 perre-

174 2370 240 2399 11i1·e
262 2367 354 2400 idem
382 2375 471 2405 erat,
506 2379 544 2399 ac
572 2367 674 2399 finire
702 2374 736 2398 et
759 2379 846 2411 opus

175 2420 362 2464 perficere,
381 2420 429 2452 sic
459 2420 508 2451 ibi
534 2420 660 2452 Noster
677 2447 684 2459 ‚
713 2427 746 2451 et
771 2419 845 2451 haec

174 2472 361 2513 Horatius,
378 2471 490 2517 Epocl.
510 2473 610 2512 XIV,
635 2475 676 2505 6:
698 2490 710 2500 ιι
730 2473 824 2504 Deus
836 2497 844 2512 ‚

176 2527 270 2558 Deus
286 2538 365 2558 nam
380 2538 434 2558 me
449 2534 540 2557 vetat
560 2526 720 2569 Inccptos
732 2551 740 2565 ,
761 2524 844 2557 olim

175 2579 387 2623 promissum
424 2590 561 2610 carmen
576 2603 584 2616 ,
620 2578 750 2610 iambos
793 2576 844 2609 Ad

175 2631 379 2664 umbilicum
398 2630 579 2663 adducere.
600 2648 611 2659 ιι
639 2631 704 2662 Ευ.

957 1042 989 1074 3.
1019 1042 1068 1074 Tu
1088 1040 1258 1085 procedere
1284 1039 1386 1071 adhuc
1402 1065 1411 1078 ‚
1435 1046 1499 1070 etc.
1525 1037 1579 1069 Tu

901 1104 1037 1136 tamen,
1062 1107 1083 1127 o
1103 1093 1238 1135 libelle,
1262 1092 1314 1125 vis
1338 1091 1389 1125 ire
1412 1091 1574 1132 ulterius,

901 1160 1015 1193 neque
1057 1155 1242 1180 contentus
1271 1154 1462 1179 extremam
1500 1143 1580 1176 libri

902 1201 1064 1246 paginam
1083 1199 1281 1246 implevisse
1294 1224 1303 1240 ,
1324 1198 1422 1244 quasi
1445 1195 1579 1242 aliquid

902 1253 1015 1287 adhuc
1048 1254 1113 1286 tibi
1145 1253 1189 1287 sit
1224 1250 1424 1286 faciendum
1443 1263 1453 1292 ;
1483 1249 1580 1295 quasi

903 1306 1064 1340 nondum
1082 1306 1269 1352 perfeceris
1286 1317 1359 1338 rem
1376 1331 1384 1346 ,
1404 1316 1510 1350 quam
1527 1303 1581 1336 vel

903 1360 938 1393 in
982 1360 1094 1406 prima
1133 1359 1268 1405 paginae
1304 1366 1404 1404 parte
1441 1356 1555 1390 fecisti
1572 1382 1581 1397 ,

903 1426 1030 1458 nempe
1053 1422 1090 1446 ut
1108 1414 1274 1447 lectorem
1297 1411 1437 1445 satiares
1459 1422 1498 1444 ac
1524 1417 1582 1443 tae-

903 1465 963 1499 dio
980 1466 1157 1500 afficeres:
1176 1466 1224 1499 sic
1244 1465 1305 1498 lib.
1324 1465 1359 1497 II
1372 1489 1381 1504 ‚
1401 1463 1508 1509 epigr.
1524 1474 1561 1495 VI
1573 1487 1582 1503 ‚

905 1533 952 1553 vs.
972 1534 990 1553 2
1003 1545 1012 1560 .,
1034 1537 1047 1549 α
1063 1519 1177 1553 Lectis
1192 1519 1250 1552 vix
1264 1518 1329 1551 tibi
1345 1517 1482 1563 paginis
1498 1513 1584 1548 dua-

903 1574 967 1606 bus
986 1572 1126 1618 Spectas
1149 1571 1385 1616 ἐσχατοκώλιον
1398 1595 1408 1612 .,
1430 1569 1557 1603 Severe
1573 1593 1581 1610 ‚

904 1626 947 1659 Et
968 1626 1086 1671 longas
1109 1625 1216 1659 trahis
1236 1624 1475 1658 oscitationes.
1493 1639 1507 1652 n

958 1683 991 1719 4.
1021 1679 1090 1712 Nec
1114 1691 1233 1711 summa
1254 1685 1345 1723 potes
1369 1679 1400 1709 in
1420 1676 1507 1708 scola
1525 1687 1584 1709 co-

904 1730 970 1764 dex
993 1732 1237 1772 Florentinus3
1257 1731 1326 1763 Nec
1353 1743 1471 1762 summa
1494 1736 1584 1774 potes

905 1786 937 1815 ιἰι
956 1785 1061 1816 schola
1076 1783 1188 1817 codex
1201 1783 1402 1816 Vaticanus.
1423 1782 1491 1815 Nec
1501 1794 1584 1813 sum-

906 1849 955 1868 mu
983 1845 1073 1881 potes
1101 1840 1132 1869 in
1165 1836 1247 1869 stola
1280 1835 1422 1881 conjicit
1454 1835 1583 1867 Bever-

905 1888 1041 1922 landus.
1064 1911 1116 1916 -—
1129 1889 1319 1923 Summum..
1336 1888 1464 1920 scheda.
1482 1886 1585 1920 Sche-

905 1941 949 1975 da
977 1951 1027 1976 est
1054 1943 1198 1988 proprie
1229 1942 1342 1975 omnis
1367 1941 1504 1978 charta,
1532 1947 1583 1972 ta-

906 1996 1019 2037 bella,
1050 1997 1103 2029 vel
1134 2007 1310 2041 papyrus,
1338 1994 1391 2026 vel
1420 1993 1584 2040 philyra,

906 2047 1042 2081 aliudve
1063 2049 1100 2081 iu
1122 2061 1192 2094 quo
1209 2048 1408 2081 scribebant
1423 2045 1583 2091 Antiqui.

906 2102 1035 2135 Summa
1046 2102 1160 2134 scheda
1172 2102 1230 2134 hic
1246 2114 1312 2146 pro
1329 2108 1480 2133 extrema
1501 2098 1581 2132 libri

906 2155 1030 2200 pagina
1053 2154 1248 2200 accipitur;
1269 2166 1388 2186 summa
1413 2152 1506 2185 enim
1526 2164 1584 2184 ex-

907 2216 1015 2240 trema
1049 2216 1120 2248 est,
1146 2208 1237 2241 sicut
1265 2220 1400 2239 summus
1419 2206 1502 2246 dies,
1527 2217 1585 2237 ex-

908 2268 1038 2293 tremus
1057 2259 1140 2294 dies.
1166 2260 1232 2292 Vel
1260 2272 1325 2304 pro
1350 2272 1410 2292 ora
1435 2267 1470 2291 et
1492 2270 1584 2290 mar-

907 2313 985 2357 gine
996 2313 1077 2346 libri
1095 2313 1243 2346 sumitur
1256 2338 1264 2353 ,
1280 2311 1377 2357 quod
1394 2310 1584 2344 verisimile

908 2365 1021 2398 minus
1056 2366 1141 2399 mihi
1175 2364 1328 2398 videtur.
1370 2366 1423 2397 De
1457 2362 1583 2397 scheda

906 2417 986 2451 vide
1011 2418 1213 2460 Vitellium,
1235 2431 1309 2463 cap.
1336 2418 1370 2450 3.

962 2471 993 2504 5.
1006 2471 1058 2504 Sic
1077 2480 1223 2517 tanquam
1241 2471 1298 2503 tibi
1317 2484 1362 2502 res
1374 2478 1507 2515 peracta
1524 2482 1584 2500 mm

905 2526 955 2555 sit.
974 2523 1081 2556 Ludit
1102 2525 1204 2557 Poeta
1229 2524 1264 2556 in
1287 2524 1344 2556 vb.
1365 2537 1410 2555 res
1427 2529 1556 2567 peracta
1575 2535 1584 2553 .-

906 2589 977 2609 rein
997 2577 1090 2609 enini
1111 2590 1273 2622 peragere
1292 2585 1362 2616 est,
1386 2589 1448 2609 suo
1470 2588 1587 2607 muue-

908 2643 943 2661 πυ
962 2628 1115 2675 defungi.
1141 2630 1317 2674 Significat
1336 2642 1343 2662 .·
1362 2631 1432 2672 jam
1460 2628 1584 2672 plenus
