2061 3288
418 240 1004 286 EPIGRAMMATUM
1043 240 1168 283 LIB.
1209 242 1242 283 Ι.

1444 242 1529 295 ιζμ

270 330 368 374 Plus
391 340 536 374 tamen
556 339 644 386 est,
666 327 792 372 titulo
816 327 935 389 quod
956 327 1156 372 breviore
1177 326 1281 389 legis
1299 346 1307 371 :

204 404 395 445 FUNCTU
443 410 627 461 uterquc
660 416 782 444 sacro
812 398 995 443 laudatae
1026 397 1187 442 foedere
1214 399 1338 455 vitae,
1527 419 1540 442 5

267 474 484 532 1⁴‘a1naque
514 470 630 532 quod
663 487 761 515 raro
789 470 935 526 novit,
959 470 1124 514 amicus
1152 479 1257 514 erat.

128 604 211 638 dine
228 613 429 650 praestarent
444 631 452 646 ,
469 617 510 637 eo
529 604 632 637 fiebat
645 631 653 645 ‚
672 613 711 637 ut
731 604 803 650 pri-

130 671 206 691 mus
244 658 405 691 centurio
446 657 666 690 Triariorum
686 683 695 698 ,
731 670 803 690 non

130 710 236 744 inodo
263 711 406 756 reliquis
428 723 554 744 novem
585 710 805 743 Triariorum

130 763 418 806 centurionibus,
442 777 562 798 verum
590 764 695 796 etiam
723 763 804 796 reli-

130 818 205 862 quis
221 817 442 850 Hastatorum
460 826 493 850 et
510 817 712 862 Principum
729 829 806 849 cen-

130 871 328 903 turionibus
342 870 513 915 imperare
528 878 653 916 posset.
670 871 805 903 Verum

129 922 166 956 id
201 935 369 969 perquam
404 936 484 956 raro
513 924 639 956 factum
666 923 805 968 opinari

129 976 267 1009 licitum
284 984 333 1009 est
348 1003 357 1017 ‚
382 977 515 1022 quippe
535 988 647 1022 quum
662 976 699 1008 in
721 988 806 1021 prae-

129 1029 185 1062 liis
203 1030 388 1075 separatim
408 1029 534 1074 singuli
554 1028 694 1062 ordines
708 1056 717 1070 ‚
735 1030 805 1062 Ha-

131 1082 231 1123 stati,
258 1082 458 1128 Principes,
489 1082 637 1121 Triarii,
672 1095 805 1127 pugna-

131 1144 221 1168 rent.
240 1135 343 1177 Quod
367 1136 393 1168 si
417 1136 549 1168 Hastati
572 1144 605 1168 et
625 1136 806 1180 Principes

132 1189 210 1221 loco
226 1189 329 1230 moti,
347 1189 484 1234 fusique
498 1189 540 1221 ab
553 1189 711 1222 hostibus
725 1189 807 1221 fuis-

133 1249 228 1282 sent,
247 1250 329 1275 tunc
351 1242 497 1282 Triarii,
516 1242 730 1286 fugientibus
749 1254 806 1274 ex-

132 1295 241 1339 ceptis
255 1320 264 1334 ‚
283 1304 447 1328 renovata
468 1307 604 1340 pugna,
625 1295 741 1327 hostes
757 1295 808 1327 in-

133 1346 322 1389 vadebant,
342 1359 473 1393 eosque
494 1347 628 1380 Hastati
648 1356 681 1380 et
705 1348 807 1380 Prin-

134 1401 252 1445 cipes⁷
284 1400 391 1433 modo
419 1400 522 1437 victi,
556 1401 806 1446 sequebantur.

134 1454 187 1486 Ita
198 1453 378 1499 permixtis
395 1452 597 1494 ordinibus,
614 1466 723 1486 unum
737 1466 808 1487 esse

134 1507 340 1551 oportebat,
366 1508 464 1551 cujus
492 1507 667 1540 voluntati
688 1515 722 1540 et
742 1507 808 1540 im-

135 1559 232 1604 perio
260 1560 388 1593 milites
417 1572 536 1593 omnes
566 1568 752 1605 parerent3
780 1560 809 1593 is

135 1621 249 1645 autem
287 1613 421 1658 primus
452 1613 633 1654 centurio,
665 1613 703 1646 id
736 1622 786 1646 est
799 1639 809 1654 ‚

136 1666 319 1710 Primisn'lus
350 1666 434 1707 fuit,
467 1666 526 1712 qui
555 1679 667 1712 quum
687 1667 810 1712 aquilae

138 1727 312 1763 praeesset‚
330 1727 363 1751 et
377 1719 467 1752 inter
480 1719 703 1752 centuriones
715 1720 812 1754 Tria-

137 1771 269 1806 riorum
292 1772 446 1817 primum
472 1773 587 1805 locum
616 1773 811 1814 obtineret,

136 1826 214 1868 jure
241 1825 404 1858 omnibus
432 1826 651 1870 reliquorum
673 1837 813 1871 quoque

138 1877 305 1910 ordinum
354 1879 618 1912 centurionibus
664 1879 814 1924 impera-

141 1931 209 1964 bat.
230 1931 296 1964 En.

195 1986 287 2024 4111
318 1984 527 2030 quibusdam
561 1984 665 2018 codd.
697 1986 814 2018 Inscri-

859 611 948 648 ptum
970 611 1016 636 est
1030 631 1038 644 ,
1065 605 1156 636 titulo
1175 604 1262 649 quod
1284 604 1420 637 breviore
1444 606 1538 650 leges.

863 656 965 690 Bodl.
984 657 1114 690 habet:
1136 657 1323 702 [ascriptum
1344 658 1435 691 titulo
1456 660 1542 704 quod

864 710 999 743 breviore
1010 710 1097 755 legis.
1111 730 1164 737 —-
1176 710 1256 743 Plus
1271 719 1372 744 tamen
1384 720 1440 745 est.
1455 713 1540 746 Sen-

863 775 920 795 sus
941 771 1018 796 est:
1041 763 1209 808 Magnum
1235 772 1285 798 est
1311 763 1454 810 quidem
1482 778 1540 799 eos

863 815 968 849 fuisse
978 815 1194 861 primipi1033
1209 819 1321 863 majus
1337 825 1454 851 autem
1468 831 1540 861 eos,

863 869 943 902 licet
958 868 1137 915 dignitatis
1151 871 1294 904 aemulos
1305 896 1315 912 ‚
1333 871 1439 904 fuisse
1453 871 1541 905 arni-

865 934 933 956 cos.
956 922 1048 956 Huic
1065 923 1167 956 titulo
1193 924 1406 969 Primt'pt'lares
1427 934 1517 958 erant
1530 952 1540 967 ‚

863 984 1039 1021 antepono
1061 976 1156 1010 hunc
1175 977 1318 1010 titulum
1341 979 1541 1012 breviorem

864 1029 901 1061 in
912 1029 1093 1074 utriusque
1107 1030 1288 1075 epitaphio
1297 1041 1540 1075 memoratum;

866 1084 982 1114 amicus
1000 1090 1077 1115 crat.
1098 1083 1164 1115 ΕΙ).

921 1135 954 1168 5.
976 1136 1067 1168 Sunt
1085 1136 1144 1181 qui
1162 1137 1277 1182 legant
1289 1138 1429 1181 junctus.
1450 1138 1538 1173 Cod.

866 1187 1043 1222 Arondell.
1065 1189 1204 1222 exhibet
1221 1202 1228 1222 z
1251 1190 1391 1223 laudatae
1404 1192 1541 1236 pondere

865 1244 953 1274 viae.
970 1263 1022 1267 —-
1036 1242 1189 1276 Functus.
1206 1243 1284 1277 Hoc
1300 1242 1476 1278 distichon
1494 1247 1543 1279 in-

865 1294 1035 1339 scriptum
1055 1295 1236 1340 legebatur
1260 1296 1296 1329 in
1318 1298 1464 1331 tumulo.
1490 1321 1542 1326 —

867 1347 965 1380 Sacro
997 1348 1136 1381 laudatae
1155 1350 1288 1392 finiere.
1316 1351 1436 1384 Vitam
1462 1364 1541 1397 egc-

866 1409 950 1434 runt
964 1401 1094 1435 virtute
1111 1410 1144 1435 et
1160 1403 1261 1435 bonis
1279 1403 1437 1437 moribus
1452 1417 1544 1438 com-

867 1453 1078 1488 mendatam.
1112 1454 1295 1489 Videntur
1334 1457 1427 1490 enim
1446 1484 1455 1499 ‚
1483 1459 1545 1504 qui

868 1507 916 1540 sic
936 1507 1083 1548 vivunt,
1105 1520 1187 1541 cum
1206 1510 1336 1543 virtute
1354 1509 1464 1545 foedus
1481 1524 1544 1557 pe-

869 1559 1006 1606 pigisse.
1025 1562 1228 1596 Ramiresias.

923 1615 955 1647 6.
988 1615 1028 1647 In
1057 1614 1182 1648 eodem
1209 1615 1288 1649 cod.
1310 1630 1423 1657 rat-05;
1451 1617 1545 1652 unde

870 1666 1028 1701 Gronov.
1050 1668 1213 1715 Famaque
1240 1683 1302 1715 qua
1328 1683 1416 1703 raros
1437 1673 1542 1711 novit,

870 1729 934 1754 etc.
949 1732 1054 1765 quein
1068 1734 1083 1753 x
1093 1720 1139 1754 id.
1150 1722 1242 1755 inter
1255 1735 1328 1756 var.
1342 1732 1451 1757 notas.
1469 1725 1546 1757 Hoc

870 1773 1036 1806 ultimum
1058 1774 1234 1808 distichon
1255 1776 1324 1809 alio
1350 1777 1548 1811 charactere

869 1826 999 1871 legitur
1014 1827 1050 1859 in
1067 1829 1228 1861 omnibus
1240 1828 1312 1862 fere
1327 1830 1436 1863 libris.
1454 1830 1547 1863 Vide

873 1879 918 1912 ad
938 1892 986 1913 vs.
1010 1884 1043 1920 4.
1060 1901 1112 1907 —-
1134 1881 1232 1925 Quod
1245 1896 1318 1915 raro
1339 1885 1432 1916 novit.
1457 1884 1547 1917 Rara

874 1933 969 1965 enim
990 1932 1081 1966 inter
1103 1932 1282 1979 dignitatis
1300 1937 1445 1970 aemulos
1464 1949 1548 1969 con—

874 1984 1007 2020 cordia.
1018 1987 1085 2020 En.

749 2114 941 2172 XCV.

462 2251 531 2280 AD
571 2252 756 2282 AEGLEN
796 2254 1184 2285 FELLATRICEM.
1217 2236 1236 2254 '⁶

355 2369 591 2412 CANTASTI
615 2369 748 2426 male,
773 2370 878 2414 dum
904 2371 1046 2417 fututa
1068 2390 1136 2430 es⁷
1157 2374 1293 2435 AEgle.

352 2440 448 2482 Jam
475 2449 624 2483 cantas
650 2440 786 2497 bene3
815 2441 1022 2487 basianda
1047 2461 1136 2488 non
1160 2462 1217 2489 es.

197 2572 210 2586 '
228 2578 268 2609 In
280 2576 383 2621 hujus
400 2577 657 2622 epigrammatis
673 2579 820 2613 lectione

146 2630 240 2662 nulla
270 2630 416 2663 varietas
444 2639 493 2664 cst
521 2631 557 2664 in
587 2630 763 2667 codicibus
789 2642 822 2667 et

144 2682 241 2715 libris
264 2683 447 2728 impressis.

940 2594 951 2614 1
962 2608 970 2615 .
986 2582 1134 2616 Cantasti
1148 2586 1238 2618 male.
1255 2586 1345 2620 Huic
1363 2590 1535 2624 meretrici
1549 2618 1557 2632 ,

881 2634 1051 2679 quamdiu
1067 2637 1205 2681 juvenis
1226 2640 1280 2672 sui
1299 2641 1436 2686 copiam
1453 2643 1554 2682 fecit,

883 2697 1059 2721 venustam
1072 2689 1215 2734 quidem
1230 2693 1376 2727 formam
1388 2708 1459 2730 esse
1470 2724 1478 2738 ‚
1493 2710 1558 2730 vo-
