2061 3288
478 220 542 284 96

857 221 918 264 M.
941 221 1082 264 VAL.
1122 221 1512 267 MARTIALIS

689 309 863 354 Infante
885 310 1077 353 cinctum
1100 309 1286 354 sordido.

618 380 868 426 Vocabitur
893 389 1096 437 venator⁷
1123 390 1167 424 et
1191 383 1336 425 veniet
1360 382 1436 425 tibi

686 452 886 496 Conviva
911 450 1122 495 clamatus
1149 469 1313 513 prope:
1470 483 1485 500 μ
1853 475 1887 499 30

616 525 789 567 Lunata
810 538 1025 583 nusquam
1048 521 1193 583 pellis,
1220 532 1263 566 et
1286 539 1500 585 nusquam
1523 533 1649 585 toga,

689 593 915 654 Olidaeque.
936 602 1077 637 vestes
1098 594 1264 637 murice
1285 611 1294 637 :

613 663 770 709 Procul
792 662 997 708 horridus
1019 664 1241 708 Liburnus
1255 700 1265 720 ‚
1290 674 1334 708 et
1353 664 1558 725 querulus
1583 664 1716 710 cliens
1730 701 1740 721 ‚

687 736 880 796 Imperia
904 734 1133 778 viduarum
1158 734 1323 796 procul.

533 862 592 894 28.
607 860 734 902 Infante
743 861 862 891 cinctus
872 859 969 892 Junt.
988 867 1021 891 et
1038 859 1155 893 Colin.

476 935 529 943 .-.
560 913 707 947 Sordido.
738 911 861 945 Villici
892 911 968 945 filio
1000 924 1156 957 pannoso

478 977 512 1002 et
536 965 745 1013 squalidulo.

534 1034 594 1065 29.
612 1021 630 1053 Ι
640 1019 789 1052 'enabitur
803 1026 935 1051 ‘vocatus
950 1018 1072 1064 legunt
1088 1018 1157 1060 alii,

478 1074 500 1108 i.
524 1087 554 1108 e.
571 1073 715 1107 conviva
736 1084 842 1118 quem
864 1071 960 1104 voles
983 1084 1001 1104 e
1020 1071 1156 1105 vicinis.

479 1127 572 1161 Vide
597 1127 658 1160 lib.
682 1127 752 1166 ΙΙΙ,
777 1125 885 1170 epigr.
907 1137 1020 1166 Lv111‚
1040 1137 1071 1158 v.
1095 1129 1156 1165 41.

478 1204 529 1208 —
550 1181 701 1213 Venator.
722 1178 930 1211 venationis
953 1186 1020 1211 tuae
1041 1178 1157 1212 socius

480 1234 522 1268 ad
542 1247 676 1267 coenam
698 1231 914 1266 invitabitur.

535 1288 592 1321 3ο.
623 1286 799 1320 clamatus.
827 1285 909 1318 Non
939 1297 1040 1318 servo
1068 1297 1158 1331 opus

479 1342 545 1375 erit
564 1340 607 1374 ad
629 1338 849 1373 invitandum
868 1351 948 1371 eum
972 1350 1098 1384 quem,
1120 1346 1158 1371 ut

477 1404 562 1440 pote
589 1393 766 1434 vicinum,
791 1392 867 1437 ipse
890 1404 973 1425 voce
1005 1399 1068 1425 tua
1093 1404 1158 1437 po-

479 1449 561 1482 teris
600 1460 618 1479 e
651 1446 854 1492 propinquo
886 1444 1063 1490 appellare
1077 1470 1086 1486 ‚
1121 1444 1157 1476 in

479 1514 626 1535 coenam.

537 1555 555 1589 3
567 1568 579 1588 1
590 1581 597 1588 .
610 1555 737 1587 Lunata
756 1552 871 1597 legere
887 1551 1000 1596 placet
1011 1550 1159 1592 Colero;

481 1608 541 1641 sed
568 1620 638 1653 quo
667 1608 744 1651 jure
769 1613 907 1650 recepta
932 1604 1035 1637 lectio
1064 1604 1159 1637 solli-

483 1661 584 1696 citari
613 1668 738 1706 queat,
764 1670 835 1691 non
857 1656 953 1691 videt
974 1656 1158 1691 Heraldus.

482 1737 534 1742 -—-
556 1715 682 1747 Lunata
704 1724 854 1757 nusquam
880 1711 985 1756 pellis.
1016 1709 1057 1743 Id
1084 1719 1134 1743 est
1150 1736 1160 1751 ,

482 1781 556 1802 non
579 1766 727 1800 aderunt
744 1765 879 1798 nobiles
898 1764 1069 1805 Romani,
1088 1764 1161 1809 qui-

482 1824 547 1856 bus
578 1821 684 1853 moris
719 1827 791 1852 erat
815 1818 924 1850 Lunae
946 1818 1091 1850 formam
1124 1817 1160 1850 in

481 1875 603 1909 calceis.
636 1881 767 1918 gestare
794 1878 833 1904 ut
863 1871 1100 1916 significarent
1125 1882 1161 1903 se

482 1930 525 1963 ab
555 1925 719 1961 Evandro
745 1937 852 1970 genus
880 1937 981 1957 suuni
1002 1932 1160 1969 repetere

483 1982 546 2028 qui
566 1981 638 2027 ipse
658 1992 675 2012 a
691 1980 791 2012 Luna
808 1986 924 2010 ortum
944 1990 980 2010 se
997 1976 1135 2010 dicebat
1151 1988 1161 2018 ;

484 2036 538 2068 vel
556 2047 625 2067 non
645 2032 793 2066 aderunt
806 2031 942 2064 nobiles
956 2057 965 2072 ‚
984 2030 1111 2076 quibus
1124 2029 1160 2062 in

484 2088 606 2123 calceis
622 2086 756 2119 luuulae
769 2085 915 2117 formam
931 2093 1063 2129 gestare
1085 2096 1160 2116 ino·

483 2144 531 2176 ris
553 2149 642 2182 erat,
659 2139 811 2172 litteram
827 2137 958 2171 scilicet
973 2137 1000 2170 C
1012 2161 1020 2173 ‚
1041 2145 1161 2170 notam

486 2192 677 2229 centenarii
709 2192 846 2225 numeri
878 2190 1105 2236 patriciorum
1143 2202 1161 2222 a

485 2248 637 2284 Romulo
654 2245 907 2278 institutorum.
920 2242 1012 2276 Vide
1028 2251 1061 2275 et
1077 2255 1161 2276 con-

482 2306 635 2349 jecturas
662 2298 838 2332 Plutarch.
871 2297 989 2330 Probl.
1025 2298 1086 2341 76.
1107 2318 1159 2322 --

486 2358 649 2401 Nusquam
673 2361 757 2396 toga.
779 2351 858 2384 Non
884 2350 990 2395 togati
1011 2357 1161 2382 anteam-

485 2409 652 2445 bulones,
675 2405 816 2438 clientes
836 2413 869 2437 et
889 2403 1004 2436 caeteri
1021 2410 1160 2449 sportu-

486 2464 597 2495 larum
642 2459 958 2503 salutationumque
1003 2456 1136 2489 asseclae
1152 2481 1160 2496 ‚

487 2516 550 2549 lib.
577 2515 622 2546 X.
648 2512 759 2557 epigr.
786 2523 907 2549 XLVII,
938 2522 1025 2543 vers.
1061 2514 1106 2551 4;
1129 2517 1163 2542 et

486 2569 596 2614 epigr.
617 2577 664 2598 LI.

545 2622 603 2654 32.
625 2617 802 2663 Olz'doeque.
823 2617 899 2650 Hoc
912 2624 963 2649 est
975 2642 983 2656 ‚
999 2615 1066 2649 viri
1077 2628 1162 2661 pur-

488 2687 575 2722 pura
610 2670 724 2704 induti
751 2682 758 2702 ε
789 2678 876 2703 teter
908 2669 1040 2714 quippe
1075 2667 1163 2702 odor

1215 859 1445 904 proveniebat
1463 871 1505 893 ex
1520 859 1610 894 lotio
1633 872 1703 906 quo
1721 868 1893 906 tempera-

1214 912 1319 946 batur
1336 925 1505 958 purpura.
1521 935 1574 940 ——
1589 913 1715 947 Murex
1730 922 1780 947 est
1793 913 1894 959 pisci-

1214 966 1312 999 culus
1344 978 1362 998 e
1390 967 1490 1010 cujus
1516 978 1618 1001 succo
1641 966 1695 1000 vel
1723 967 1893 1011 sanguine

1214 1018 1256 1052 fit
1276 1031 1445 1065 purpura.

1276 1072 1335 1106 33.
1376 1073 1499 1105 Procul
1538 1071 1683 1105 horridus
1720 1073 1890 1106 Liburnus.

1214 1126 1334 1159 Romae
1363 1125 1510 1159 Liburni
1532 1119 1688 1171 (species
1703 1124 1893 1159 hominum

1213 1178 1348 1224 ingenti
1367 1186 1497 1212 statura
1511 1205 1519 1222 ,
1533 1187 1567 1212 et
1583 1179 1727 1212 robusto
1746 1190 1893 1224 corpore

1214 1226 1406 1277 insignita)
1429 1241 1469 1266 ut
1488 1233 1732 1272 sarcinatores,
1755 1232 1893 1266 lectica-

1215 1285 1278 1327 rii,
1292 1298 1363 1318 uno
1377 1286 1486 1318 verbo
1501 1284 1643 1331 quando
1654 1284 1790 1318 viribus
1804 1298 1892 1331 opus

1215 1347 1287 1371 erat
1307 1338 1578 1373 adhibebantur.
1600 1336 1741 1371 Exinde
1759 1338 1796 1370 in
1815 1351 1892 1371 om-

1214 1392 1317 1424 nibus
1352 1391 1437 1424 vicis
1454 1418 1463 1433 ,
1494 1392 1632 1438 viisque
1669 1390 1765 1423 urbis
1796 1391 1893 1424 obvii

1215 1444 1344 1478 fiebant
1359 1471 1368 1486 ‚
1398 1453 1431 1478 et
1456 1445 1524 1478 hoc
1553 1453 1604 1479 est
1634 1442 1731 1490 quod
1761 1443 1891 1478 Nostro

1215 1510 1320 1543 grave
1351 1496 1492 1531 videtur
1524 1506 1670 1544 propter
1700 1494 1893 1531 foeditatem

1214 1551 1356 1584 habitus
1374 1552 1564 1596 vultusque
1585 1551 1689 1597 hujus
1709 1550 1843 1594 gentis,
1859 1558 1894 1584 et

1215 1612 1402 1649 propterea
1423 1604 1503 1637 vitae
1518 1605 1673 1645 rusticae,
1697 1602 1759 1635 ubi
1776 1603 1815 1636 hi
1832 1603 1893 1636 Li-

1216 1658 1325 1690 burni
1337 1670 1408 1690 non
1422 1658 1666 1698 inveniuntur,
1677 1653 1821 1690 delicias
1837 1669 1893 1690 ce-

1215 1710 1339 1744 lebrat.
1366 1710 1421 1743 Sic
1455 1711 1660 1750 Juvenalis‚
1694 1708 1775 1751 III,
1807 1713 1892 1750 240.

1220 1781 1233 1793 «
1252 1763 1400 1796 vehetur
1418 1764 1520 1797 Dives
1534 1791 1543 1805 ‚
1560 1764 1605 1798 Et
1624 1762 1759 1809 ingenti
1778 1770 1895 1796 curret

1217 1829 1323 1862 super
1345 1829 1405 1850 ora
1428 1817 1598 1850 Liburno.
1622 1834 1635 1847 u
1667 1814 1723 1850 Cf.
1744 1815 1893 1861 Ruperti

1217 1870 1275 1903 hic
1295 1868 1436 1911 (Nostr.
1455 1870 1590 1904 collect.
1611 1879 1634 1904 t.
1656 1872 1694 1912 I,
1711 1882 1745 1915 p.
1768 1882 1781 1902 1
1793 1863 1865 1914 59)
1882 1894 1893 1909 ‚

1217 1931 1252 1956 et
1267 1923 1465 1968 Boettegeri
1481 1923 1622 1964 Sabina,
1650 1937 1738 1958 vers.
1758 1922 1836 1967 gall.
1857 1935 1891 1967 p.

1220 1976 1307 2020 375.
1330 1977 1398 2010 ΕΙ).
1416 1998 1468 2002 —-
1487 1977 1644 2021 Querulus
1671 1978 1776 2010 cliens.
1810 1975 1893 2009 Fre-

1217 2029 1407 2074 quentibus
1435 2030 1584 2074 querelis
1607 2039 1757 2075 patrono
1785 2028 1894 2062 mole-

1217 2090 1288 2115 stus
1301 2107 1311 2123 ‚
1327 2090 1361 2115 et
1377 2082 1501 2127 saepius
1518 2084 1559 2115 ab
1576 2095 1616 2116 eo
1633 2084 1748 2123 cibos,
1765 2089 1892 2124 vestes,

1217 2134 1419 2180 praesidium
1435 2161 1444 2176 ‚
1464 2143 1528 2169 etc.
1549 2135 1751 2182 efflagitans.

1273 2187 1332 2229 34.
1352 2189 1488 2234 Imperia
1504 2189 1681 2223 viduarum.
1698 2187 1826 2223 Viduae
1844 2186 1895 2220 di·

1217 2241 1305 2274 vites
1321 2250 1353 2275 et
1364 2243 1457 2275 orbae
1471 2242 1673 2276 colebantur
1692 2243 1734 2276 ab
1749 2239 1896 2274 haeredi·

1219 2295 1310 2340 petis
1337 2295 1397 2340 qui
1427 2295 1552 2329 multas
1577 2296 1619 2328 ab
1648 2296 1689 2329 iis
1719 2292 1894 2328 molestias

1220 2347 1388 2381 devorare
1416 2349 1638 2393 cogebantur.
1668 2369 1721 2375 —-
1751 2347 1819 2380 Vel
1839 2346 1893 2379 in-

1220 2401 1337 2447 tellige
1355 2400 1476 2434 viduas
1491 2428 1499 2443 ‚
1516 2402 1664 2435 mortuis
1680 2401 1764 2434 viris
1777 2399 1895 2432 omnia

1222 2455 1258 2487 in
1282 2455 1411 2487 familia
1434 2453 1736 2495 administrantes,
1759 2452 1895 2486 clienti-

1221 2508 1286 2541 bus
1305 2516 1339 2541 et
1358 2508 1492 2541 libertis
1505 2533 1514 2547 ,
1535 2516 1598 2540 etc.
1618 2507 1896 2552 imperantes.—

1223 2561 1450 2606 Arrogantius
1485 2569 1599 2594 autem
1638 2560 1812 2605 imperant
1845 2558 1896 2591 fe-

1222 2614 1325 2647 minae
1351 2626 1456 2659 quam
1487 2613 1575 2653 viri,
1603 2621 1641 2646 ut
1664 2613 1712 2646 ait
1736 2611 1894 2646 Juvenal.

1229 2684 1241 2697 (ι
1264 2666 1519 2701 Intolerabilius
1546 2665 1634 2700 nihil
1652 2674 1701 2700 est
1723 2677 1826 2711 quam
1846 2664 1896 2697 fe-
