2061 3288
468 250 479 277 1
496 250 558 277 Ου

837 231 898 274 M.
930 231 1069 274 VAL.
1110 231 1501 275 MARTIALIS

670 321 766 363 Hoc
799 319 832 361 si
863 328 1015 379 terque
1046 328 1286 379 quaterque
1317 317 1574 375 clamitaris,

668 393 876 450 Impones
908 388 1120 450 plagiario
1147 389 1374 450 pudorem.

458 519 699 568 prehendebat
711 545 719 561 ,
736 528 770 553 et
786 520 834 552 ita
849 518 985 552 dicebat
1004 530 1012 551 :
1031 518 1137 551 Hunc

458 587 527 609 EGO
548 585 724 608 nomiman
745 585 789 606 Ex
806 584 899 605 JURE
923 572 1137 613 leu‘rmiit

460 640 572 663 MEUM
607 639 683 661 ESSE
720 638 780 659 ‚no
809 636 1008 659 SECUNDUM
1042 636 1137 657 SUAM

460 693 617 722 mesni,
631 692 732 714 SICUT
747 691 828 712 mxt
840 704 848 719 ,
863 690 947 712 ECCE
963 689 1040 710 TIBI
1058 689 1140 710 vm*-

460 746 597 768 mcmnt
625 745 798 775 1MPosU13
823 740 857 765 et
885 731 979 764 simul
1000 730 1139 763 homini

459 791 625 822 festucam
658 786 876 832 imponebat.
912 783 1139 817 Adversarius

460 853 545 874 vero
565 853 624 873 seu
646 848 796 873 assertor
814 837 984 871 libertatis
1002 836 1140 870 dicebat

460 902 582 928 contra
593 894 687 926 hunc
697 892 879 925 hominem
890 903 962 923 esse
975 890 1027 923 sui
1038 889 1140 934 juris,

459 960 520 981 seu
537 947 618 992 quia
634 958 669 979 se
683 946 873 990 ingenuum
888 943 1139 989 profitebatur,

460 1014 519 1034 seu
542 1000 624 1045 quia
648 998 881 1031 manumissus
902 997 1014 1029 fuerat
1035 1008 1054 1029 a
1074 994 1138 1028 do-

459 1054 630 1101 minon&
657 1050 785 1084 deinde
813 1051 980 1082 festucam
1011 1047 1140 1081 identi-

459 1106 540 1139 dem
557 1105 695 1138 homini
708 1103 922 1150 imponebat.
938 1103 1039 1134 Tunc
1056 1113 1141 1146 prae-

459 1170 515 1193 tor
537 1171 597 1191 seu
615 1159 687 1203 ipse
705 1156 749 1191 de
769 1168 870 1190 causa
889 1155 1139 1200 cognoscebat,

458 1226 518 1246 seu
556 1212 676 1257 potius
712 1210 868 1255 judicem
907 1208 1142 1241 constituebat

459 1266 521 1312 qui
541 1264 585 1297 de
606 1265 696 1297 facto
717 1270 953 1308 cognosceret.
974 1261 1030 1295 Cf.
1051 1261 1138 1294 GAJ.

460 1320 599 1351 Comm.
619 1318 682 1358 IV,
712 1313 730 1354 S
767 1319 810 1349 16
841 1324 873 1348 et
906 1327 980 1359 sqq.
1006 1315 1072 1346 En.
1091 1336 1140 1341 --

460 1373 621 1417 Μαηιιιμιε
633 1373 749 1402 nu'ssos.
761 1367 932 1402 Eamtlem
943 1366 1141 1412 allegoriam

462 1425 616 1458 hominis
636 1423 760 1463 liberi,
782 1422 845 1467 qui
863 1422 991 1465 injuste
1010 1419 1143 1452 detine-

461 1488 521 1511 tur
545 1479 580 1510 in
604 1476 772 1509 servitute
788 1501 796 1515 ‚
824 1473 1044 1520 persequitur
1072 1472 1142 1505 hoc

461 1543 564 1564 sensu
592 1544 599 1564 :
629 1530 762 1561 Versus
802 1539 898 1560 111605
930 1525 1140 1564 manumisi,

463 1584 499 1617 id
529 1591 600 1624 est,
621 1580 718 1615 edidi
749 1582 785 1613 in
813 1581 946 1619 luctum
974 1591 1038 1612 nec
1066 1578 1140 1623 plau

463 1637 590 1683 giarius
604 1635 707 1669 debet
718 1647 775 1667 eos
789 1632 947 1666 detinere
957 1658 966 1673 ⁷
980 1641 1144 1676 tanquam

463 1690 515 1724 aui
535 1698 659 1722 essent.

1251 532 1286 563 9.
1319 520 1499 563 Plagiario.
1539 520 1582 551 In
1618 520 1698 564 jure
1728 531 1875 552 romano

1197 571 1387 617 Plagiarius
1408 572 1602 605 vocabatur
1623 572 1651 604 is
1673 572 1733 617 qui
1759 585 1875 606 servos

1197 636 1256 657 seu
1277 625 1451 671 mancipia
1473 625 1584 658 aliena
1611 624 1792 667 sollicitat,
1819 638 1874 659 ce-

1196 677 1263 718 lat,
1284 678 1492 723 supprimit,
1521 679 1560 711 L.
1586 679 1674 719 LlI,
1697 675 1716 716 S
1742 691 1784 712 12
1799 705 1808 720 ,
1831 679 1873 712 D.

1198 730 1236 763 de
1249 731 1362 774 furtis.
1390 731 1580 776 Plagiarius
1608 743 1749 776 quoque
1769 731 1876 765 habe·

1198 792 1283 824 tur,
1303 784 1365 829 qui
1385 784 1535 817 liberum
1555 784 1737 817 hominem
1764 785 1877 818 sciens

1199 835 1281 869 dolo
1311 837 1404 869 malo
1429 836 1577 878 vendit,
1610 838 1714 879 emit,
1745 836 1874 876 donat,

1199 889 1287 922 celat
1305 916 1314 931 ,
1341 891 1377 922 in
1409 890 1560 923 vinculis
1591 890 1710 924 habet.
1741 892 1795 924 De
1823 890 1877 923 his

1199 942 1423 984 criminibus,
1454 943 1517 988 ‘qui
1545 944 1697 988 generali
1732 944 1874 976 nomine

1198 995 1353 1040 plagium
1385 1005 1576 1037 vocantur,
1607 996 1674 1029 lata
1702 996 1769 1029 fuit
1802 997 1876 1029 LEx

1199 1048 1310 1082 FABn
1337 1049 1375 1081 de
1397 1049 1588 1094 plagiariiS,
1619 1049 1754 1082 incerto
1770 1050 1879 1082 Urbis

1199 1113 1304 1134 anno.
1326 1102 1409 1135 Haec
1430 1102 1597 1145 sancivit,
1613 1110 1653 1135 ut
1670 1102 1878 1136 humiliores

1200 1154 1245 1187 de
1271 1155 1342 1187 hoc
1369 1155 1517 1188 crimine
1550 1155 1724 1197 convicti,
1753 1164 1813 1188 aut
1842 1155 1876 1188 in

1200 1208 1379 1241 metallum
1393 1206 1655 1250 damnarentur,
1671 1216 1729 1241 aut
1745 1209 1781 1241 in
1797 1221 1877 1242 cru-

1200 1272 1276 1293 cem
1312 1261 1544 1302 tollerentur,
1572 1269 1606 1293 et
1634 1261 1876 1301 honestiores,

1201 1313 1363 1359 adempta
1385 1313 1531 1346 dimidia
1554 1322 1653 1358 parte
1681 1314 1855 1348 bonorum
1870 1342 1877 1356 ,

1199 1367 1237 1399 in
1265 1375 1477 1411 perpetuum
1503 1367 1751 1411 relegarentur.
1774 1368 1876 1401 Conf.

1200 1419 1299 1452 Paul.
1324 1420 1420 1452 Sent.
1441 1420 1567 1465 Recep.
1591 1420 1637 1460 V,
1656 1421 1702 1453 30
1719 1418 1788 1461 (B).
1811 1421 1876 1453 Eo.

1201 1494 1251 1499 ——-
1273 1473 1424 1517 Impone-s.
1445 1473 1702 1505 Acclamatione
1723 1481 1781 1506 tua
1802 1473 1878 1518 pla·—

1201 1525 1328 1570 giarius
1350 1526 1455 1558 Poeta
1472 1524 1608 1571 pudore
1626 1526 1739 1558 victus
1761 1525 1878 1567 cedet,

1205 1587 1239 1611 et
1268 1590 1387 1611 versus
1410 1591 1427 1611 a
1453 1590 1510 1611 me
1532 1579 1761 1612 manumissos
1788 1579 1877 1612 sinet

1206 1644 1245 1664 ea
1261 1631 1421 1664 libertate
1444 1631 1537 1672 frui,
1560 1644 1626 1677 qua
1652 1632 1728 1665 illos
1756 1633 1878 1666 curavi

1206 1683 1399 1717 donandos.
1418 1684 1483 1716 En.

1092 1801 1254 1856 LIV2,

714 1938 779 1965 Al)
818 1934 1194 1973 FIDENTINUM,
1231 1915 1629 1963 ΡΙΑΑΕΙΑΒΙΠΜ.δι

534 2053 644 2096 UNA
668 2059 737 2093 est
759 2050 801 2092 in
830 2048 986 2091 nostris
1011 2056 1110 2099 tua,
1135 2045 1385 2102 Fidentine,
1411 2044 1561 2089 libellis

534 2122 723 2182 Pagina,
750 2119 825 2163 scd
855 2127 973 2162 certa
1001 2117 1165 2160 domini
1194 2117 1361 2178 signata
1386 2116 1549 2176 figura,

517 2242 531 2255 '¹
559 2243 733 2278 Eumdem
763 2241 1010 2281 Fidentinuin,
1037 2253 1142 2286 quem

463 2301 532 2345 jam
555 2293 693 2344 (epigr.
716 2308 822 2330 xxxlx
842 2304 877 2329 et
896 2306 987 2328 xL111
1010 2292 1141 2339 supra)

465 2352 668 2397 perstrinxit
684 2374 691 2386 ‚
726 2361 819 2382 nunc
854 2358 887 2382 et
926 2349 1114 2381 insectatur
1132 2360 1141 2389 ;

466 2405 528 2449 qui
563 2403 736 2448 subreptis
766 2402 885 2435 Nostri
925 2401 1142 2434 carminibus

467 2456 625 2502 quaedam
643 2455 791 2490 addebat
810 2454 853 2488 de
873 2467 935 2487 suo
952 2476 961 2492 ‚
980 2454 1087 2495 furti,
1104 2462 1143 2487 ut

466 2510 632 2555 putabat,
657 2508 915 2550 dissimulator,
929 2505 988 2540 sed
1004 2520 1042 2540 re
1062 2519 1144 2540 vera

467 2561 628 2608 proditor
644 2571 677 2595 et
693 2560 798 2594 index
811 2587 819 2602 ,
834 2573 943 2606 quum
956 2559 1145 2594 deridendi

468 2617 542 2661 ejus
564 2627 682 2649 versus
703 2627 774 2647 non
796 2613 1010 2647 manifestius
1032 2625 1144 2646 secer-

467 2667 575 2702 nendi
595 2675 756 2714 paterent
777 2666 869 2701 inter
890 2675 1031 2700 caeteros
1049 2666 1143 2699 Mar-

1203 2241 1292 2275 tialis
1305 2267 1314 2281 ‚
1335 2253 1439 2286 quam
1462 2253 1586 2274 corvus
1612 2242 1702 2275 inter
1725 2254 1852 2288 cycnos
1867 2269 1877 2284 ‚

1203 2295 1295 2328 inter
1312 2302 1406 2340 togas
1423 2294 1592 2328 violaceas
1611 2295 1714 2329 vestis
1734 2296 1854 2342 gallica
1865 2324 1873 2334 ,

1203 2355 1287 2381 testa
1310 2347 1425 2380 fictilis
1444 2347 1643 2393 crystallina
1664 2348 1756 2382 inter
1773 2361 1852 2382 vasa
1866 2375 1875 2390 ‚

1204 2408 1239 2434 et
1259 2400 1337 2446 pica
1352 2401 1443 2433 inter
1456 2400 1629 2434 luscinias.
1645 2400 1728 2434 Vid.
1745 2401 1805 2435 lib.
1818 2402 1851 2434 X
1865 2428 1874 2442 ‚

1202 2454 1309 2499 epigr.
1330 2466 1360 2486 c.
1377 2454 1444 2487 En.

1260 2518 1289 2539 1.
1315 2507 1393 2539 Tau.
1417 2507 1479 2540 Est
1495 2506 1621 2552 pagina
1641 2518 1660 2539 a
1678 2514 1712 2538 te
1733 2517 1875 2552 compo—

1204 2559 1267 2593 sita
1291 2559 1382 2593 inter
1416 2572 1514 2593 meos
1538 2559 1810 2604 epigrammaton
1833 2559 1874 2592 li-

1204 2613 1315 2646 bellos
1327 2638 1336 2654 ,
1355 2625 1442 2658 quos
1461 2611 1583 2646 recitas
1605 2620 1644 2645 ut
1665 2620 1752 2645 tuos.

1261 2678 1294 2700 2.
1316 2664 1525 2699 Beverlandi
1546 2664 1619 2698 MS.
1647 2667 1674 2696 si
1697 2672 1803 2709 grata.
1824 2686 1877 2690 ——
