<?xml version="1.0" encoding="UTF-8"?>
<!DOCTYPE html PUBLIC "-//W3C//DTD XHTML 1.0 Transitional//EN"
    "http://www.w3.org/TR/xhtml1/DTD/xhtml1-transitional.dtd">
<html xmlns="http://www.w3.org/1999/xhtml" xml:lang="en" lang="en">
 <head>
  <title>
</title>
<meta http-equiv="Content-Type" content="text/html;charset=utf-8" />
  <meta name='ocr-system' content='tesseract 3.04.00' />
  <meta name='ocr-capabilities' content='ocr_page ocr_carea ocr_par ocr_line ocrx_word'/>
</head>
<body>
  <div class='ocr_page' id='page_1' title='image "./epigrammata01martuoft_0629.png"; bbox 0 0 2061 3288; ppageno 0'>
   <div class='ocr_carea' id='block_1_1' title="bbox 469 202 1618 260">
    <p class='ocr_par' dir='ltr' id='par_1_1' title="bbox 469 202 1618 260">
     <span class='ocr_line' id='line_1_1' title="bbox 469 202 1618 260; baseline -0.003 -8"><span class='ocrx_word' id='word_1_1' title='bbox 469 207 1055 252; x_wconf 81' lang='lat' dir='ltr'><strong>EPIGRAMMATUM</strong></span> <span class='ocrx_word' id='word_1_2' title='bbox 1094 207 1221 249; x_wconf 84' lang='lat' dir='ltr'>LIB.</span> <span class='ocrx_word' id='word_1_3' title='bbox 1262 207 1349 249; x_wconf 85' lang='lat' dir='ltr'>IV.</span> <span class='ocrx_word' id='word_1_4' title='bbox 1523 202 1618 260; x_wconf 69' lang='lat'>455</span> 
     </span>
    </p>
   </div>
   <div class='ocr_carea' id='block_1_2' title="bbox 796 359 1028 414">
    <p class='ocr_par' dir='ltr' id='par_1_2' title="bbox 796 359 1028 414">
     <span class='ocr_line' id='line_1_2' title="bbox 796 359 1028 414; baseline -0.004 0"><span class='ocrx_word' id='word_1_5' title='bbox 796 359 1028 414; x_wconf 85' lang='lat' dir='ltr'><strong>LXIV.</strong></span> 
     </span>
    </p>
   </div>
   <div class='ocr_carea' id='block_1_3' title="bbox 478 482 1350 533">
    <p class='ocr_par' dir='ltr' id='par_1_3' title="bbox 478 482 1350 533">
     <span class='ocr_line' id='line_1_3' title="bbox 478 482 1350 533; baseline -0.001 -1"><span class='ocrx_word' id='word_1_6' title='bbox 478 504 542 533; x_wconf 79' lang='lat' dir='ltr'>DE</span> <span class='ocrx_word' id='word_1_7' title='bbox 581 503 782 533; x_wconf 74' lang='lat' dir='ltr'>Honrls</span> <span class='ocrx_word' id='word_1_8' title='bbox 820 503 962 532; x_wconf 86' lang='lat' dir='ltr'>JUL11</span> <span class='ocrx_word' id='word_1_9' title='bbox 1002 482 1350 533; x_wconf 41' lang='lat' dir='ltr'>affirmaris*</span> 
     </span>
    </p>
   </div>
   <div class='ocr_carea' id='block_1_4' title="bbox 416 621 1629 967">
    <p class='ocr_par' dir='ltr' id='par_1_4' title="bbox 416 621 1122 683">
     <span class='ocr_line' id='line_1_4' title="bbox 416 621 1122 683; baseline -0.003 -16"><span class='ocrx_word' id='word_1_10' title='bbox 416 625 522 667; x_wconf 85' lang='lat' dir='ltr'>JULI</span> <span class='ocrx_word' id='word_1_11' title='bbox 541 622 697 683; x_wconf 84' lang='lat' dir='ltr'>jugera</span> <span class='ocrx_word' id='word_1_12' title='bbox 720 637 861 683; x_wconf 86' lang='lat' dir='ltr'>pauca</span> <span class='ocrx_word' id='word_1_13' title='bbox 883 621 1095 665; x_wconf 82' lang='lat' dir='ltr'>Martialis</span> <span class='ocrx_word' id='word_1_14' title='bbox 1111 657 1122 675; x_wconf 90' lang='lat'>‚</span> 
     </span>
    </p>

    <p class='ocr_par' dir='ltr' id='par_1_5' title="bbox 416 692 1143 754">
     <span class='ocr_line' id='line_1_5' title="bbox 416 692 1143 754; baseline -0.003 -17"><span class='ocrx_word' id='word_1_15' title='bbox 416 694 566 737; x_wconf 87' lang='lat' dir='ltr'>Hortis</span> <span class='ocrx_word' id='word_1_16' title='bbox 597 693 891 754; x_wconf 80' lang='lat' dir='ltr'>Hesperidum</span> <span class='ocrx_word' id='word_1_17' title='bbox 922 692 1143 748; x_wconf 82' lang='lat' dir='ltr'>beatiora,</span> 
     </span>
    </p>

    <p class='ocr_par' dir='ltr' id='par_1_6' title="bbox 416 763 1232 825">
     <span class='ocr_line' id='line_1_6' title="bbox 416 763 1232 825; baseline -0.002 -17"><span class='ocrx_word' id='word_1_18' title='bbox 416 766 573 825; x_wconf 85' lang='lat' dir='ltr'>Longo</span> <span class='ocrx_word' id='word_1_19' title='bbox 597 763 782 808; x_wconf 88' lang='lat' dir='ltr'>Janiculi</span> <span class='ocrx_word' id='word_1_20' title='bbox 802 764 908 825; x_wconf 81' lang='lat' dir='ltr'>jugo</span> <span class='ocrx_word' id='word_1_21' title='bbox 935 764 1201 807; x_wconf 80' lang='lat' dir='ltr'>recumbunt</span> <span class='ocrx_word' id='word_1_22' title='bbox 1224 780 1232 805; x_wconf 77' lang='grc' dir='ltr'><strong><em>ε</em></strong></span> 
     </span>
    </p>

    <p class='ocr_par' dir='ltr' id='par_1_7' title="bbox 416 834 1239 888">
     <span class='ocr_line' id='line_1_7' title="bbox 416 834 1239 888; baseline 0 -10"><span class='ocrx_word' id='word_1_23' title='bbox 416 835 515 878; x_wconf 79' lang='lat' dir='ltr'>Lati</span> <span class='ocrx_word' id='word_1_24' title='bbox 543 834 727 880; x_wconf 83' lang='lat' dir='ltr'>collibus</span> <span class='ocrx_word' id='word_1_25' title='bbox 758 836 988 880; x_wconf 87' lang='lat' dir='ltr'>imminent</span> <span class='ocrx_word' id='word_1_26' title='bbox 1017 851 1239 888; x_wconf 77' lang='lat' dir='ltr'>recessus;</span> 
     </span>
    </p>

    <p class='ocr_par' dir='ltr' id='par_1_8' title="bbox 416 905 1629 967">
     <span class='ocr_line' id='line_1_8' title="bbox 416 905 1629 967; baseline -0.001 -18"><span class='ocrx_word' id='word_1_27' title='bbox 416 908 473 949; x_wconf 84' lang='lat' dir='ltr'>Et</span> <span class='ocrx_word' id='word_1_28' title='bbox 502 905 658 967; x_wconf 87' lang='lat' dir='ltr'>planus</span> <span class='ocrx_word' id='word_1_29' title='bbox 688 905 860 951; x_wconf 85' lang='lat' dir='ltr'>modico</span> <span class='ocrx_word' id='word_1_30' title='bbox 892 916 1063 950; x_wconf 90' lang='lat' dir='ltr'>tumore</span> <span class='ocrx_word' id='word_1_31' title='bbox 1093 915 1244 950; x_wconf 81' lang='lat' dir='ltr'>vertex</span> <span class='ocrx_word' id='word_1_32' title='bbox 1617 926 1629 948; x_wconf 72' lang='grc' dir='ltr'>ς</span> 
     </span>
    </p>
   </div>
   <div class='ocr_carea' id='block_1_5' title="bbox 206 1038 908 2678">
    <p class='ocr_par' dir='ltr' id='par_1_9' title="bbox 206 1038 889 1340">
     <span class='ocr_line' id='line_1_9' title="bbox 261 1038 886 1072; baseline -0.002 0"><span class='ocrx_word' id='word_1_33' title='bbox 261 1038 275 1052; x_wconf 83' lang='lat'><strong>*</strong></span> <span class='ocrx_word' id='word_1_34' title='bbox 300 1038 434 1072; x_wconf 83' lang='lat' dir='ltr'>Laudat</span> <span class='ocrx_word' id='word_1_35' title='bbox 458 1039 580 1072; x_wconf 78' lang='lat' dir='ltr'>hortos</span> <span class='ocrx_word' id='word_1_36' title='bbox 603 1039 690 1072; x_wconf 84' lang='lat' dir='ltr'>Julii</span> <span class='ocrx_word' id='word_1_37' title='bbox 717 1039 886 1072; x_wconf 81' lang='lat' dir='ltr'>Martialis</span> 
     </span>
     <span class='ocr_line' id='line_1_10' title="bbox 207 1093 887 1138; baseline -0.001 -12"><span class='ocrx_word' id='word_1_38' title='bbox 207 1107 225 1127; x_wconf 84' lang='lat' dir='ltr'>a</span> <span class='ocrx_word' id='word_1_39' title='bbox 245 1094 333 1134; x_wconf 79' lang='lat' dir='ltr'>situ,</span> <span class='ocrx_word' id='word_1_40' title='bbox 356 1106 374 1126; x_wconf 85' lang='lat' dir='ltr'>a</span> <span class='ocrx_word' id='word_1_41' title='bbox 394 1093 477 1126; x_wconf 85' lang='lat' dir='ltr'>caelo</span> <span class='ocrx_word' id='word_1_42' title='bbox 490 1119 498 1133; x_wconf 92' lang='lat'><strong>‚</strong></span> <span class='ocrx_word' id='word_1_43' title='bbox 516 1106 533 1126; x_wconf 84' lang='lat' dir='ltr'>a</span> <span class='ocrx_word' id='word_1_44' title='bbox 556 1093 722 1138; x_wconf 87' lang='lat' dir='ltr'>subjectis</span> <span class='ocrx_word' id='word_1_45' title='bbox 744 1093 887 1125; x_wconf 80' lang='lat' dir='ltr'>amoenis</span> 
     </span>
     <span class='ocr_line' id='line_1_11' title="bbox 206 1146 888 1192; baseline 0 -13"><span class='ocrx_word' id='word_1_46' title='bbox 206 1146 428 1191; x_wconf 82' lang='lat' dir='ltr'>regionibus,</span> <span class='ocrx_word' id='word_1_47' title='bbox 451 1159 468 1179; x_wconf 89' lang='lat' dir='ltr'>a</span> <span class='ocrx_word' id='word_1_48' title='bbox 484 1146 700 1192; x_wconf 80' lang='lat' dir='ltr'>benignitate</span> <span class='ocrx_word' id='word_1_49' title='bbox 717 1154 750 1179; x_wconf 86' lang='lat' dir='ltr'>et</span> <span class='ocrx_word' id='word_1_50' title='bbox 768 1146 888 1191; x_wconf 88' lang='lat' dir='ltr'>hospi-</span> 
     </span>
     <span class='ocr_line' id='line_1_12' title="bbox 207 1199 888 1245; baseline 0 -13"><span class='ocrx_word' id='word_1_51' title='bbox 207 1200 337 1233; x_wconf 81' lang='lat' dir='ltr'>talitate</span> <span class='ocrx_word' id='word_1_52' title='bbox 354 1199 487 1233; x_wconf 85' lang='lat' dir='ltr'>domini</span> <span class='ocrx_word' id='word_1_53' title='bbox 503 1225 512 1241; x_wconf 94' lang='lat'>‚</span> <span class='ocrx_word' id='word_1_54' title='bbox 535 1212 663 1245; x_wconf 90' lang='lat' dir='ltr'>eosque</span> <span class='ocrx_word' id='word_1_55' title='bbox 675 1199 867 1233; x_wconf 80' lang='lat' dir='ltr'>Tiburtino</span> <span class='ocrx_word' id='word_1_56' title='bbox 880 1225 888 1240; x_wconf 93' lang='lat'>‚</span> 
     </span>
     <span class='ocr_line' id='line_1_13' title="bbox 207 1253 889 1299; baseline -0.001 -13"><span class='ocrx_word' id='word_1_57' title='bbox 207 1253 425 1286; x_wconf 74' lang='lat' dir='ltr'>Praenestino</span> <span class='ocrx_word' id='word_1_58' title='bbox 444 1279 453 1294; x_wconf 91' lang='lat'><strong><em>‚</em></strong></span> <span class='ocrx_word' id='word_1_59' title='bbox 475 1253 666 1299; x_wconf 90' lang='lat' dir='ltr'>Setinoque</span> <span class='ocrx_word' id='word_1_60' title='bbox 696 1253 771 1286; x_wconf 85' lang='lat' dir='ltr'>ruri</span> <span class='ocrx_word' id='word_1_61' title='bbox 800 1265 889 1298; x_wconf 82' lang='lat' dir='ltr'>prae-</span> 
     </span>
     <span class='ocr_line' id='line_1_14' title="bbox 207 1307 464 1340; baseline 0.004 -1"><span class='ocrx_word' id='word_1_62' title='bbox 207 1307 286 1340; x_wconf 86' lang='lat' dir='ltr'>fert.</span> <span class='ocrx_word' id='word_1_63' title='bbox 310 1307 464 1340; x_wconf 58' lang='lat' dir='ltr'>Rama-es.</span> 
     </span>
    </p>

    <p class='ocr_par' dir='ltr' id='par_1_10' title="bbox 207 1358 890 1500">
     <span class='ocr_line' id='line_1_15' title="bbox 261 1358 889 1392; baseline 0.002 -1"><span class='ocrx_word' id='word_1_64' title='bbox 261 1381 315 1386; x_wconf 88' lang='lat'>—</span> <span class='ocrx_word' id='word_1_65' title='bbox 337 1360 388 1392; x_wconf 86' lang='lat' dir='ltr'>De</span> <span class='ocrx_word' id='word_1_66' title='bbox 421 1361 520 1392; x_wconf 72' lang='lat' dir='ltr'>hortis</span> <span class='ocrx_word' id='word_1_67' title='bbox 553 1359 718 1392; x_wconf 78' lang='lat' dir='ltr'>Martialis</span> <span class='ocrx_word' id='word_1_68' title='bbox 742 1359 776 1392; x_wconf 86' lang='lat' dir='ltr'>in</span> <span class='ocrx_word' id='word_1_69' title='bbox 808 1358 889 1392; x_wconf 66' lang='lat' dir='ltr'>edel.</span> 
     </span>
     <span class='ocr_line' id='line_1_16' title="bbox 207 1412 890 1458; baseline 0 -13"><span class='ocrx_word' id='word_1_70' title='bbox 207 1413 404 1456; x_wconf 80' lang='lat' dir='ltr'>veteribus,</span> <span class='ocrx_word' id='word_1_71' title='bbox 416 1412 495 1446; x_wconf 89' lang='lat' dir='ltr'>Ald.</span> <span class='ocrx_word' id='word_1_72' title='bbox 506 1414 606 1446; x_wconf 87' lang='lat' dir='ltr'>Junt.</span> <span class='ocrx_word' id='word_1_73' title='bbox 622 1413 737 1446; x_wconf 87' lang='lat' dir='ltr'>Colin.</span> <span class='ocrx_word' id='word_1_74' title='bbox 751 1413 890 1458; x_wconf 84' lang='lat' dir='ltr'>Gryph.</span> 
     </span>
     <span class='ocr_line' id='line_1_17' title="bbox 208 1466 486 1500; baseline 0.004 -1"><span class='ocrx_word' id='word_1_75' title='bbox 208 1466 395 1499; x_wconf 81' lang='lat' dir='ltr'>Pnlmann.</span> <span class='ocrx_word' id='word_1_76' title='bbox 422 1474 486 1500; x_wconf 86' lang='lat' dir='ltr'>etc.</span> 
     </span>
    </p>

    <p class='ocr_par' dir='ltr' id='par_1_11' title="bbox 210 1518 899 2189">
     <span class='ocr_line' id='line_1_18' title="bbox 268 1518 892 1553; baseline -0.003 0"><span class='ocrx_word' id='word_1_77' title='bbox 268 1531 299 1553; x_wconf 85' lang='lat'>1.</span> <span class='ocrx_word' id='word_1_78' title='bbox 328 1519 417 1552; x_wconf 70' lang='lat' dir='ltr'><em>Tulli</em></span> <span class='ocrx_word' id='word_1_79' title='bbox 438 1519 474 1552; x_wconf 92' lang='lat' dir='ltr'>in</span> <span class='ocrx_word' id='word_1_80' title='bbox 499 1518 634 1552; x_wconf 84' lang='lat' dir='ltr'>iisdem.</span> <span class='ocrx_word' id='word_1_81' title='bbox 660 1519 729 1552; x_wconf 71' lang='grc' dir='ltr'>ιῙιιῖιῗ</span> <span class='ocrx_word' id='word_1_82' title='bbox 755 1518 892 1552; x_wconf 82' lang='lat' dir='ltr'>codices</span> 
     </span>
     <span class='ocr_line' id='line_1_19' title="bbox 210 1572 890 1614; baseline -0.001 -9"><span class='ocrx_word' id='word_1_83' title='bbox 210 1572 401 1605; x_wconf 87' lang='lat' dir='ltr'>Pulmanni</span> <span class='ocrx_word' id='word_1_84' title='bbox 413 1599 422 1614; x_wconf 95' lang='lat'>‚</span> <span class='ocrx_word' id='word_1_85' title='bbox 435 1572 535 1605; x_wconf 87' lang='lat' dir='ltr'>Junii</span> <span class='ocrx_word' id='word_1_86' title='bbox 547 1598 555 1613; x_wconf 89' lang='lat'>‚</span> <span class='ocrx_word' id='word_1_87' title='bbox 573 1572 719 1605; x_wconf 83' lang='lat' dir='ltr'>Gruteri</span> <span class='ocrx_word' id='word_1_88' title='bbox 734 1581 767 1606; x_wconf 89' lang='lat' dir='ltr'>et</span> <span class='ocrx_word' id='word_1_89' title='bbox 782 1572 890 1605; x_wconf 86' lang='lat' dir='ltr'>Palat.</span> 
     </span>
     <span class='ocr_line' id='line_1_20' title="bbox 211 1625 892 1659; baseline 0.001 -2"><span class='ocrx_word' id='word_1_90' title='bbox 211 1646 264 1652; x_wconf 89' lang='grc'>--</span> <span class='ocrx_word' id='word_1_91' title='bbox 296 1625 366 1658; x_wconf 75' lang='grc' dir='ltr'>ιῙιιΙὶ</span> <span class='ocrx_word' id='word_1_92' title='bbox 369 1652 442 1659; x_wconf 92' lang='grc'>......</span> <span class='ocrx_word' id='word_1_93' title='bbox 475 1625 653 1658; x_wconf 74' lang='lat' dir='ltr'>Martialis.</span> <span class='ocrx_word' id='word_1_94' title='bbox 686 1626 801 1658; x_wconf 78' lang='lat' dir='ltr'><strong>Julius</strong></span> <span class='ocrx_word' id='word_1_95' title='bbox 833 1625 892 1658; x_wconf 82' lang='lat' dir='ltr'>ille</span> 
     </span>
     <span class='ocr_line' id='line_1_21' title="bbox 211 1678 891 1712; baseline 0.001 -2"><span class='ocrx_word' id='word_1_96' title='bbox 211 1678 382 1711; x_wconf 77' lang='lat' dir='ltr'>Martialis</span> <span class='ocrx_word' id='word_1_97' title='bbox 396 1687 470 1711; x_wconf 86' lang='lat' dir='ltr'>erat</span> <span class='ocrx_word' id='word_1_98' title='bbox 483 1679 612 1712; x_wconf 84' lang='lat' dir='ltr'>amicus</span> <span class='ocrx_word' id='word_1_99' title='bbox 624 1679 735 1711; x_wconf 88' lang='lat' dir='ltr'>nostri</span> <span class='ocrx_word' id='word_1_100' title='bbox 747 1679 796 1711; x_wconf 83' lang='lat' dir='ltr'>M.</span> <span class='ocrx_word' id='word_1_101' title='bbox 811 1679 891 1711; x_wconf 81' lang='lat' dir='ltr'>Val.</span> 
     </span>
     <span class='ocr_line' id='line_1_22' title="bbox 211 1730 894 1777; baseline -0.001 -13"><span class='ocrx_word' id='word_1_102' title='bbox 211 1731 381 1764; x_wconf 73' lang='lat' dir='ltr'>Martialis</span> <span class='ocrx_word' id='word_1_103' title='bbox 394 1757 403 1773; x_wconf 87' lang='lat'>‚</span> <span class='ocrx_word' id='word_1_104' title='bbox 424 1731 485 1777; x_wconf 87' lang='lat' dir='ltr'>qui</span> <span class='ocrx_word' id='word_1_105' title='bbox 507 1730 557 1763; x_wconf 77' lang='lat' dir='ltr'>illi</span> <span class='ocrx_word' id='word_1_106' title='bbox 585 1731 681 1764; x_wconf 82' lang='lat' dir='ltr'>misit</span> <span class='ocrx_word' id='word_1_107' title='bbox 699 1740 835 1764; x_wconf 79' lang='lat' dir='ltr'>sextum</span> <span class='ocrx_word' id='word_1_108' title='bbox 852 1731 894 1763; x_wconf 88' lang='lat' dir='ltr'>li-</span> 
     </span>
     <span class='ocr_line' id='line_1_23' title="bbox 212 1784 896 1830; baseline 0.001 -14"><span class='ocrx_word' id='word_1_109' title='bbox 212 1784 316 1816; x_wconf 84' lang='lat' dir='ltr'>brum</span> <span class='ocrx_word' id='word_1_110' title='bbox 345 1785 659 1830; x_wconf 81' lang='lat' dir='ltr'>epigrammatum,</span> <span class='ocrx_word' id='word_1_111' title='bbox 680 1793 719 1817; x_wconf 86' lang='lat' dir='ltr'>ut</span> <span class='ocrx_word' id='word_1_112' title='bbox 751 1792 896 1829; x_wconf 79' lang='lat' dir='ltr'>apparet</span> 
     </span>
     <span class='ocr_line' id='line_1_24' title="bbox 214 1836 894 1883; baseline 0 -14"><span class='ocrx_word' id='word_1_113' title='bbox 214 1849 258 1869; x_wconf 89' lang='lat' dir='ltr'>ex</span> <span class='ocrx_word' id='word_1_114' title='bbox 274 1838 390 1882; x_wconf 87' lang='lat' dir='ltr'>primo</span> <span class='ocrx_word' id='word_1_115' title='bbox 402 1838 605 1882; x_wconf 82' lang='lat' dir='ltr'>epigramm.</span> <span class='ocrx_word' id='word_1_116' title='bbox 621 1836 776 1883; x_wconf 81' lang='lat' dir='ltr'>ejusdem</span> <span class='ocrx_word' id='word_1_117' title='bbox 791 1837 872 1869; x_wconf 87' lang='lat' dir='ltr'>libri</span> <span class='ocrx_word' id='word_1_118' title='bbox 886 1850 894 1879; x_wconf 88' lang='lat'>;</span> 
     </span>
     <span class='ocr_line' id='line_1_25' title="bbox 213 1891 896 1935; baseline 0.001 -13"><span class='ocrx_word' id='word_1_119' title='bbox 213 1891 360 1935; x_wconf 85' lang='lat' dir='ltr'>ejusque</span> <span class='ocrx_word' id='word_1_120' title='bbox 377 1891 627 1924; x_wconf 83' lang='lat' dir='ltr'>bibliothecam</span> <span class='ocrx_word' id='word_1_121' title='bbox 641 1899 773 1935; x_wconf 85' lang='lat' dir='ltr'>septem</span> <span class='ocrx_word' id='word_1_122' title='bbox 793 1903 811 1923; x_wconf 86' lang='lat' dir='ltr'>e</span> <span class='ocrx_word' id='word_1_123' title='bbox 827 1891 896 1923; x_wconf 90' lang='lat' dir='ltr'>suis</span> 
     </span>
     <span class='ocr_line' id='line_1_26' title="bbox 213 1942 894 1984; baseline 0.003 -9"><span class='ocrx_word' id='word_1_124' title='bbox 213 1943 339 1977; x_wconf 83' lang='lat' dir='ltr'>libellis</span> <span class='ocrx_word' id='word_1_125' title='bbox 370 1943 546 1984; x_wconf 79' lang='lat' dir='ltr'>munivit,</span> <span class='ocrx_word' id='word_1_126' title='bbox 576 1952 616 1977; x_wconf 90' lang='lat' dir='ltr'>ut</span> <span class='ocrx_word' id='word_1_127' title='bbox 643 1942 802 1976; x_wconf 88' lang='lat' dir='ltr'>videmus</span> <span class='ocrx_word' id='word_1_128' title='bbox 831 1943 894 1977; x_wconf 91' lang='lat' dir='ltr'>lib.</span> 
     </span>
     <span class='ocr_line' id='line_1_27' title="bbox 215 1996 897 2042; baseline 0 -14"><span class='ocrx_word' id='word_1_129' title='bbox 215 1996 286 2029; x_wconf 82' lang='lat' dir='ltr'>VII</span> <span class='ocrx_word' id='word_1_130' title='bbox 296 2023 304 2037; x_wconf 93' lang='lat'>‚</span> <span class='ocrx_word' id='word_1_131' title='bbox 316 1996 426 2042; x_wconf 81' lang='lat' dir='ltr'>epigr.</span> <span class='ocrx_word' id='word_1_132' title='bbox 441 2009 531 2030; x_wconf 83' lang='lat' dir='ltr'>xvn.</span> <span class='ocrx_word' id='word_1_133' title='bbox 542 1997 684 2030; x_wconf 82' lang='lat' dir='ltr'>Tacitus</span> <span class='ocrx_word' id='word_1_134' title='bbox 693 2022 702 2037; x_wconf 91' lang='lat'>‚</span> <span class='ocrx_word' id='word_1_135' title='bbox 713 1997 897 2037; x_wconf 82' lang='lat' dir='ltr'>lib.XVII‚</span> 
     </span>
     <span class='ocr_line' id='line_1_28' title="bbox 215 2048 899 2096; baseline 0 -14"><span class='ocrx_word' id='word_1_136' title='bbox 215 2048 259 2082; x_wconf 86' lang='lat' dir='ltr'>de</span> <span class='ocrx_word' id='word_1_137' title='bbox 276 2050 372 2082; x_wconf 84' lang='lat' dir='ltr'>Julio</span> <span class='ocrx_word' id='word_1_138' title='bbox 390 2049 543 2096; x_wconf 88' lang='lat' dir='ltr'>quodam</span> <span class='ocrx_word' id='word_1_139' title='bbox 557 2050 718 2083; x_wconf 84' lang='lat' dir='ltr'>Martiale</span> <span class='ocrx_word' id='word_1_140' title='bbox 734 2049 787 2082; x_wconf 88' lang='lat' dir='ltr'>bis</span> <span class='ocrx_word' id='word_1_141' title='bbox 804 2062 899 2083; x_wconf 88' lang='lat' dir='ltr'>men-</span> 
     </span>
     <span class='ocr_line' id='line_1_29' title="bbox 216 2101 899 2149; baseline 0 -14"><span class='ocrx_word' id='word_1_142' title='bbox 216 2102 351 2136; x_wconf 83' lang='lat' dir='ltr'>tionem</span> <span class='ocrx_word' id='word_1_143' title='bbox 384 2103 491 2144; x_wconf 80' lang='lat' dir='ltr'>facit3</span> <span class='ocrx_word' id='word_1_144' title='bbox 520 2103 581 2149; x_wconf 82' lang='lat' dir='ltr'>qui</span> <span class='ocrx_word' id='word_1_145' title='bbox 607 2104 697 2136; x_wconf 87' lang='lat' dir='ltr'>forte</span> <span class='ocrx_word' id='word_1_146' title='bbox 729 2101 821 2136; x_wconf 84' lang='lat' dir='ltr'>idem</span> <span class='ocrx_word' id='word_1_147' title='bbox 849 2111 899 2136; x_wconf 89' lang='lat' dir='ltr'>est</span> 
     </span>
     <span class='ocr_line' id='line_1_30' title="bbox 218 2155 738 2189; baseline 0.002 -1"><span class='ocrx_word' id='word_1_148' title='bbox 218 2167 256 2188; x_wconf 84' lang='lat' dir='ltr'>ac</span> <span class='ocrx_word' id='word_1_149' title='bbox 281 2156 340 2188; x_wconf 88' lang='lat' dir='ltr'>ille</span> <span class='ocrx_word' id='word_1_150' title='bbox 364 2155 484 2189; x_wconf 86' lang='lat' dir='ltr'>Nostri</span> <span class='ocrx_word' id='word_1_151' title='bbox 510 2157 652 2189; x_wconf 84' lang='lat' dir='ltr'>amicus.</span> <span class='ocrx_word' id='word_1_152' title='bbox 670 2157 738 2189; x_wconf 84' lang='lat' dir='ltr'>En.</span> 
     </span>
    </p>

    <p class='ocr_par' dir='ltr' id='par_1_12' title="bbox 219 2206 902 2413">
     <span class='ocr_line' id='line_1_31' title="bbox 275 2206 899 2253; baseline 0.003 -13"><span class='ocrx_word' id='word_1_153' title='bbox 275 2221 306 2241; x_wconf 82' lang='lat'>2.</span> <span class='ocrx_word' id='word_1_154' title='bbox 344 2209 565 2253; x_wconf 78' lang='lat' dir='ltr'>Hesperidum.</span> <span class='ocrx_word' id='word_1_155' title='bbox 603 2206 758 2242; x_wconf 85' lang='lat' dir='ltr'>Atlantis</span> <span class='ocrx_word' id='word_1_156' title='bbox 797 2208 878 2242; x_wconf 76' lang='lat' dir='ltr'>filiae</span> <span class='ocrx_word' id='word_1_157' title='bbox 891 2235 899 2250; x_wconf 84' lang='lat'>‚</span> 
     </span>
     <span class='ocr_line' id='line_1_32' title="bbox 219 2260 900 2306; baseline 0.001 -13"><span class='ocrx_word' id='word_1_158' title='bbox 219 2260 346 2306; x_wconf 86' lang='lat' dir='ltr'>quibus</span> <span class='ocrx_word' id='word_1_159' title='bbox 365 2262 488 2294; x_wconf 90' lang='lat' dir='ltr'>hortos</span> <span class='ocrx_word' id='word_1_160' title='bbox 515 2262 677 2295; x_wconf 86' lang='lat' dir='ltr'>tribuunt</span> <span class='ocrx_word' id='word_1_161' title='bbox 700 2262 814 2295; x_wconf 81' lang='lat' dir='ltr'>Poetae</span> <span class='ocrx_word' id='word_1_162' title='bbox 840 2275 900 2295; x_wconf 92' lang='lat' dir='ltr'>au-</span> 
     </span>
     <span class='ocr_line' id='line_1_33' title="bbox 219 2313 901 2360; baseline 0.003 -14"><span class='ocrx_word' id='word_1_163' title='bbox 219 2314 286 2346; x_wconf 87' lang='lat' dir='ltr'>reis</span> <span class='ocrx_word' id='word_1_164' title='bbox 302 2314 417 2359; x_wconf 88' lang='lat' dir='ltr'>pomis</span> <span class='ocrx_word' id='word_1_165' title='bbox 428 2340 436 2355; x_wconf 86' lang='lat'><strong><em>‚</em></strong></span> <span class='ocrx_word' id='word_1_166' title='bbox 450 2313 486 2347; x_wconf 89' lang='lat' dir='ltr'>id</span> <span class='ocrx_word' id='word_1_167' title='bbox 498 2322 565 2355; x_wconf 84' lang='lat' dir='ltr'>est,</span> <span class='ocrx_word' id='word_1_168' title='bbox 584 2314 702 2348; x_wconf 84' lang='lat' dir='ltr'>citreis</span> <span class='ocrx_word' id='word_1_169' title='bbox 715 2314 901 2360; x_wconf 84' lang='lat' dir='ltr'>pretiosos.</span> 
     </span>
     <span class='ocr_line' id='line_1_34' title="bbox 221 2365 902 2413; baseline 0.006 -16"><span class='ocrx_word' id='word_1_170' title='bbox 221 2365 314 2399; x_wconf 79' lang='lat' dir='ltr'>Vide</span> <span class='ocrx_word' id='word_1_171' title='bbox 337 2367 398 2400; x_wconf 91' lang='lat' dir='ltr'>lib.</span> <span class='ocrx_word' id='word_1_172' title='bbox 419 2367 532 2412; x_wconf 86' lang='lat' dir='ltr'>Spect.</span> <span class='ocrx_word' id='word_1_173' title='bbox 555 2368 664 2413; x_wconf 84' lang='lat' dir='ltr'>epigr.</span> <span class='ocrx_word' id='word_1_174' title='bbox 687 2378 749 2400; x_wconf 78' lang='lat' dir='ltr'>xxl</span> <span class='ocrx_word' id='word_1_175' title='bbox 765 2392 774 2408; x_wconf 78' lang='lat'><em>‚</em></span> <span class='ocrx_word' id='word_1_176' title='bbox 798 2380 847 2400; x_wconf 83' lang='lat' dir='ltr'>vs.</span> <span class='ocrx_word' id='word_1_177' title='bbox 868 2372 902 2408; x_wconf 72' lang='grc'>4.</span> 
     </span>
    </p>

    <p class='ocr_par' dir='ltr' id='par_1_13' title="bbox 220 2418 908 2678">
     <span class='ocr_line' id='line_1_35' title="bbox 277 2418 903 2464; baseline 0.003 -13"><span class='ocrx_word' id='word_1_178' title='bbox 277 2418 310 2451; x_wconf 82' lang='grc'>3.</span> <span class='ocrx_word' id='word_1_179' title='bbox 333 2420 446 2464; x_wconf 73' lang='lat' dir='ltr'>Longo</span> <span class='ocrx_word' id='word_1_180' title='bbox 464 2421 616 2454; x_wconf 77' lang='lat' dir='ltr'>Janiculi.</span> <span class='ocrx_word' id='word_1_181' title='bbox 634 2422 746 2464; x_wconf 75' lang='lat' dir='ltr'>Longo</span> <span class='ocrx_word' id='word_1_182' title='bbox 754 2422 836 2464; x_wconf 77' lang='lat' dir='ltr'>jugo</span> <span class='ocrx_word' id='word_1_183' title='bbox 849 2419 903 2453; x_wconf 88' lang='lat' dir='ltr'>di-</span> 
     </span>
     <span class='ocr_line' id='line_1_36' title="bbox 220 2471 904 2517; baseline 0.001 -13"><span class='ocrx_word' id='word_1_184' title='bbox 220 2471 270 2504; x_wconf 73' lang='lat' dir='ltr'>xit</span> <span class='ocrx_word' id='word_1_185' title='bbox 302 2471 418 2517; x_wconf 85' lang='lat' dir='ltr'>quod,</span> <span class='ocrx_word' id='word_1_186' title='bbox 441 2481 479 2506; x_wconf 90' lang='lat' dir='ltr'>ut</span> <span class='ocrx_word' id='word_1_187' title='bbox 502 2473 672 2506; x_wconf 82' lang='lat' dir='ltr'>Baronius</span> <span class='ocrx_word' id='word_1_188' title='bbox 691 2472 876 2506; x_wconf 73' lang='lat' dir='ltr'>cardinalis</span> <span class='ocrx_word' id='word_1_189' title='bbox 895 2499 904 2514; x_wconf 92' lang='lat'>,</span> 
     </span>
     <span class='ocr_line' id='line_1_37' title="bbox 222 2525 905 2571; baseline 0.001 -14"><span class='ocrx_word' id='word_1_190' title='bbox 222 2525 351 2557; x_wconf 86' lang='lat' dir='ltr'>Annal.</span> <span class='ocrx_word' id='word_1_191' title='bbox 381 2526 452 2559; x_wconf 70' lang='lat' dir='ltr'>vol.</span> <span class='ocrx_word' id='word_1_192' title='bbox 482 2527 499 2558; x_wconf 94' lang='lat' dir='ltr'>I</span> <span class='ocrx_word' id='word_1_193' title='bbox 515 2552 524 2568; x_wconf 87' lang='lat'>‚</span> <span class='ocrx_word' id='word_1_194' title='bbox 546 2527 673 2571; x_wconf 85' lang='lat' dir='ltr'>probat</span> <span class='ocrx_word' id='word_1_195' title='bbox 688 2552 697 2567; x_wconf 86' lang='lat'>‚</span> <span class='ocrx_word' id='word_1_196' title='bbox 724 2526 905 2559; x_wconf 83' lang='lat' dir='ltr'>Janiculus</span> 
     </span>
     <span class='ocr_line' id='line_1_38' title="bbox 224 2578 908 2625; baseline 0.003 -15"><span class='ocrx_word' id='word_1_197' title='bbox 224 2586 298 2611; x_wconf 85' lang='lat' dir='ltr'>erat</span> <span class='ocrx_word' id='word_1_198' title='bbox 318 2578 511 2612; x_wconf 85' lang='lat' dir='ltr'>Veteribus</span> <span class='ocrx_word' id='word_1_199' title='bbox 534 2579 633 2613; x_wconf 86' lang='lat' dir='ltr'>locus</span> <span class='ocrx_word' id='word_1_200' title='bbox 650 2579 708 2612; x_wconf 88' lang='lat' dir='ltr'>ille</span> <span class='ocrx_word' id='word_1_201' title='bbox 730 2580 791 2625; x_wconf 86' lang='lat' dir='ltr'>qui</span> <span class='ocrx_word' id='word_1_202' title='bbox 812 2591 908 2612; x_wconf 85' lang='lat' dir='ltr'>com-</span> 
     </span>
     <span class='ocr_line' id='line_1_39' title="bbox 227 2630 908 2678; baseline 0.001 -15"><span class='ocrx_word' id='word_1_203' title='bbox 227 2630 445 2675; x_wconf 86' lang='lat' dir='ltr'>plectebatur</span> <span class='ocrx_word' id='word_1_204' title='bbox 481 2632 607 2665; x_wconf 87' lang='lat' dir='ltr'>seriem</span> <span class='ocrx_word' id='word_1_205' title='bbox 643 2632 809 2676; x_wconf 72' lang='lat' dir='ltr'>collium⁷</span> <span class='ocrx_word' id='word_1_206' title='bbox 828 2632 908 2678; x_wconf 84' lang='lat' dir='ltr'>qui,</span> 
     </span>
    </p>
   </div>
   <div class='ocr_carea' id='block_1_6' title="bbox 944 1037 1655 2719">
    <p class='ocr_par' dir='ltr' id='par_1_14' title="bbox 944 1037 1637 2041">
     <span class='ocr_line' id='line_1_40' title="bbox 945 1037 1629 1083; baseline -0.001 -12"><span class='ocrx_word' id='word_1_207' title='bbox 945 1037 1166 1072; x_wconf 86' lang='lat' dir='ltr'>modicarum</span> <span class='ocrx_word' id='word_1_208' title='bbox 1181 1038 1326 1071; x_wconf 72' lang='lat' dir='ltr'>vallium</span> <span class='ocrx_word' id='word_1_209' title='bbox 1344 1038 1529 1083; x_wconf 82' lang='lat' dir='ltr'>interjectu</span> <span class='ocrx_word' id='word_1_210' title='bbox 1544 1049 1629 1070; x_wconf 86' lang='lat' dir='ltr'>cou-</span> 
     </span>
     <span class='ocr_line' id='line_1_41' title="bbox 944 1091 1628 1139; baseline -0.004 -13"><span class='ocrx_word' id='word_1_211' title='bbox 944 1093 1081 1139; x_wconf 86' lang='lat' dir='ltr'>juncti,</span> <span class='ocrx_word' id='word_1_212' title='bbox 1102 1092 1144 1125; x_wconf 87' lang='lat' dir='ltr'>ab</span> <span class='ocrx_word' id='word_1_213' title='bbox 1165 1104 1206 1124; x_wconf 91' lang='lat' dir='ltr'>eo</span> <span class='ocrx_word' id='word_1_214' title='bbox 1224 1091 1376 1126; x_wconf 87' lang='lat' dir='ltr'>termino</span> <span class='ocrx_word' id='word_1_215' title='bbox 1396 1091 1457 1136; x_wconf 90' lang='lat' dir='ltr'>qui</span> <span class='ocrx_word' id='word_1_216' title='bbox 1474 1099 1524 1124; x_wconf 90' lang='lat' dir='ltr'>est</span> <span class='ocrx_word' id='word_1_217' title='bbox 1545 1104 1628 1136; x_wconf 86' lang='lat' dir='ltr'>pro-</span> 
     </span>
     <span class='ocr_line' id='line_1_42' title="bbox 947 1144 1629 1190; baseline -0.004 -10"><span class='ocrx_word' id='word_1_218' title='bbox 947 1147 1061 1180; x_wconf 80' lang='lat' dir='ltr'>ximus</span> <span class='ocrx_word' id='word_1_219' title='bbox 1097 1145 1277 1178; x_wconf 89' lang='lat' dir='ltr'>Aventino</span> <span class='ocrx_word' id='word_1_220' title='bbox 1315 1153 1419 1190; x_wconf 83' lang='lat' dir='ltr'>atque</span> <span class='ocrx_word' id='word_1_221' title='bbox 1456 1144 1629 1178; x_wconf 81' lang='lat' dir='ltr'>Vaticano</span> 
     </span>
     <span class='ocr_line' id='line_1_43' title="bbox 948 1198 1631 1244; baseline -0.004 -11"><span class='ocrx_word' id='word_1_222' title='bbox 948 1200 1213 1240; x_wconf 83' lang='lat' dir='ltr'>continuantur,</span> <span class='ocrx_word' id='word_1_223' title='bbox 1226 1207 1261 1232; x_wconf 90' lang='lat' dir='ltr'>et</span> <span class='ocrx_word' id='word_1_224' title='bbox 1277 1211 1383 1244; x_wconf 83' lang='lat' dir='ltr'>super</span> <span class='ocrx_word' id='word_1_225' title='bbox 1400 1198 1510 1232; x_wconf 81' lang='lat' dir='ltr'>Mutia</span> <span class='ocrx_word' id='word_1_226' title='bbox 1529 1205 1631 1243; x_wconf 85' lang='lat' dir='ltr'>porta</span> 
     </span>
     <span class='ocr_line' id='line_1_44' title="bbox 948 1253 1630 1298; baseline -0.003 -13"><span class='ocrx_word' id='word_1_227' title='bbox 948 1253 1209 1298; x_wconf 87' lang='lat' dir='ltr'>porriguntur,</span> <span class='ocrx_word' id='word_1_228' title='bbox 1231 1264 1268 1285; x_wconf 76' lang='lat' dir='ltr'>ac.</span> <span class='ocrx_word' id='word_1_229' title='bbox 1308 1260 1454 1297; x_wconf 84' lang='lat' dir='ltr'>propter</span> <span class='ocrx_word' id='word_1_230' title='bbox 1483 1259 1630 1296; x_wconf 85' lang='lat' dir='ltr'>pontem</span> 
     </span>
     <span class='ocr_line' id='line_1_45' title="bbox 948 1304 1628 1339; baseline -0.004 -1"><span class='ocrx_word' id='word_1_231' title='bbox 948 1306 1123 1339; x_wconf 86' lang='lat' dir='ltr'>Milicium</span> <span class='ocrx_word' id='word_1_232' title='bbox 1147 1306 1392 1339; x_wconf 87' lang='lat' dir='ltr'>terminantur.</span> <span class='ocrx_word' id='word_1_233' title='bbox 1409 1326 1460 1331; x_wconf 90' lang='lat'>—</span> <span class='ocrx_word' id='word_1_234' title='bbox 1476 1304 1628 1338; x_wconf 79' lang='lat' dir='ltr'>Jam&#39;culi.</span> 
     </span>
     <span class='ocr_line' id='line_1_46' title="bbox 949 1357 1634 1397; baseline -0.003 -6"><span class='ocrx_word' id='word_1_235' title='bbox 949 1359 1052 1392; x_wconf 86' lang='lat' dir='ltr'>Mons</span> <span class='ocrx_word' id='word_1_236' title='bbox 1070 1359 1271 1397; x_wconf 83' lang='lat' dir='ltr'>Janiculus,</span> <span class='ocrx_word' id='word_1_237' title='bbox 1297 1367 1391 1392; x_wconf 83' lang='lat' dir='ltr'>trans</span> <span class='ocrx_word' id='word_1_238' title='bbox 1413 1357 1573 1391; x_wconf 86' lang='lat' dir='ltr'>Tiberim</span> <span class='ocrx_word' id='word_1_239' title='bbox 1591 1357 1634 1390; x_wconf 86' lang='lat' dir='ltr'>si-</span> 
     </span>
     <span class='ocr_line' id='line_1_47' title="bbox 951 1410 1631 1456; baseline -0.004 -11"><span class='ocrx_word' id='word_1_240' title='bbox 951 1422 1005 1445; x_wconf 85' lang='lat' dir='ltr'>tus</span> <span class='ocrx_word' id='word_1_241' title='bbox 1021 1438 1030 1451; x_wconf 84' lang='lat'><em>,</em></span> <span class='ocrx_word' id='word_1_242' title='bbox 1064 1424 1159 1445; x_wconf 85' lang='lat' dir='ltr'>nunc</span> <span class='ocrx_word' id='word_1_243' title='bbox 1186 1411 1349 1444; x_wconf 72' lang='lat' dir='ltr'>Montorio</span> <span class='ocrx_word' id='word_1_244' title='bbox 1361 1439 1370 1452; x_wconf 92' lang='lat'><strong><em>,</em></strong></span> <span class='ocrx_word' id='word_1_245' title='bbox 1404 1410 1448 1444; x_wconf 88' lang='lat' dir='ltr'>ad</span> <span class='ocrx_word' id='word_1_246' title='bbox 1485 1418 1631 1456; x_wconf 87' lang='lat' dir='ltr'>pontem</span> 
     </span>
     <span class='ocr_line' id='line_1_48' title="bbox 950 1464 1634 1510; baseline -0.001 -13"><span class='ocrx_word' id='word_1_247' title='bbox 950 1478 1060 1510; x_wconf 88' lang='lat' dir='ltr'>usque</span> <span class='ocrx_word' id='word_1_248' title='bbox 1084 1465 1247 1498; x_wconf 84' lang='lat' dir='ltr'>Milvium</span> <span class='ocrx_word' id='word_1_249' title='bbox 1268 1478 1329 1498; x_wconf 88' lang='lat' dir='ltr'>seu</span> <span class='ocrx_word' id='word_1_250' title='bbox 1352 1464 1528 1497; x_wconf 85' lang='lat' dir='ltr'>Mulvium</span> <span class='ocrx_word' id='word_1_251' title='bbox 1544 1489 1553 1504; x_wconf 92' lang='lat'>‚</span> <span class='ocrx_word' id='word_1_252' title='bbox 1572 1475 1634 1497; x_wconf 87' lang='lat' dir='ltr'>seu</span> 
     </span>
     <span class='ocr_line' id='line_1_49' title="bbox 950 1516 1629 1563; baseline -0.001 -13"><span class='ocrx_word' id='word_1_253' title='bbox 950 1518 1126 1551; x_wconf 87' lang='lat' dir='ltr'>Milicium</span> <span class='ocrx_word' id='word_1_254' title='bbox 1143 1527 1238 1551; x_wconf 80' lang='lat' dir='ltr'>extra</span> <span class='ocrx_word' id='word_1_255' title='bbox 1258 1520 1406 1551; x_wconf 82' lang='lat' dir='ltr'>Romam</span> <span class='ocrx_word' id='word_1_256' title='bbox 1425 1516 1629 1563; x_wconf 82' lang='lat' dir='ltr'>porrigitur.</span> 
     </span>
     <span class='ocr_line' id='line_1_50' title="bbox 950 1569 1632 1605; baseline -0.003 -1"><span class='ocrx_word' id='word_1_257' title='bbox 950 1572 1090 1605; x_wconf 88' lang='lat' dir='ltr'>Nomen</span> <span class='ocrx_word' id='word_1_258' title='bbox 1111 1584 1128 1604; x_wconf 88' lang='lat' dir='ltr'>a</span> <span class='ocrx_word' id='word_1_259' title='bbox 1149 1572 1240 1604; x_wconf 83' lang='lat' dir='ltr'>Jano</span> <span class='ocrx_word' id='word_1_260' title='bbox 1264 1571 1399 1604; x_wconf 85' lang='lat' dir='ltr'>habuit.</span> <span class='ocrx_word' id='word_1_261' title='bbox 1414 1570 1523 1603; x_wconf 92' lang='lat' dir='ltr'>Hunc</span> <span class='ocrx_word' id='word_1_262' title='bbox 1540 1569 1632 1602; x_wconf 87' lang='lat' dir='ltr'>Urbi</span> 
     </span>
     <span class='ocr_line' id='line_1_51' title="bbox 951 1623 1630 1671; baseline -0.003 -14"><span class='ocrx_word' id='word_1_263' title='bbox 951 1623 1078 1671; x_wconf 85' lang='lat' dir='ltr'>adjecit</span> <span class='ocrx_word' id='word_1_264' title='bbox 1102 1637 1216 1658; x_wconf 83' lang='lat' dir='ltr'>arcem</span> <span class='ocrx_word' id='word_1_265' title='bbox 1239 1627 1395 1658; x_wconf 85' lang='lat' dir='ltr'>nascenti</span> <span class='ocrx_word' id='word_1_266' title='bbox 1415 1624 1532 1656; x_wconf 91' lang='lat' dir='ltr'>Ancus</span> <span class='ocrx_word' id='word_1_267' title='bbox 1556 1635 1630 1656; x_wconf 85' lang='lat' dir='ltr'>rex.</span> 
     </span>
     <span class='ocr_line' id='line_1_52' title="bbox 951 1677 1634 1722; baseline -0.003 -12"><span class='ocrx_word' id='word_1_268' title='bbox 951 1678 1028 1711; x_wconf 87' lang='lat' dir='ltr'>Liv.</span> <span class='ocrx_word' id='word_1_269' title='bbox 1042 1678 1102 1711; x_wconf 89' lang='lat' dir='ltr'>lib.</span> <span class='ocrx_word' id='word_1_270' title='bbox 1117 1679 1134 1710; x_wconf 95' lang='lat' dir='ltr'>I</span> <span class='ocrx_word' id='word_1_271' title='bbox 1145 1703 1155 1719; x_wconf 64' lang='grc'>,</span> <span class='ocrx_word' id='word_1_272' title='bbox 1174 1678 1219 1711; x_wconf 82' lang='grc'>33</span> <span class='ocrx_word' id='word_1_273' title='bbox 1233 1690 1239 1711; x_wconf 90' lang='lat'>:</span> <span class='ocrx_word' id='word_1_274' title='bbox 1254 1693 1266 1705; x_wconf 62' lang='grc' dir='ltr'>ιτ</span> <span class='ocrx_word' id='word_1_275' title='bbox 1277 1677 1478 1711; x_wconf 86' lang='lat' dir='ltr'>Janiculum</span> <span class='ocrx_word' id='word_1_276' title='bbox 1492 1688 1634 1722; x_wconf 85' lang='lat' dir='ltr'>quoque</span> 
     </span>
     <span class='ocr_line' id='line_1_53' title="bbox 952 1728 1636 1776; baseline -0.003 -13"><span class='ocrx_word' id='word_1_277' title='bbox 952 1730 1126 1776; x_wconf 83' lang='lat' dir='ltr'>adjectum</span> <span class='ocrx_word' id='word_1_278' title='bbox 1139 1757 1147 1772; x_wconf 92' lang='lat'>‚</span> <span class='ocrx_word' id='word_1_279' title='bbox 1170 1744 1242 1763; x_wconf 89' lang='lat' dir='ltr'>non</span> <span class='ocrx_word' id='word_1_280' title='bbox 1263 1730 1384 1776; x_wconf 87' lang='lat' dir='ltr'>inopia</span> <span class='ocrx_word' id='word_1_281' title='bbox 1406 1730 1493 1770; x_wconf 88' lang='lat' dir='ltr'>loci,</span> <span class='ocrx_word' id='word_1_282' title='bbox 1511 1728 1571 1762; x_wconf 90' lang='lat' dir='ltr'>sed</span> <span class='ocrx_word' id='word_1_283' title='bbox 1590 1742 1636 1762; x_wconf 87' lang='lat' dir='ltr'>ne</span> 
     </span>
     <span class='ocr_line' id='line_1_54' title="bbox 952 1781 1636 1829; baseline -0.003 -12"><span class='ocrx_word' id='word_1_284' title='bbox 952 1783 1093 1829; x_wconf 85' lang='lat' dir='ltr'>quando</span> <span class='ocrx_word' id='word_1_285' title='bbox 1127 1796 1165 1817; x_wconf 85' lang='lat' dir='ltr'>ea</span> <span class='ocrx_word' id='word_1_286' title='bbox 1193 1797 1253 1816; x_wconf 82' lang='lat' dir='ltr'>arx</span> <span class='ocrx_word' id='word_1_287' title='bbox 1284 1783 1445 1816; x_wconf 84' lang='lat' dir='ltr'>hostium</span> <span class='ocrx_word' id='word_1_288' title='bbox 1470 1791 1578 1824; x_wconf 88' lang='lat' dir='ltr'>esset;</span> <span class='ocrx_word' id='word_1_289' title='bbox 1598 1781 1636 1814; x_wconf 89' lang='lat' dir='ltr'>id</span> 
     </span>
     <span class='ocr_line' id='line_1_55' title="bbox 952 1835 1635 1877; baseline -0.003 -8"><span class='ocrx_word' id='word_1_290' title='bbox 952 1850 1025 1870; x_wconf 90' lang='lat' dir='ltr'>non</span> <span class='ocrx_word' id='word_1_291' title='bbox 1055 1849 1159 1869; x_wconf 86' lang='lat' dir='ltr'>muro</span> <span class='ocrx_word' id='word_1_292' title='bbox 1190 1837 1320 1877; x_wconf 90' lang='lat' dir='ltr'>solum,</span> <span class='ocrx_word' id='word_1_293' title='bbox 1349 1835 1411 1869; x_wconf 90' lang='lat' dir='ltr'>sed</span> <span class='ocrx_word' id='word_1_294' title='bbox 1447 1836 1552 1868; x_wconf 89' lang='lat' dir='ltr'>etiam</span> <span class='ocrx_word' id='word_1_295' title='bbox 1589 1835 1635 1867; x_wconf 93' lang='lat' dir='ltr'>ob</span> 
     </span>
     <span class='ocr_line' id='line_1_56' title="bbox 953 1888 1637 1933; baseline -0.003 -11"><span class='ocrx_word' id='word_1_296' title='bbox 953 1888 1243 1923; x_wconf 78' lang='lat' dir='ltr'>commoditatem</span> <span class='ocrx_word' id='word_1_297' title='bbox 1260 1889 1413 1929; x_wconf 85' lang='lat' dir='ltr'>itineris,</span> <span class='ocrx_word' id='word_1_298' title='bbox 1429 1896 1539 1933; x_wconf 87' lang='lat' dir='ltr'>ponte</span> <span class='ocrx_word' id='word_1_299' title='bbox 1558 1889 1637 1920; x_wconf 88' lang='lat' dir='ltr'>sub-</span> 
     </span>
     <span class='ocr_line' id='line_1_57' title="bbox 953 1941 1637 1988; baseline -0.004 -12"><span class='ocrx_word' id='word_1_300' title='bbox 953 1943 1036 1976; x_wconf 88' lang='lat' dir='ltr'>licio</span> <span class='ocrx_word' id='word_1_301' title='bbox 1049 1969 1058 1985; x_wconf 84' lang='lat'>,</span> <span class='ocrx_word' id='word_1_302' title='bbox 1081 1951 1155 1976; x_wconf 87' lang='lat' dir='ltr'>tum</span> <span class='ocrx_word' id='word_1_303' title='bbox 1176 1942 1331 1988; x_wconf 87' lang='lat' dir='ltr'>primum</span> <span class='ocrx_word' id='word_1_304' title='bbox 1353 1942 1389 1975; x_wconf 91' lang='lat' dir='ltr'>in</span> <span class='ocrx_word' id='word_1_305' title='bbox 1408 1941 1568 1974; x_wconf 76' lang='lat' dir='ltr'>Tiberim</span> <span class='ocrx_word' id='word_1_306' title='bbox 1587 1941 1637 1973; x_wconf 85' lang='lat' dir='ltr'>fa-</span> 
     </span>
     <span class='ocr_line' id='line_1_58' title="bbox 956 1994 1611 2041; baseline -0.005 -12"><span class='ocrx_word' id='word_1_307' title='bbox 956 2004 1013 2029; x_wconf 87' lang='lat' dir='ltr'>cto</span> <span class='ocrx_word' id='word_1_308' title='bbox 1029 2022 1038 2038; x_wconf 88' lang='lat'>,</span> <span class='ocrx_word' id='word_1_309' title='bbox 1055 1996 1222 2041; x_wconf 75' lang='lat' dir='ltr'>conjungi</span> <span class='ocrx_word' id='word_1_310' title='bbox 1242 1995 1335 2028; x_wconf 88' lang='lat' dir='ltr'>Urbi</span> <span class='ocrx_word' id='word_1_311' title='bbox 1352 1994 1521 2040; x_wconf 77' lang='lat' dir='ltr'>placuit.»</span> <span class='ocrx_word' id='word_1_312' title='bbox 1544 1994 1611 2026; x_wconf 87' lang='lat' dir='ltr'>ED.</span> 
     </span>
    </p>

    <p class='ocr_par' dir='ltr' id='par_1_15' title="bbox 956 2047 1644 2349">
     <span class='ocr_line' id='line_1_59' title="bbox 1012 2047 1637 2091; baseline -0.003 -9"><span class='ocrx_word' id='word_1_313' title='bbox 1012 2053 1046 2089; x_wconf 72' lang='grc'>4.</span> <span class='ocrx_word' id='word_1_314' title='bbox 1083 2048 1163 2082; x_wconf 90' lang='lat' dir='ltr'>Ald.</span> <span class='ocrx_word' id='word_1_315' title='bbox 1201 2050 1301 2082; x_wconf 84' lang='lat' dir='ltr'>Junt.</span> <span class='ocrx_word' id='word_1_316' title='bbox 1339 2048 1454 2082; x_wconf 88' lang='lat' dir='ltr'>Colin.</span> <span class='ocrx_word' id='word_1_317' title='bbox 1496 2047 1637 2091; x_wconf 82' lang='lat' dir='ltr'>Gryph.</span> 
     </span>
     <span class='ocr_line' id='line_1_60' title="bbox 956 2099 1640 2142; baseline -0.004 -7"><span class='ocrx_word' id='word_1_318' title='bbox 956 2104 1117 2142; x_wconf 68' lang='lat' dir='ltr'>«minent,-</span> <span class='ocrx_word' id='word_1_319' title='bbox 1140 2111 1174 2135; x_wconf 90' lang='lat' dir='ltr'>et</span> <span class='ocrx_word' id='word_1_320' title='bbox 1193 2102 1241 2135; x_wconf 86' lang='lat' dir='ltr'>sic</span> <span class='ocrx_word' id='word_1_321' title='bbox 1260 2099 1470 2135; x_wconf 84' lang='lat' dir='ltr'>Beverlandi</span> <span class='ocrx_word' id='word_1_322' title='bbox 1492 2099 1567 2133; x_wconf 87' lang='lat' dir='ltr'>MS.</span> <span class='ocrx_word' id='word_1_323' title='bbox 1588 2121 1640 2127; x_wconf 90' lang='lat'>—</span> 
     </span>
     <span class='ocr_line' id='line_1_61' title="bbox 957 2154 1639 2195; baseline -0.004 -7"><span class='ocrx_word' id='word_1_324' title='bbox 957 2157 1034 2188; x_wconf 79' lang='lat' dir='ltr'>Lati</span> <span class='ocrx_word' id='word_1_325' title='bbox 1051 2156 1202 2195; x_wconf 76' lang='lat' dir='ltr'><em>collibus,</em></span> <span class='ocrx_word' id='word_1_326' title='bbox 1227 2163 1291 2188; x_wconf 85' lang='lat' dir='ltr'>etc.</span> <span class='ocrx_word' id='word_1_327' title='bbox 1319 2156 1360 2187; x_wconf 83' lang='lat' dir='ltr'>In</span> <span class='ocrx_word' id='word_1_328' title='bbox 1385 2154 1475 2188; x_wconf 89' lang='lat' dir='ltr'>colle</span> <span class='ocrx_word' id='word_1_329' title='bbox 1501 2166 1639 2187; x_wconf 86' lang='lat' dir='ltr'>summo</span> 
     </span>
     <span class='ocr_line' id='line_1_62' title="bbox 958 2206 1644 2255; baseline -0.006 -13"><span class='ocrx_word' id='word_1_330' title='bbox 958 2208 1068 2255; x_wconf 83' lang='lat' dir='ltr'>spatia</span> <span class='ocrx_word' id='word_1_331' title='bbox 1088 2209 1201 2254; x_wconf 79' lang='lat' dir='ltr'>campi</span> <span class='ocrx_word' id='word_1_332' title='bbox 1225 2208 1293 2241; x_wconf 86' lang='lat' dir='ltr'>lata</span> <span class='ocrx_word' id='word_1_333' title='bbox 1318 2216 1352 2241; x_wconf 88' lang='lat' dir='ltr'>et</span> <span class='ocrx_word' id='word_1_334' title='bbox 1377 2207 1530 2240; x_wconf 83' lang='lat' dir='ltr'>solitaria</span> <span class='ocrx_word' id='word_1_335' title='bbox 1555 2206 1644 2239; x_wconf 82' lang='lat' dir='ltr'>emi-</span> 
     </span>
     <span class='ocr_line' id='line_1_63' title="bbox 958 2259 1642 2303; baseline -0.004 -8"><span class='ocrx_word' id='word_1_336' title='bbox 958 2269 1065 2303; x_wconf 90' lang='lat' dir='ltr'>nent,</span> <span class='ocrx_word' id='word_1_337' title='bbox 1098 2262 1159 2295; x_wconf 82' lang='lat' dir='ltr'>uhi</span> <span class='ocrx_word' id='word_1_338' title='bbox 1184 2269 1234 2294; x_wconf 89' lang='lat' dir='ltr'>est</span> <span class='ocrx_word' id='word_1_339' title='bbox 1253 2261 1335 2294; x_wconf 87' lang='lat' dir='ltr'>villa</span> <span class='ocrx_word' id='word_1_340' title='bbox 1365 2260 1454 2294; x_wconf 87' lang='lat' dir='ltr'>Julii</span> <span class='ocrx_word' id='word_1_341' title='bbox 1472 2259 1642 2293; x_wconf 85' lang='lat' dir='ltr'>Martialis</span> 
     </span>
     <span class='ocr_line' id='line_1_64' title="bbox 960 2314 1226 2349; baseline -0.008 0"><span class='ocrx_word' id='word_1_342' title='bbox 960 2315 1043 2349; x_wconf 81' lang='lat' dir='ltr'>caelo</span> <span class='ocrx_word' id='word_1_343' title='bbox 1065 2314 1226 2347; x_wconf 81' lang='lat' dir='ltr'>vicinior.</span> 
     </span>
    </p>

    <p class='ocr_par' dir='ltr' id='par_1_16' title="bbox 963 2365 1655 2677">
     <span class='ocr_line' id='line_1_65' title="bbox 1019 2365 1645 2412; baseline -0.005 -12"><span class='ocrx_word' id='word_1_344' title='bbox 1019 2369 1051 2401; x_wconf 89' lang='lat'>5.</span> <span class='ocrx_word' id='word_1_345' title='bbox 1074 2369 1123 2400; x_wconf 89' lang='lat' dir='ltr'>Et</span> <span class='ocrx_word' id='word_1_346' title='bbox 1135 2368 1252 2412; x_wconf 81' lang='lat' dir='ltr'>planus</span> <span class='ocrx_word' id='word_1_347' title='bbox 1265 2394 1274 2407; x_wconf 87' lang='lat'>‚</span> <span class='ocrx_word' id='word_1_348' title='bbox 1295 2374 1360 2399; x_wconf 87' lang='lat' dir='ltr'>etc.</span> <span class='ocrx_word' id='word_1_349' title='bbox 1381 2366 1424 2398; x_wconf 91' lang='lat' dir='ltr'>In</span> <span class='ocrx_word' id='word_1_350' title='bbox 1440 2365 1572 2399; x_wconf 88' lang='lat' dir='ltr'>vertice</span> <span class='ocrx_word' id='word_1_351' title='bbox 1589 2365 1645 2397; x_wconf 79' lang='lat' dir='ltr'>Ja-</span> 
     </span>
     <span class='ocr_line' id='line_1_66' title="bbox 964 2418 1640 2465; baseline -0.004 -12"><span class='ocrx_word' id='word_1_352' title='bbox 964 2420 1073 2453; x_wconf 87' lang='lat' dir='ltr'>niculi</span> <span class='ocrx_word' id='word_1_353' title='bbox 1094 2420 1257 2465; x_wconf 87' lang='lat' dir='ltr'>planities</span> <span class='ocrx_word' id='word_1_354' title='bbox 1273 2427 1324 2452; x_wconf 86' lang='lat' dir='ltr'>est</span> <span class='ocrx_word' id='word_1_355' title='bbox 1337 2444 1345 2459; x_wconf 92' lang='lat'>‚</span> <span class='ocrx_word' id='word_1_356' title='bbox 1367 2431 1444 2464; x_wconf 87' lang='lat' dir='ltr'>quae</span> <span class='ocrx_word' id='word_1_357' title='bbox 1466 2418 1570 2451; x_wconf 87' lang='lat' dir='ltr'>colles</span> <span class='ocrx_word' id='word_1_358' title='bbox 1588 2430 1640 2450; x_wconf 91' lang='lat' dir='ltr'>su-</span> 
     </span>
     <span class='ocr_line' id='line_1_67' title="bbox 963 2470 1651 2518; baseline -0.006 -12"><span class='ocrx_word' id='word_1_359' title='bbox 963 2481 1063 2518; x_wconf 85' lang='lat' dir='ltr'>perat</span> <span class='ocrx_word' id='word_1_360' title='bbox 1075 2499 1085 2514; x_wconf 88' lang='lat'>‚</span> <span class='ocrx_word' id='word_1_361' title='bbox 1098 2485 1220 2506; x_wconf 88' lang='lat' dir='ltr'>serena</span> <span class='ocrx_word' id='word_1_362' title='bbox 1236 2480 1270 2505; x_wconf 88' lang='lat' dir='ltr'>et</span> <span class='ocrx_word' id='word_1_363' title='bbox 1287 2470 1391 2513; x_wconf 80' lang='lat' dir='ltr'>suda,</span> <span class='ocrx_word' id='word_1_364' title='bbox 1406 2484 1479 2504; x_wconf 92' lang='lat' dir='ltr'>non</span> <span class='ocrx_word' id='word_1_365' title='bbox 1494 2470 1631 2503; x_wconf 88' lang='lat' dir='ltr'>nebulis</span> <span class='ocrx_word' id='word_1_366' title='bbox 1643 2495 1651 2511; x_wconf 88' lang='lat'><strong>‚</strong></span> 
     </span>
     <span class='ocr_line' id='line_1_68' title="bbox 966 2523 1651 2568; baseline -0.006 -9"><span class='ocrx_word' id='word_1_367' title='bbox 966 2535 1008 2559; x_wconf 89' lang='lat' dir='ltr'>ut</span> <span class='ocrx_word' id='word_1_368' title='bbox 1025 2526 1143 2568; x_wconf 83' lang='lat' dir='ltr'>valles,</span> <span class='ocrx_word' id='word_1_369' title='bbox 1161 2534 1263 2559; x_wconf 87' lang='lat' dir='ltr'>tecta.</span> <span class='ocrx_word' id='word_1_370' title='bbox 1280 2525 1346 2558; x_wconf 85' lang='lat' dir='ltr'>Hic</span> <span class='ocrx_word' id='word_1_371' title='bbox 1356 2524 1450 2558; x_wconf 80' lang='lat' dir='ltr'>horti</span> <span class='ocrx_word' id='word_1_372' title='bbox 1461 2523 1651 2562; x_wconf 81' lang='lat' dir='ltr'>Martialis,</span> 
     </span>
     <span class='ocr_line' id='line_1_69' title="bbox 969 2578 1652 2615; baseline -0.007 -3"><span class='ocrx_word' id='word_1_373' title='bbox 969 2587 1034 2612; x_wconf 85' lang='lat' dir='ltr'>etc.</span> <span class='ocrx_word' id='word_1_374' title='bbox 1045 2599 1096 2605; x_wconf 93' lang='lat'>—</span> <span class='ocrx_word' id='word_1_375' title='bbox 1107 2580 1203 2612; x_wconf 72' lang='lat' dir='ltr'>Puris</span> <span class='ocrx_word' id='word_1_376' title='bbox 1212 2580 1318 2611; x_wconf 73' lang='lat' dir='ltr'>astris.</span> <span class='ocrx_word' id='word_1_377' title='bbox 1334 2578 1427 2611; x_wconf 82' lang='lat' dir='ltr'>Pura</span> <span class='ocrx_word' id='word_1_378' title='bbox 1438 2585 1540 2610; x_wconf 86' lang='lat' dir='ltr'>vocat</span> <span class='ocrx_word' id='word_1_379' title='bbox 1551 2583 1652 2615; x_wconf 77' lang='lat' dir='ltr'>astra,</span> 
     </span>
     <span class='ocr_line' id='line_1_70' title="bbox 972 2629 1655 2677; baseline -0.007 -12"><span class='ocrx_word' id='word_1_380' title='bbox 972 2644 1051 2677; x_wconf 85' lang='lat' dir='ltr'>quae</span> <span class='ocrx_word' id='word_1_381' title='bbox 1071 2632 1176 2666; x_wconf 87' lang='lat' dir='ltr'>nullis</span> <span class='ocrx_word' id='word_1_382' title='bbox 1193 2631 1331 2666; x_wconf 87' lang='lat' dir='ltr'>nebulis</span> <span class='ocrx_word' id='word_1_383' title='bbox 1348 2629 1503 2676; x_wconf 89' lang='lat' dir='ltr'>aspectui</span> <span class='ocrx_word' id='word_1_384' title='bbox 1521 2629 1655 2662; x_wconf 75' lang='lat' dir='ltr'>subtra-</span> 
     </span>
    </p>

    <p class='ocr_par' dir='ltr' id='par_1_17' title="bbox 1391 2700 1405 2719">
     <span class='ocr_line' id='line_1_71' title="bbox 1391 2700 1405 2719; baseline 0 -4"><span class='ocrx_word' id='word_1_385' title='bbox 1391 2700 1405 2719; x_wconf 72' lang='grc' dir='ltr'>ιι</span> 
     </span>
    </p>
   </div>
   <div class='ocr_carea' id='block_1_7' title="bbox 1314 2717 1378 2762">
    <p class='ocr_par' dir='ltr' id='par_1_18' title="bbox 1314 2717 1378 2762">
     <span class='ocr_line' id='line_1_72' title="bbox 1314 2717 1378 2762; baseline 0 0"><span class='ocrx_word' id='word_1_386' title='bbox 1314 2717 1378 2762; x_wconf 78' lang='lat'>29</span> 
     </span>
    </p>
   </div>
  </div>
 </body>
</html>
