2061 3288
454 213 716 258 EPIGRA
731 212 1046 256 MMATUM
1084 213 1206 256 LIB.
1249 215 1335 257 IV.

192 295 292 333 Junt.
319 300 432 334 Coliu.
467 300 605 347 Gryph.
630 307 663 332 et
687 299 873 332 Pulmanu.

191 353 340 387 Junian.
376 354 481 398 Lang.
513 352 640 399 Delph.
676 353 873 398 caeterique.

192 429 245 433 -—
264 407 369 452 Equo.
400 405 528 440 Statnae
558 415 757 452 equestres,
783 406 875 439 inter

193 460 258 492 alia
275 460 437 492 victoriae*
449 459 591 505 praemia
607 484 615 501 ‚
643 459 874 505 agitatoribus

193 512 434 546 excitabantur
452 513 495 545 ab
519 513 560 546 iis
583 513 642 558 qui
660 513 812 546 fautores
834 512 874 544 il-

192 565 307 598 lorum
337 577 373 598 se
401 566 673 611 profitebantur.
706 586 760 592 —
785 566 876 598 Dare

192 632 282 663 equo.
311 619 371 652 Est
397 619 508 664 igitur
526 618 611 652 dare
629 627 748 652 statuae
771 631 876 664 eque-

193 671 255 704 stri
268 671 443 717 erigendae
457 684 466 714 ;
482 672 517 705 in
533 685 598 718 qua
614 672 755 718 majoris
771 671 876 717 pretii

194 733 266 758 erat
286 737 400 758 aeneus
422 738 533 771 equus
551 738 632 758 cum
656 725 751 765 basi,
771 737 875 770 quam

193 785 305 811 statua
334 778 417 823 ipsa.
444 800 487 804 —
521 778 588 812 Vel
618 778 776 823 intellige
798 778 876 810 dare

195 844 290 875 equo,
316 829 400 865 dare
419 831 556 865 homini
579 831 642 877 qui
663 831 754 864 nihil
776 832 877 864 novit

193 883 262 917 nisi
278 896 387 929 equos
401 885 531 930 agitare
542 910 552 925 s
573 893 607 918 et
623 893 673 918 est
688 885 762 930 ipse
777 884 876 930 quasi

194 937 335 970 caballus
356 933 453 977 (vid.
484 938 544 972 lib.
573 938 614 978 I,
644 938 752 983 epigr.
780 950 876 978 XLII,

933 311 981 331 vs.
1002 296 1218 338 ultimo.)——
1234 300 1301 332 Vel
1324 298 1482 346 denique
1505 302 1609 337 intel·

933 352 1000 397 lige
1017 350 1100 385 dare
1117 352 1265 397 Scorp0‚
1282 361 1320 386 ut
1334 365 1441 399 equos
1457 355 1536 397 alat,
1552 369 1609 390 ce-

932 406 1091 450 leresque
1105 417 1143 449 ac
1158 405 1309 438 nitentes
1324 406 1460 441 habeat.
1471 428 1523 435 ·-—
1541 411 1612 443 Dat

934 471 1012 505 equo
1027 485 1036 499 ‚
1059 457 1096 491 id
1118 467 1188 499 est,
1211 457 1271 491 dat
1290 459 1426 493 homini
1446 462 1507 506 qui
1531 471 1608 496 tan-

938 520 1010 545 tum
1040 511 1130 544 valet
1156 512 1203 544 ob
1238 512 1318 557 equi
1349 514 1605 559 pernicitatem.

936 566 1063 598 Noster
1084 564 1193 610 epigr.
1213 577 1267 603 vr,
1287 564 1330 598 25
1349 579 1357 598 :
1379 583 1392 595 «
1406 567 1520 607 Quam
1539 582 1611 602 non

937 630 1087 651 censuro
1110 616 1194 651 dare
1222 619 1451 665 quadraginta
1476 623 1611 655 caballo

937 672 1076 704 Aureus
1113 680 1151 704 ut
1192 670 1316 716 Scorpi
1347 686 1450 706 nasus
1479 676 1611 721 ubique

936 724 1041 757 micet
1059 739 1094 764 ·›;
1116 724 1176 757 ubi
1194 725 1294 757 multi
1313 726 1378 759 viri
1397 725 1494 760 docti
1508 740 1612 774 repo-

936 786 1028 811 nunt
1048 790 1164 817 cereus,
1183 790 1249 823 pro
1266 791 1378 811 aurem
1395 780 1475 825 quia
1494 789 1614 816 statuae

936 843 1039 865 aeneae
1059 839 1236 876 equestres
1254 832 1482 876 agitatoribus
1502 835 1614 880 erige-

935 885 1084 926 bantur,
1107 897 1217 930 quum
1257 886 1382 930 palmis
1420 887 1541 921 multis
1577 890 1613 922 in

939 938 1042 971 Circo
1065 938 1319 972 inclaruissent.
1336 940 1402 973 En.

755 1074 1061 1129 LXVIH.

740 1229 806 1256 AD
847 1209 1111 1257 ςιῖὶζΤυΜῩι

269 1357 463 1398 INVITAS
491 1362 669 1396 centum
692 1353 1033 1413 quadrantibus,
1062 1363 1105 1397 ct
1130 1354 1239 1398 bene
1265 1373 1422 1401 coenas.

338 1426 404 1468 Ut
432 1440 601 1468 coenem
630 1424 810 1479 invitor,
838 1426 988 1480 Sexte,
1017 1441 1071 1468 an
1102 1435 1150 1469 ut
1178 1427 1423 1472 invideam?

252 1559 267 1573 Ι
284 1563 414 1597 Invitas
436 1576 491 1597 me
514 1561 557 1596 ad
572 1575 706 1596 coenam
727 1562 878 1608 promis-

201 1617 246 1651 sis
267 1617 354 1650 mihi
373 1625 518 1650 centum
543 1615 796 1662 quadrantibus
814 1613 879 1654 (ea

200 1671 305 1715 vulgo
329 1682 464 1702 summa
482 1669 647 1715 sportulae
668 1677 741 1702 erat
762 1676 802 1702 ut
827 1668 881 1701 di-

200 1720 363 1764 xiinus);
394 1731 432 1755 tu
461 1723 556 1755 laute
587 1734 701 1755 coenas
718 1748 726 1762 ‚
754 1734 817 1767 ego
844 1723 880 1755 in

202 1775 322 1810 eadem
338 1784 456 1809 tecum
469 1788 588 1809 mensa
608 1783 782 1820 spectator
794 1775 883 1808 otio-

203 1842 259 1862 sus
280 1829 450 1863 accumbo
468 1840 476 1861 τ
495 1841 538 1861 an
551 1829 676 1861 invitas
690 1840 744 1860 ine
760 1836 799 1860 ut
814 1840 881 1860 coe-

203 1895 284 1916 nem
299 1907 308 1924 ,
340 1895 382 1914 an
416 1890 455 1915 ut
487 1882 647 1915 esuriens
678 1881 742 1913 tibi
778 1893 882 1925 pran-

203 1935 300 1969 denti
316 1934 494 1969 invideam
512 1934 525 1967 Ρ

257 2009 309 2015 ——
332 1989 445 2033 Hujus
481 1987 738 2033 epigrammatis
761 1987 884 2020 lectio-

204 2054 285 2075 nem
305 2054 376 2075 non
393 2041 528 2074 variant
550 2041 630 2074 libri
655 2040 882 2086 manuscripti

205 2103 266 2128 aut
284 2094 455 2140 impressi.

264 2160 294 2181 1.
318 2149 450 2182 Centum
473 2147 712 2193 quadrantibus.
732 2147 884 2180 Clientes

207 2213 395 2246 pauperes,
410 2200 537 2246 quibus
550 2199 697 2232 dabatur
711 2200 867 2244 sportula
879 2226 887 2241 ‚

207 2266 281 2287 eam
295 2267 367 2287 non
385 2262 463 2287 ante
479 2253 697 2298 accipiebant
713 2265 815 2297 quam
835 2253 884 2285 in-

207 2307 409 2340 terfuissent
442 2318 549 2339 coenae
581 2304 700 2338 divitis
712 2331 721 2345 ‚
757 2318 775 2338 a
816 2318 885 2350 quo

209 2360 365 2405 sportula
415 2358 639 2392 donabantur
663 2370 671 2391 :
705 2358 752 2391 ita
787 2367 886 2391 erant

209 2413 364 2446 convivae
382 2411 565 2445 honorarii
585 2419 619 2444 et
643 2412 770 2443 wnales
790 2406 884 2454 (vid.

209 2466 270 2498 lib.
288 2466 362 2506 ΙΙΙ,
380 2466 489 2511 epigr.
512 2477 572 2504 Lx,
591 2477 640 2497 vs.
666 2477 680 2497 1
702 2477 710 2505 ;
726 2474 760 2498 et
776 2465 884 2509 epigr.

210 2532 278 2552 xxx
293 2545 302 2559 ‚
321 2531 370 2552 vs.
395 2530 409 2551 1
428 2517 450 2555 ).
471 2518 569 2563 Saepe
585 2526 620 2550 et
635 2516 812 2562 quoddam
826 2517 885 2550 da-

210 2574 330 2612 batur,
345 2579 470 2617 praeter
487 2571 677 2617 sportulam
691 2596 700 2608 ,
716 2571 886 2616 pretium,

285 2726 319 2765 I.

939 1572 979 1596 ut
1003 1564 1050 1597 sic
1077 1564 1207 1599 inertes
1232 1567 1408 1609 convivae,
1431 1581 1621 1615 perparum

939 1629 957 1649 e
971 1617 1113 1650 ferculis
1127 1619 1348 1664 attingentes,
1366 1624 1548 1666 praesentia
1559 1638 1620 1657 sua

939 1678 1078 1703 tautum
1090 1670 1208 1705 divitis
1216 1685 1370 1706 mensam
1381 1675 1620 1712 honestarent.

940 1723 1035 1756 Hinc
1061 1724 1184 1758 Sextus
1213 1726 1271 1758 hic
1306 1726 1437 1761 dicitur
1470 1729 1620 1765 invitare

941 1784 1080 1809 centum
1095 1777 1363 1822 quadrantibus3
1374 1781 1457 1814 hinc
1473 1782 1533 1816 lib.
1546 1785 1615 1820 IX,

941 1829 1050 1874 epigr.
1072 1841 1106 1862 (Π
1125 1842 1132 1863 z
1163 1848 1175 1859 α
1197 1832 1358 1866 Denariis
1389 1834 1501 1868 tribus
1527 1836 1620 1869 invi-

941 1889 1003 1915 tas.
1027 1900 1039 1910 »ι
1066 1883 1208 1916 —Hos
1227 1886 1326 1918 fictos
1350 1888 1513 1921 convivas
1529 1913 1538 1927 ,
1559 1890 1621 1923 has

942 1934 1080 1968 fraudes
1097 1937 1237 1970 sustulit
1252 1939 1489 1980 Domitianus,
1507 1954 1621 1977 coenas

940 1997 1050 2021 rectas
1081 1989 1304 2031 revocand03
1336 2001 1370 2025 et
1394 1992 1476 2026 inde
1503 1994 1621 2029 dicere

942 2041 1136 2075 Martialem
1163 2044 1246 2075 nihil
1271 2046 1469 2090 stropharum
1491 2056 1537 2080 est
1557 2050 1618 2084 lib.

942 2095 995 2127 ΠΙ
1009 2120 1018 2136 ,
1034 2096 1140 2140 epigr.
1157 2108 1210 2128 vu
1223 2123 1232 2138 ,
1244 2110 1293 2129 vs.
1312 2100 1332 2131 6
1347 2124 1356 2137 ,
1376 2108 1475 2143 putat
1487 2102 1617 2136 Ramir.

941 2157 1036 2180 recte
1059 2147 1223 2193 quidem,
1251 2159 1290 2183 ut
1314 2151 1466 2186 videtur.
1486 2154 1552 2188 Eo.

997 2215 1028 2234 2.
1045 2204 1102 2234 Αιι
1130 2210 1165 2233 ut
1192 2204 1357 2236 inc-ideam.
1383 2205 1438 2238 Sic
1462 2208 1622 2251 queritur

943 2253 987 2287 de
1009 2254 1217 2297 Caeciliano,
1246 2257 1308 2289 lih.
1336 2258 1372 2297 Ι,
1399 2258 1508 2304 epigr.
1534 2273 1617 2303 xx1;

943 2306 988 2339 de
1014 2308 1199 2349 Mancino,
1225 2309 1288 2342 lib.
1310 2310 1347 2350 I,
1374 2312 1481 2357 epigr.
1515 2326 1620 2357 xmv3

944 2359 987 2392 de
1016 2361 1183 2400 Fabullo,
1206 2361 1265 2394 lib.
1301 2363 1354 2395 III
1369 2389 1377 2404 ‚
1403 2365 1513 2410 epigr.
1539 2379 1620 2409 x113

945 2412 989 2444 de
1007 2413 1144 2455 llaex’ia,
1164 2414 1225 2446 lib.
1240 2416 1293 2447 HI
1308 2442 1316 2456 ,
1339 2417 1449 2462 epigr.
1464 2431 1559 2462 11113
1577 2419 1621 2453 de

946 2478 1048 2498 avaro
1073 2466 1248 2512 quodam,
1271 2468 1332 2500 lib.
1354 2470 1429 2511 ΙΙΙ,
1452 2472 1619 2517 epigram.

946 2531 1065 2559 xxm,
1097 2528 1130 2552 et
1158 2520 1267 2565 epigr.
1295 2534 1406 2563 thx3
1438 2523 1482 2557 de
1512 2527 1625 2566 Rufo,

947 2571 1071 2606 eodem
1086 2572 1146 2606 lib.
1163 2574 1274 2619 epigr.
1290 2588 1385 2618 xcrv,
1401 2584 1539 2611 etc.etc
1555 2579 1622 2612 En.

1319 2725 1380 2769 30
