<?xml version="1.0" encoding="UTF-8"?>
<!DOCTYPE html PUBLIC "-//W3C//DTD XHTML 1.0 Transitional//EN"
    "http://www.w3.org/TR/xhtml1/DTD/xhtml1-transitional.dtd">
<html xmlns="http://www.w3.org/1999/xhtml" xml:lang="en" lang="en">
 <head>
  <title>
</title>
<meta http-equiv="Content-Type" content="text/html;charset=utf-8" />
  <meta name='ocr-system' content='tesseract 3.04.00' />
  <meta name='ocr-capabilities' content='ocr_page ocr_carea ocr_par ocr_line ocrx_word'/>
</head>
<body>
  <div class='ocr_page' id='page_1' title='image "./epigrammata01martuoft_0121.png"; bbox 0 0 2061 3288; ppageno 0'>
   <div class='ocr_carea' id='block_1_1' title="bbox 165 206 1588 924">
    <p class='ocr_par' dir='ltr' id='par_1_1' title="bbox 165 206 1588 924">
     <span class='ocr_line' id='line_1_1' title="bbox 456 206 1588 251; baseline -0.002 -1"><span class='ocrx_word' id='word_1_1' title='bbox 456 209 543 251; x_wconf 72' lang='lat' dir='ltr'>DE</span> <span class='ocrx_word' id='word_1_2' title='bbox 582 209 846 251; x_wconf 76' lang='lat' dir='ltr'>METRlS</span> <span class='ocrx_word' id='word_1_3' title='bbox 887 206 1291 250; x_wconf 66' lang='lat' dir='ltr'>MAR&#39;rlALlS.</span> <span class='ocrx_word' id='word_1_4' title='bbox 1508 221 1588 248; x_wconf 77' lang='lat'>‹2111</span> 
     </span>
     <span class='ocr_line' id='line_1_2' title="bbox 166 292 1588 356; baseline -0.001 -19"><span class='ocrx_word' id='word_1_5' title='bbox 166 307 206 340; x_wconf 68' lang='lat' dir='ltr'>vt</span> <span class='ocrx_word' id='word_1_6' title='bbox 230 295 402 340; x_wconf 77' lang='lat' dir='ltr'>cinaedis</span> <span class='ocrx_word' id='word_1_7' title='bbox 422 295 741 356; x_wconf 84' lang='lat' dir='ltr'>improbissime</span> <span class='ocrx_word' id='word_1_8' title='bbox 765 295 1015 356; x_wconf 72' lang='lat' dir='ltr'>belligerat,</span> <span class='ocrx_word' id='word_1_9' title='bbox 1038 293 1170 337; x_wconf 81' lang='lat' dir='ltr'>niodo</span> <span class='ocrx_word' id='word_1_10' title='bbox 1195 292 1349 353; x_wconf 78' lang='lat' dir='ltr'>longus</span> <span class='ocrx_word' id='word_1_11' title='bbox 1376 303 1419 336; x_wconf 79' lang='lat' dir='ltr'>ct</span> <span class='ocrx_word' id='word_1_12' title='bbox 1447 294 1588 352; x_wconf 72' lang='lat' dir='ltr'>gravis</span> 
     </span>
     <span class='ocr_line' id='line_1_3' title="bbox 167 363 1588 414; baseline -0.002 -4"><span class='ocrx_word' id='word_1_13' title='bbox 167 383 396 412; x_wconf 82' lang='lat' dir='ltr'>numerosa</span> <span class='ocrx_word' id='word_1_14' title='bbox 434 366 561 410; x_wconf 87' lang='lat' dir='ltr'>verba</span> <span class='ocrx_word' id='word_1_15' title='bbox 597 368 787 410; x_wconf 74' lang='lat' dir='ltr'>suaviter</span> <span class='ocrx_word' id='word_1_16' title='bbox 824 365 1094 414; x_wconf 62' lang='lat' dir='ltr'>modulatum</span> <span class='ocrx_word' id='word_1_17' title='bbox 1122 363 1341 407; x_wconf 87' lang='lat' dir='ltr'>interdum</span> <span class='ocrx_word' id='word_1_18' title='bbox 1376 363 1588 408; x_wconf 76' lang='lat' dir='ltr'>brevitate</span> 
     </span>
     <span class='ocr_line' id='line_1_4' title="bbox 166 434 1586 498; baseline -0.004 -16"><span class='ocrx_word' id='word_1_19' title='bbox 166 438 323 498; x_wconf 80' lang='lat' dir='ltr'>gaudet</span> <span class='ocrx_word' id='word_1_20' title='bbox 343 447 386 482; x_wconf 90' lang='lat' dir='ltr'>et</span> <span class='ocrx_word' id='word_1_21' title='bbox 406 437 529 492; x_wconf 84' lang='lat' dir='ltr'>sales,</span> <span class='ocrx_word' id='word_1_22' title='bbox 545 438 688 498; x_wconf 82' lang='lat' dir='ltr'>jocos,</span> <span class='ocrx_word' id='word_1_23' title='bbox 708 437 906 495; x_wconf 74' lang='lat' dir='ltr'>facetias,</span> <span class='ocrx_word' id='word_1_24' title='bbox 925 444 1163 481; x_wconf 85' lang='lat' dir='ltr'>scommata</span> <span class='ocrx_word' id='word_1_25' title='bbox 1179 434 1412 495; x_wconf 83' lang='lat' dir='ltr'>jaculatur,</span> <span class='ocrx_word' id='word_1_26' title='bbox 1431 444 1562 478; x_wconf 85' lang='lat' dir='ltr'>vento</span> <span class='ocrx_word' id='word_1_27' title='bbox 1577 471 1586 489; x_wconf 87' lang='lat'>,</span> 
     </span>
     <span class='ocr_line' id='line_1_5' title="bbox 167 505 1583 570; baseline -0.003 -18"><span class='ocrx_word' id='word_1_28' title='bbox 167 509 431 570; x_wconf 79' lang='lat' dir='ltr'>fulguribus,</span> <span class='ocrx_word' id='word_1_29' title='bbox 467 510 566 569; x_wconf 82' lang='lat' dir='ltr'>igne</span> <span class='ocrx_word' id='word_1_30' title='bbox 609 508 787 553; x_wconf 86' lang='lat' dir='ltr'>trisulco</span> <span class='ocrx_word' id='word_1_31' title='bbox 826 508 1002 569; x_wconf 87' lang='lat' dir='ltr'>rapidus</span> <span class='ocrx_word' id='word_1_32' title='bbox 1044 507 1180 567; x_wconf 80' lang='lat' dir='ltr'>magis</span> <span class='ocrx_word' id='word_1_33' title='bbox 1219 516 1261 549; x_wconf 92' lang='lat' dir='ltr'>et</span> <span class='ocrx_word' id='word_1_34' title='bbox 1293 505 1583 567; x_wconf 85' lang='lat' dir='ltr'>penetrabilis.</span> 
     </span>
     <span class='ocr_line' id='line_1_6' title="bbox 167 576 1586 640; baseline -0.002 -17"><span class='ocrx_word' id='word_1_35' title='bbox 167 580 251 623; x_wconf 85' lang='lat' dir='ltr'>Sed</span> <span class='ocrx_word' id='word_1_36' title='bbox 281 581 358 623; x_wconf 83' lang='lat' dir='ltr'>ubi</span> <span class='ocrx_word' id='word_1_37' title='bbox 390 580 576 624; x_wconf 85' lang='lat' dir='ltr'>heroicae</span> <span class='ocrx_word' id='word_1_38' title='bbox 605 581 852 640; x_wconf 76' lang='lat' dir='ltr'>gravitatis,</span> <span class='ocrx_word' id='word_1_39' title='bbox 877 579 1029 640; x_wconf 77' lang='lat' dir='ltr'>tragici</span> <span class='ocrx_word' id='word_1_40' title='bbox 1057 578 1231 638; x_wconf 87' lang='lat' dir='ltr'>spiritus</span> <span class='ocrx_word' id='word_1_41' title='bbox 1259 577 1326 621; x_wconf 88' lang='lat' dir='ltr'>vel</span> <span class='ocrx_word' id='word_1_42' title='bbox 1354 576 1586 637; x_wconf 85' lang='lat' dir='ltr'>dithyram-</span> 
     </span>
     <span class='ocr_line' id='line_1_7' title="bbox 166 647 1581 711; baseline -0.002 -18"><span class='ocrx_word' id='word_1_43' title='bbox 166 650 271 695; x_wconf 88' lang='lat' dir='ltr'>bicae</span> <span class='ocrx_word' id='word_1_44' title='bbox 291 650 481 695; x_wconf 77' lang='lat' dir='ltr'>audaciae</span> <span class='ocrx_word' id='word_1_45' title='bbox 509 650 767 705; x_wconf 85' lang='lat' dir='ltr'>adfectator,</span> <span class='ocrx_word' id='word_1_46' title='bbox 783 662 858 694; x_wconf 88' lang='lat' dir='ltr'>aut</span> <span class='ocrx_word' id='word_1_47' title='bbox 881 650 1016 711; x_wconf 86' lang='lat' dir='ltr'>lyram</span> <span class='ocrx_word' id='word_1_48' title='bbox 1042 664 1175 691; x_wconf 88' lang='lat' dir='ltr'>manu</span> <span class='ocrx_word' id='word_1_49' title='bbox 1201 649 1312 708; x_wconf 83' lang='lat' dir='ltr'>rapit</span> <span class='ocrx_word' id='word_1_50' title='bbox 1336 658 1378 691; x_wconf 85' lang='lat' dir='ltr'>et</span> <span class='ocrx_word' id='word_1_51' title='bbox 1401 647 1581 698; x_wconf 88' lang='lat' dir='ltr'>lituum,</span> 
     </span>
     <span class='ocr_line' id='line_1_8' title="bbox 165 718 1582 782; baseline -0.002 -18"><span class='ocrx_word' id='word_1_52' title='bbox 165 731 238 766; x_wconf 88' lang='lat' dir='ltr'>aut</span> <span class='ocrx_word' id='word_1_53' title='bbox 267 722 532 766; x_wconf 86' lang='lat' dir='ltr'>cothurnum</span> <span class='ocrx_word' id='word_1_54' title='bbox 561 723 778 766; x_wconf 89' lang='lat' dir='ltr'>inassueto</span> <span class='ocrx_word' id='word_1_55' title='bbox 810 720 909 782; x_wconf 91' lang='lat' dir='ltr'>pedi</span> <span class='ocrx_word' id='word_1_56' title='bbox 942 730 1088 781; x_wconf 82' lang='lat' dir='ltr'>aptat,</span> <span class='ocrx_word' id='word_1_57' title='bbox 1112 718 1364 780; x_wconf 85' lang='lat' dir='ltr'>Elegiacum</span> <span class='ocrx_word' id='word_1_58' title='bbox 1396 728 1582 762; x_wconf 87' lang='lat' dir='ltr'>metrum</span> 
     </span>
     <span class='ocr_line' id='line_1_9' title="bbox 165 788 1579 854; baseline -0.002 -19"><span class='ocrx_word' id='word_1_59' title='bbox 165 802 355 854; x_wconf 80' lang='lat' dir='ltr'>usurpat.</span> <span class='ocrx_word' id='word_1_60' title='bbox 372 794 504 853; x_wconf 83' lang='lat' dir='ltr'>Lege,</span> <span class='ocrx_word' id='word_1_61' title='bbox 521 794 554 836; x_wconf 82' lang='lat' dir='ltr'>si</span> <span class='ocrx_word' id='word_1_62' title='bbox 577 793 772 847; x_wconf 80' lang='lat' dir='ltr'>dubitas,</span> <span class='ocrx_word' id='word_1_63' title='bbox 796 802 954 836; x_wconf 88' lang='lat' dir='ltr'>cuncta</span> <span class='ocrx_word' id='word_1_64' title='bbox 981 791 1069 835; x_wconf 86' lang='lat' dir='ltr'>fere</span> <span class='ocrx_word' id='word_1_65' title='bbox 1090 807 1184 850; x_wconf 85' lang='lat' dir='ltr'>quae</span> <span class='ocrx_word' id='word_1_66' title='bbox 1213 790 1265 833; x_wconf 83' lang='lat' dir='ltr'>de</span> <span class='ocrx_word' id='word_1_67' title='bbox 1293 788 1579 833; x_wconf 76' lang='lat' dir='ltr'>theatralibus</span> 
     </span>
     <span class='ocr_line' id='line_1_10' title="bbox 166 863 771 924; baseline 0 -19"><span class='ocrx_word' id='word_1_68' title='bbox 166 863 367 908; x_wconf 89' lang='lat' dir='ltr'>ludorum</span> <span class='ocrx_word' id='word_1_69' title='bbox 399 863 609 924; x_wconf 80' lang='lat' dir='ltr'>prodigiis</span> <span class='ocrx_word' id='word_1_70' title='bbox 640 866 771 908; x_wconf 88' lang='lat' dir='ltr'>canit.</span> 
     </span>
    </p>
   </div>
   <div class='ocr_carea' id='block_1_2' title="bbox 296 961 1370 1101">
    <p class='ocr_par' dir='ltr' id='par_1_2' title="bbox 296 961 1370 1101">
     <span class='ocr_line' id='line_1_11' title="bbox 296 961 844 1010; baseline -0.002 -11"><span class='ocrx_word' id='word_1_71' title='bbox 296 961 458 999; x_wconf 83' lang='lat' dir='ltr'>Barbara</span> <span class='ocrx_word' id='word_1_72' title='bbox 480 962 751 1010; x_wconf 83' lang='lat' dir='ltr'>Pyramidum,</span> <span class='ocrx_word' id='word_1_73' title='bbox 774 973 844 999; x_wconf 80' lang='lat' dir='ltr'>etc.</span> 
     </span>
     <span class='ocr_line' id='line_1_12' title="bbox 298 1050 1370 1101; baseline -0.004 -13"><span class='ocrx_word' id='word_1_74' title='bbox 298 1051 367 1088; x_wconf 83' lang='lat' dir='ltr'>Hie</span> <span class='ocrx_word' id='word_1_75' title='bbox 392 1051 455 1088; x_wconf 87' lang='lat' dir='ltr'>ubi</span> <span class='ocrx_word' id='word_1_76' title='bbox 477 1051 646 1088; x_wconf 79' lang='lat' dir='ltr'>sidereus</span> <span class='ocrx_word' id='word_1_77' title='bbox 664 1052 826 1101; x_wconf 78' lang='lat' dir='ltr'>propior</span> <span class='ocrx_word' id='word_1_78' title='bbox 845 1050 947 1087; x_wconf 65' lang='lat' dir='ltr'>videt</span> <span class='ocrx_word' id='word_1_79' title='bbox 971 1059 1070 1087; x_wconf 79' lang='lat' dir='ltr'>astra</span> <span class='ocrx_word' id='word_1_80' title='bbox 1090 1051 1278 1093; x_wconf 81' lang='lat' dir='ltr'>colossus,</span> <span class='ocrx_word' id='word_1_81' title='bbox 1301 1058 1370 1084; x_wconf 71' lang='lat' dir='ltr'>eir.</span> 
     </span>
    </p>
   </div>
   <div class='ocr_carea' id='block_1_3' title="bbox 164 1144 1585 2738">
    <p class='ocr_par' dir='ltr' id='par_1_3' title="bbox 164 1144 1584 1490">
     <span class='ocr_line' id='line_1_13' title="bbox 165 1144 1584 1207; baseline -0.001 -18"><span class='ocrx_word' id='word_1_82' title='bbox 165 1146 232 1190; x_wconf 84' lang='lat' dir='ltr'>vel</span> <span class='ocrx_word' id='word_1_83' title='bbox 262 1146 355 1191; x_wconf 85' lang='lat' dir='ltr'>haec</span> <span class='ocrx_word' id='word_1_84' title='bbox 381 1148 538 1207; x_wconf 87' lang='lat' dir='ltr'>quibus</span> <span class='ocrx_word' id='word_1_85' title='bbox 568 1148 730 1201; x_wconf 82' lang='lat' dir='ltr'>Arriae,</span> <span class='ocrx_word' id='word_1_86' title='bbox 763 1145 989 1199; x_wconf 76' lang='lat' dir='ltr'>Scaevolae,</span> <span class='ocrx_word' id='word_1_87' title='bbox 1019 1147 1180 1190; x_wconf 77' lang='lat' dir='ltr'>Porciae</span> <span class='ocrx_word' id='word_1_88' title='bbox 1218 1146 1412 1188; x_wconf 85' lang='lat' dir='ltr'>animosa</span> <span class='ocrx_word' id='word_1_89' title='bbox 1449 1144 1584 1195; x_wconf 71' lang='lat' dir='ltr'>facta„</span> 
     </span>
     <span class='ocr_line' id='line_1_14' title="bbox 165 1214 1582 1279; baseline -0.001 -19"><span class='ocrx_word' id='word_1_90' title='bbox 165 1219 462 1279; x_wconf 86' lang='lat' dir='ltr'>magnanimas</span> <span class='ocrx_word' id='word_1_91' title='bbox 491 1234 644 1267; x_wconf 72' lang='lat' dir='ltr'>voces,</span> <span class='ocrx_word' id='word_1_92' title='bbox 678 1218 916 1261; x_wconf 80' lang='lat' dir='ltr'>animosior</span> <span class='ocrx_word' id='word_1_93' title='bbox 948 1218 1062 1278; x_wconf 88' lang='lat' dir='ltr'>ipse,</span> <span class='ocrx_word' id='word_1_94' title='bbox 1087 1226 1235 1260; x_wconf 85' lang='lat' dir='ltr'>narrat</span> <span class='ocrx_word' id='word_1_95' title='bbox 1260 1214 1358 1270; x_wconf 68' lang='lat' dir='ltr'>(lib.</span> <span class='ocrx_word' id='word_1_96' title='bbox 1386 1218 1426 1270; x_wconf 90' lang='lat' dir='ltr'>l,</span> <span class='ocrx_word' id='word_1_97' title='bbox 1449 1216 1582 1275; x_wconf 82' lang='lat' dir='ltr'>epigr.</span> 
     </span>
     <span class='ocr_line' id='line_1_15' title="bbox 165 1286 1583 1348; baseline -0.001 -17"><span class='ocrx_word' id='word_1_98' title='bbox 165 1304 260 1341; x_wconf 86' lang='lat' dir='ltr'>x1V,</span> <span class='ocrx_word' id='word_1_99' title='bbox 284 1304 428 1342; x_wconf 81' lang='lat' dir='ltr'>xLiil,</span> <span class='ocrx_word' id='word_1_100' title='bbox 449 1290 582 1340; x_wconf 82' lang='lat' dir='ltr'>XXII).</span> <span class='ocrx_word' id='word_1_101' title='bbox 609 1291 824 1333; x_wconf 76' lang='lat' dir='ltr'>Caesarem</span> <span class='ocrx_word' id='word_1_102' title='bbox 847 1288 912 1331; x_wconf 86' lang='lat' dir='ltr'>his</span> <span class='ocrx_word' id='word_1_103' title='bbox 934 1304 1104 1348; x_wconf 83' lang='lat' dir='ltr'>semper</span> <span class='ocrx_word' id='word_1_104' title='bbox 1126 1286 1382 1347; x_wconf 78' lang='lat' dir='ltr'>alloquitur3</span> <span class='ocrx_word' id='word_1_105' title='bbox 1403 1287 1469 1330; x_wconf 91' lang='lat' dir='ltr'>his</span> <span class='ocrx_word' id='word_1_106' title='bbox 1494 1286 1583 1330; x_wconf 72' lang='lat' dir='ltr'>fere</span> 
     </span>
     <span class='ocr_line' id='line_1_16' title="bbox 165 1357 1580 1420; baseline -0.001 -18"><span class='ocrx_word' id='word_1_107' title='bbox 165 1375 335 1420; x_wconf 86' lang='lat' dir='ltr'>semper</span> <span class='ocrx_word' id='word_1_108' title='bbox 363 1375 554 1403; x_wconf 86' lang='lat' dir='ltr'>amoenas</span> <span class='ocrx_word' id='word_1_109' title='bbox 581 1358 704 1403; x_wconf 87' lang='lat' dir='ltr'>villas</span> <span class='ocrx_word' id='word_1_110' title='bbox 741 1357 1066 1420; x_wconf 84' lang='lat' dir='ltr'>epulantiumve</span> <span class='ocrx_word' id='word_1_111' title='bbox 1095 1358 1210 1419; x_wconf 86' lang='lat' dir='ltr'>apud</span> <span class='ocrx_word' id='word_1_112' title='bbox 1238 1358 1413 1400; x_wconf 87' lang='lat' dir='ltr'>beatum</span> <span class='ocrx_word' id='word_1_113' title='bbox 1442 1361 1580 1400; x_wconf 85' lang='lat' dir='ltr'>virum</span> 
     </span>
     <span class='ocr_line' id='line_1_17' title="bbox 164 1429 655 1490; baseline -0.002 -17"><span class='ocrx_word' id='word_1_114' title='bbox 164 1429 410 1490; x_wconf 74' lang='lat' dir='ltr'>voluptates</span> <span class='ocrx_word' id='word_1_115' title='bbox 435 1430 655 1474; x_wconf 85' lang='lat' dir='ltr'>describit.</span> 
     </span>
    </p>

    <p class='ocr_par' dir='ltr' id='par_1_4' title="bbox 164 1498 1585 2697">
     <span class='ocr_line' id='line_1_18' title="bbox 233 1498 1581 1561; baseline -0.001 -18"><span class='ocrx_word' id='word_1_116' title='bbox 233 1502 291 1544; x_wconf 79' lang='lat' dir='ltr'>At</span> <span class='ocrx_word' id='word_1_117' title='bbox 312 1500 483 1544; x_wconf 84' lang='lat' dir='ltr'>duobus</span> <span class='ocrx_word' id='word_1_118' title='bbox 509 1518 617 1561; x_wconf 81' lang='lat' dir='ltr'>quos</span> <span class='ocrx_word' id='word_1_119' title='bbox 643 1500 830 1561; x_wconf 87' lang='lat' dir='ltr'>reliquos</span> <span class='ocrx_word' id='word_1_120' title='bbox 850 1502 939 1561; x_wconf 78' lang='lat' dir='ltr'>jam</span> <span class='ocrx_word' id='word_1_121' title='bbox 966 1500 1254 1560; x_wconf 78' lang='lat' dir='ltr'>adspicimus,</span> <span class='ocrx_word' id='word_1_122' title='bbox 1277 1498 1383 1542; x_wconf 89' lang='lat' dir='ltr'>nihil</span> <span class='ocrx_word' id='word_1_123' title='bbox 1410 1500 1489 1542; x_wconf 89' lang='lat' dir='ltr'>nisi</span> <span class='ocrx_word' id='word_1_124' title='bbox 1520 1498 1581 1541; x_wconf 91' lang='lat' dir='ltr'>lu-</span> 
     </span>
     <span class='ocr_line' id='line_1_19' title="bbox 164 1569 1584 1633; baseline -0.001 -18"><span class='ocrx_word' id='word_1_125' title='bbox 164 1572 333 1616; x_wconf 86' lang='lat' dir='ltr'>dicrum</span> <span class='ocrx_word' id='word_1_126' title='bbox 351 1573 599 1632; x_wconf 80' lang='lat' dir='ltr'>assignavit.</span> <span class='ocrx_word' id='word_1_127' title='bbox 631 1571 801 1633; x_wconf 81' lang='lat' dir='ltr'>Aliquid</span> <span class='ocrx_word' id='word_1_128' title='bbox 827 1582 971 1615; x_wconf 85' lang='lat' dir='ltr'>tamen</span> <span class='ocrx_word' id='word_1_129' title='bbox 997 1573 1109 1614; x_wconf 88' lang='lat' dir='ltr'>inter</span> <span class='ocrx_word' id='word_1_130' title='bbox 1134 1572 1237 1614; x_wconf 88' lang='lat' dir='ltr'>istos</span> <span class='ocrx_word' id='word_1_131' title='bbox 1259 1569 1584 1630; x_wconf 75' lang='lat' dir='ltr'>discrepantiae,</span> 
     </span>
     <span class='ocr_line' id='line_1_20' title="bbox 166 1640 1584 1704; baseline -0.002 -18"><span class='ocrx_word' id='word_1_132' title='bbox 166 1644 199 1687; x_wconf 84' lang='lat' dir='ltr'>si</span> <span class='ocrx_word' id='word_1_133' title='bbox 231 1651 394 1686; x_wconf 88' lang='lat' dir='ltr'>attente</span> <span class='ocrx_word' id='word_1_134' title='bbox 426 1644 725 1704; x_wconf 81' lang='lat' dir='ltr'>reputaveris,</span> <span class='ocrx_word' id='word_1_135' title='bbox 755 1643 960 1687; x_wconf 80' lang='lat' dir='ltr'>invenies.</span> <span class='ocrx_word' id='word_1_136' title='bbox 989 1640 1415 1702; x_wconf 82' lang='lat' dir='ltr'>Hendecasyllabus,</span> <span class='ocrx_word' id='word_1_137' title='bbox 1446 1640 1584 1684; x_wconf 80' lang='lat' dir='ltr'>levior</span> 
     </span>
     <span class='ocr_line' id='line_1_21' title="bbox 165 1711 1585 1775; baseline -0.001 -18"><span class='ocrx_word' id='word_1_138' title='bbox 165 1712 426 1774; x_wconf 82' lang='lat' dir='ltr'>syllabarum</span> <span class='ocrx_word' id='word_1_139' title='bbox 450 1715 668 1775; x_wconf 84' lang='lat' dir='ltr'>paucitate</span> <span class='ocrx_word' id='word_1_140' title='bbox 689 1724 732 1758; x_wconf 88' lang='lat' dir='ltr'>et</span> <span class='ocrx_word' id='word_1_141' title='bbox 751 1714 949 1758; x_wconf 76' lang='lat' dir='ltr'>brevium</span> <span class='ocrx_word' id='word_1_142' title='bbox 978 1714 1242 1774; x_wconf 82' lang='lat' dir='ltr'>frequentia,</span> <span class='ocrx_word' id='word_1_143' title='bbox 1261 1712 1319 1756; x_wconf 89' lang='lat' dir='ltr'>ob</span> <span class='ocrx_word' id='word_1_144' title='bbox 1343 1711 1385 1755; x_wconf 93' lang='lat' dir='ltr'>id</span> <span class='ocrx_word' id='word_1_145' title='bbox 1410 1728 1585 1772; x_wconf 76' lang='lat' dir='ltr'>praeser-</span> 
     </span>
     <span class='ocr_line' id='line_1_22' title="bbox 166 1783 1582 1846; baseline -0.002 -18"><span class='ocrx_word' id='word_1_146' title='bbox 166 1786 242 1828; x_wconf 90' lang='lat' dir='ltr'>tim</span> <span class='ocrx_word' id='word_1_147' title='bbox 265 1783 428 1846; x_wconf 90' lang='lat' dir='ltr'>placet,</span> <span class='ocrx_word' id='word_1_148' title='bbox 445 1785 563 1845; x_wconf 76' lang='lat' dir='ltr'>quod</span> <span class='ocrx_word' id='word_1_149' title='bbox 589 1785 808 1829; x_wconf 84' lang='lat' dir='ltr'>trochaeus</span> <span class='ocrx_word' id='word_1_150' title='bbox 832 1784 1042 1846; x_wconf 85' lang='lat' dir='ltr'>plurimos</span> <span class='ocrx_word' id='word_1_151' title='bbox 1067 1794 1109 1827; x_wconf 91' lang='lat' dir='ltr'>et</span> <span class='ocrx_word' id='word_1_152' title='bbox 1134 1783 1310 1844; x_wconf 89' lang='lat' dir='ltr'>quidem</span> <span class='ocrx_word' id='word_1_153' title='bbox 1338 1784 1582 1844; x_wconf 76' lang='lat' dir='ltr'>praecipuos</span> 
     </span>
     <span class='ocr_line' id='line_1_23' title="bbox 166 1853 1579 1917; baseline -0.002 -19"><span class='ocrx_word' id='word_1_154' title='bbox 166 1855 284 1900; x_wconf 90' lang='lat' dir='ltr'>locos</span> <span class='ocrx_word' id='word_1_155' title='bbox 300 1857 344 1899; x_wconf 90' lang='lat' dir='ltr'>in</span> <span class='ocrx_word' id='word_1_156' title='bbox 368 1873 419 1899; x_wconf 91' lang='lat' dir='ltr'>eo</span> <span class='ocrx_word' id='word_1_157' title='bbox 443 1856 621 1900; x_wconf 85' lang='lat' dir='ltr'>obtinet.</span> <span class='ocrx_word' id='word_1_158' title='bbox 641 1857 755 1900; x_wconf 89' lang='lat' dir='ltr'>Nam</span> <span class='ocrx_word' id='word_1_159' title='bbox 775 1857 967 1917; x_wconf 89' lang='lat' dir='ltr'>quinque</span> <span class='ocrx_word' id='word_1_160' title='bbox 985 1855 1117 1916; x_wconf 86' lang='lat' dir='ltr'>pedes</span> <span class='ocrx_word' id='word_1_161' title='bbox 1139 1855 1182 1897; x_wconf 89' lang='lat' dir='ltr'>in</span> <span class='ocrx_word' id='word_1_162' title='bbox 1204 1853 1579 1914; x_wconf 70' lang='lat' dir='ltr'>Hendecasyllabn</span> 
     </span>
     <span class='ocr_line' id='line_1_24' title="bbox 166 1925 1576 1988; baseline -0.002 -18"><span class='ocrx_word' id='word_1_163' title='bbox 166 1937 288 1981; x_wconf 89' lang='lat' dir='ltr'>sunt,</span> <span class='ocrx_word' id='word_1_164' title='bbox 310 1944 498 1988; x_wconf 88' lang='lat' dir='ltr'>quorum</span> <span class='ocrx_word' id='word_1_165' title='bbox 521 1937 608 1971; x_wconf 85' lang='lat' dir='ltr'>tres</span> <span class='ocrx_word' id='word_1_166' title='bbox 629 1927 810 1971; x_wconf 78' lang='lat' dir='ltr'>trochaei</span> <span class='ocrx_word' id='word_1_167' title='bbox 829 1936 952 1981; x_wconf 78' lang='lat' dir='ltr'>sunt3</span> <span class='ocrx_word' id='word_1_168' title='bbox 976 1943 1052 1987; x_wconf 87' lang='lat' dir='ltr'>pes</span> <span class='ocrx_word' id='word_1_169' title='bbox 1074 1925 1290 1969; x_wconf 81' lang='lat' dir='ltr'>trochaeus</span> <span class='ocrx_word' id='word_1_170' title='bbox 1322 1941 1427 1986; x_wconf 82' lang='lat' dir='ltr'>ergo</span> <span class='ocrx_word' id='word_1_171' title='bbox 1454 1940 1576 1985; x_wconf 85' lang='lat' dir='ltr'>aper-</span> 
     </span>
     <span class='ocr_line' id='line_1_25' title="bbox 166 1995 1579 2056; baseline -0.002 -15"><span class='ocrx_word' id='word_1_172' title='bbox 166 1999 326 2042; x_wconf 85' lang='lat' dir='ltr'>tissime</span> <span class='ocrx_word' id='word_1_173' title='bbox 358 1997 608 2042; x_wconf 83' lang='lat' dir='ltr'>dominatur</span> <span class='ocrx_word' id='word_1_174' title='bbox 634 2015 641 2041; x_wconf 90' lang='lat'>:</span> <span class='ocrx_word' id='word_1_175' title='bbox 675 2008 767 2042; x_wconf 87' lang='lat' dir='ltr'>tum</span> <span class='ocrx_word' id='word_1_176' title='bbox 805 2008 893 2041; x_wconf 88' lang='lat' dir='ltr'>tres</span> <span class='ocrx_word' id='word_1_177' title='bbox 932 1999 1071 2041; x_wconf 88' lang='lat' dir='ltr'>socios</span> <span class='ocrx_word' id='word_1_178' title='bbox 1108 1995 1217 2039; x_wconf 87' lang='lat' dir='ltr'>nihil</span> <span class='ocrx_word' id='word_1_179' title='bbox 1247 2005 1446 2056; x_wconf 65' lang='lat' dir='ltr'>separat,</span> <span class='ocrx_word' id='word_1_180' title='bbox 1475 1995 1579 2038; x_wconf 86' lang='lat' dir='ltr'>nihil</span> 
     </span>
     <span class='ocr_line' id='line_1_26' title="bbox 168 2067 1579 2130; baseline -0.004 -17"><span class='ocrx_word' id='word_1_181' title='bbox 168 2069 393 2130; x_wconf 86' lang='lat' dir='ltr'>prohibet,</span> <span class='ocrx_word' id='word_1_182' title='bbox 414 2070 518 2130; x_wconf 86' lang='lat' dir='ltr'>quin</span> <span class='ocrx_word' id='word_1_183' title='bbox 537 2069 618 2113; x_wconf 89' lang='lat' dir='ltr'>sibi</span> <span class='ocrx_word' id='word_1_184' title='bbox 638 2071 826 2114; x_wconf 85' lang='lat' dir='ltr'>invicem</span> <span class='ocrx_word' id='word_1_185' title='bbox 852 2068 1162 2122; x_wconf 67' lang='lat' dir='ltr'>adnectanturf,</span> <span class='ocrx_word' id='word_1_186' title='bbox 1185 2067 1287 2110; x_wconf 88' lang='lat' dir='ltr'>hinc</span> <span class='ocrx_word' id='word_1_187' title='bbox 1308 2083 1413 2127; x_wconf 83' lang='lat' dir='ltr'>ergo</span> <span class='ocrx_word' id='word_1_188' title='bbox 1429 2082 1579 2109; x_wconf 85' lang='lat' dir='ltr'>aurem</span> 
     </span>
     <span class='ocr_line' id='line_1_27' title="bbox 168 2138 1583 2201; baseline -0.002 -18"><span class='ocrx_word' id='word_1_189' title='bbox 168 2142 303 2200; x_wconf 87' lang='lat' dir='ltr'>magis</span> <span class='ocrx_word' id='word_1_190' title='bbox 333 2140 495 2183; x_wconf 87' lang='lat' dir='ltr'>feriunt</span> <span class='ocrx_word' id='word_1_191' title='bbox 516 2158 523 2183; x_wconf 94' lang='lat'><strong>:</strong></span> <span class='ocrx_word' id='word_1_192' title='bbox 555 2140 741 2201; x_wconf 88' lang='lat' dir='ltr'>denique</span> <span class='ocrx_word' id='word_1_193' title='bbox 766 2139 967 2184; x_wconf 83' lang='lat' dir='ltr'>ultimam</span> <span class='ocrx_word' id='word_1_194' title='bbox 989 2139 1134 2182; x_wconf 86' lang='lat' dir='ltr'>sedem</span> <span class='ocrx_word' id='word_1_195' title='bbox 1160 2139 1189 2181; x_wconf 87' lang='lat' dir='ltr'>ii</span> <span class='ocrx_word' id='word_1_196' title='bbox 1213 2138 1463 2189; x_wconf 80' lang='lat' dir='ltr'>obtinuere3</span> <span class='ocrx_word' id='word_1_197' title='bbox 1488 2139 1583 2197; x_wconf 86' lang='lat' dir='ltr'>quis</span> 
     </span>
     <span class='ocr_line' id='line_1_28' title="bbox 170 2208 1579 2272; baseline -0.001 -19"><span class='ocrx_word' id='word_1_198' title='bbox 170 2226 274 2255; x_wconf 87' lang='lat' dir='ltr'>vero</span> <span class='ocrx_word' id='word_1_199' title='bbox 295 2212 431 2254; x_wconf 87' lang='lat' dir='ltr'>nescit</span> <span class='ocrx_word' id='word_1_200' title='bbox 454 2210 523 2254; x_wconf 86' lang='lat' dir='ltr'>illa</span> <span class='ocrx_word' id='word_1_201' title='bbox 547 2213 786 2272; x_wconf 76' lang='lat' dir='ltr'>praesertim</span> <span class='ocrx_word' id='word_1_202' title='bbox 810 2209 1075 2254; x_wconf 83' lang='lat' dir='ltr'>invalescere</span> <span class='ocrx_word' id='word_1_203' title='bbox 1098 2218 1141 2252; x_wconf 88' lang='lat' dir='ltr'>et</span> <span class='ocrx_word' id='word_1_204' title='bbox 1160 2210 1358 2252; x_wconf 88' lang='lat' dir='ltr'>intimum</span> <span class='ocrx_word' id='word_1_205' title='bbox 1384 2208 1579 2251; x_wconf 91' lang='lat' dir='ltr'>animum</span> 
     </span>
     <span class='ocr_line' id='line_1_29' title="bbox 167 2278 1584 2340; baseline -0.002 -16"><span class='ocrx_word' id='word_1_206' title='bbox 167 2291 241 2324; x_wconf 87' lang='lat' dir='ltr'>aut</span> <span class='ocrx_word' id='word_1_207' title='bbox 272 2280 494 2325; x_wconf 88' lang='lat' dir='ltr'>titillatura</span> <span class='ocrx_word' id='word_1_208' title='bbox 531 2291 605 2324; x_wconf 89' lang='lat' dir='ltr'>aut</span> <span class='ocrx_word' id='word_1_209' title='bbox 634 2282 918 2326; x_wconf 74' lang='lat' dir='ltr'>verberatum</span> <span class='ocrx_word' id='word_1_210' title='bbox 946 2298 1062 2333; x_wconf 88' lang='lat' dir='ltr'>esse,</span> <span class='ocrx_word' id='word_1_211' title='bbox 1094 2296 1188 2340; x_wconf 84' lang='lat' dir='ltr'>quae</span> <span class='ocrx_word' id='word_1_212' title='bbox 1219 2278 1371 2322; x_wconf 84' lang='lat' dir='ltr'>ultima</span> <span class='ocrx_word' id='word_1_213' title='bbox 1398 2278 1584 2322; x_wconf 84' lang='lat' dir='ltr'>efferun-</span> 
     </span>
     <span class='ocr_line' id='line_1_30' title="bbox 168 2348 1583 2411; baseline -0.001 -17"><span class='ocrx_word' id='word_1_214' title='bbox 168 2350 269 2395; x_wconf 77' lang='lat' dir='ltr'>tur?</span> <span class='ocrx_word' id='word_1_215' title='bbox 303 2351 484 2395; x_wconf 79' lang='lat' dir='ltr'>Aliunde</span> <span class='ocrx_word' id='word_1_216' title='bbox 510 2352 682 2395; x_wconf 85' lang='lat' dir='ltr'>videtur</span> <span class='ocrx_word' id='word_1_217' title='bbox 707 2353 924 2396; x_wconf 79' lang='lat' dir='ltr'>trochaeus</span> <span class='ocrx_word' id='word_1_218' title='bbox 951 2360 1106 2411; x_wconf 91' lang='lat' dir='ltr'>sponte</span> <span class='ocrx_word' id='word_1_219' title='bbox 1133 2366 1208 2393; x_wconf 87' lang='lat' dir='ltr'>sua</span> <span class='ocrx_word' id='word_1_220' title='bbox 1239 2348 1408 2393; x_wconf 80' lang='lat' dir='ltr'>exsilire</span> <span class='ocrx_word' id='word_1_221' title='bbox 1440 2351 1482 2392; x_wconf 89' lang='lat' dir='ltr'>in</span> <span class='ocrx_word' id='word_1_222' title='bbox 1509 2367 1583 2393; x_wconf 91' lang='lat' dir='ltr'>nu-</span> 
     </span>
     <span class='ocr_line' id='line_1_31' title="bbox 168 2421 1580 2483; baseline -0.001 -18"><span class='ocrx_word' id='word_1_223' title='bbox 168 2439 335 2466; x_wconf 86' lang='lat' dir='ltr'>merum</span> <span class='ocrx_word' id='word_1_224' title='bbox 352 2458 362 2478; x_wconf 84' lang='lat'>,</span> <span class='ocrx_word' id='word_1_225' title='bbox 392 2433 434 2467; x_wconf 88' lang='lat' dir='ltr'>et</span> <span class='ocrx_word' id='word_1_226' title='bbox 458 2423 513 2466; x_wconf 86' lang='lat' dir='ltr'>ad</span> <span class='ocrx_word' id='word_1_227' title='bbox 539 2423 778 2483; x_wconf 84' lang='lat' dir='ltr'>tripudium</span> <span class='ocrx_word' id='word_1_228' title='bbox 800 2422 956 2475; x_wconf 86' lang='lat' dir='ltr'>allicit;</span> <span class='ocrx_word' id='word_1_229' title='bbox 986 2421 1101 2482; x_wconf 82' lang='lat' dir='ltr'>quod</span> <span class='ocrx_word' id='word_1_230' title='bbox 1127 2430 1214 2464; x_wconf 86' lang='lat' dir='ltr'>tam</span> <span class='ocrx_word' id='word_1_231' title='bbox 1244 2437 1397 2464; x_wconf 84' lang='lat' dir='ltr'>verum</span> <span class='ocrx_word' id='word_1_232' title='bbox 1420 2430 1504 2474; x_wconf 89' lang='lat' dir='ltr'>est,</span> <span class='ocrx_word' id='word_1_233' title='bbox 1532 2430 1580 2463; x_wconf 92' lang='lat' dir='ltr'>ut</span> 
     </span>
     <span class='ocr_line' id='line_1_32' title="bbox 167 2490 1581 2554; baseline -0.001 -19"><span class='ocrx_word' id='word_1_234' title='bbox 167 2494 418 2538; x_wconf 81' lang='lat' dir='ltr'>Trochaicis</span> <span class='ocrx_word' id='word_1_235' title='bbox 445 2493 665 2538; x_wconf 86' lang='lat' dir='ltr'>saltatoria</span> <span class='ocrx_word' id='word_1_236' title='bbox 696 2492 906 2554; x_wconf 86' lang='lat' dir='ltr'>psalmata</span> <span class='ocrx_word' id='word_1_237' title='bbox 924 2525 934 2545; x_wconf 90' lang='lat'><em>‚</em></span> <span class='ocrx_word' id='word_1_238' title='bbox 952 2492 1203 2536; x_wconf 89' lang='lat' dir='ltr'>Trochaicis</span> <span class='ocrx_word' id='word_1_239' title='bbox 1233 2490 1409 2535; x_wconf 87' lang='lat' dir='ltr'>oracula</span> <span class='ocrx_word' id='word_1_240' title='bbox 1446 2490 1581 2534; x_wconf 84' lang='lat' dir='ltr'>multa</span> 
     </span>
     <span class='ocr_line' id='line_1_33' title="bbox 168 2561 1581 2625; baseline -0.002 -19"><span class='ocrx_word' id='word_1_241' title='bbox 168 2565 422 2609; x_wconf 84' lang='lat' dir='ltr'>exstiterint.</span> <span class='ocrx_word' id='word_1_242' title='bbox 460 2567 606 2609; x_wconf 82' lang='lat' dir='ltr'>Hocce</span> <span class='ocrx_word' id='word_1_243' title='bbox 644 2565 847 2609; x_wconf 84' lang='lat' dir='ltr'>carminis</span> <span class='ocrx_word' id='word_1_244' title='bbox 880 2580 1014 2625; x_wconf 81' lang='lat' dir='ltr'>genus</span> <span class='ocrx_word' id='word_1_245' title='bbox 1048 2564 1193 2607; x_wconf 88' lang='lat' dir='ltr'>nescio</span> <span class='ocrx_word' id='word_1_246' title='bbox 1223 2579 1277 2606; x_wconf 86' lang='lat' dir='ltr'>an</span> <span class='ocrx_word' id='word_1_247' title='bbox 1316 2573 1416 2605; x_wconf 81' lang='lat' dir='ltr'>ante</span> <span class='ocrx_word' id='word_1_248' title='bbox 1454 2561 1581 2606; x_wconf 62' lang='lat' dir='ltr'>(talli-</span> 
     </span>
     <span class='ocr_line' id='line_1_34' title="bbox 170 2633 1585 2697; baseline -0.001 -20"><span class='ocrx_word' id='word_1_249' title='bbox 170 2644 352 2679; x_wconf 81' lang='lat' dir='ltr'>stratum</span> <span class='ocrx_word' id='word_1_250' title='bbox 370 2636 486 2680; x_wconf 77' lang='lat' dir='ltr'>hunc</span> <span class='ocrx_word' id='word_1_251' title='bbox 515 2646 769 2697; x_wconf 80' lang='lat' dir='ltr'>usurpatum</span> <span class='ocrx_word' id='word_1_252' title='bbox 798 2635 951 2687; x_wconf 82' lang='lat' dir='ltr'>fuerit,</span> <span class='ocrx_word' id='word_1_253' title='bbox 980 2636 1053 2695; x_wconf 81' lang='lat' dir='ltr'>qui</span> <span class='ocrx_word' id='word_1_254' title='bbox 1082 2633 1248 2677; x_wconf 86' lang='lat' dir='ltr'>Odario</span> <span class='ocrx_word' id='word_1_255' title='bbox 1280 2635 1585 2677; x_wconf 68' lang='lat' dir='ltr'>venustissimo</span> 
     </span>
    </p>

    <p class='ocr_par' dir='ltr' id='par_1_5' title="bbox 1374 2722 1380 2738">
     <span class='ocr_line' id='line_1_35' title="bbox 1374 2722 1380 2738; baseline 0 0"><span class='ocrx_word' id='word_1_256' title='bbox 1374 2722 1380 2738; x_wconf 68' lang='lat' dir='ltr'>t</span> 
     </span>
    </p>
   </div>
   <div class='ocr_carea' id='block_1_4' title="bbox 1327 2739 1350 2780">
    <p class='ocr_par' dir='ltr' id='par_1_6' title="bbox 1327 2739 1350 2780">
     <span class='ocr_line' id='line_1_36' title="bbox 1328 2739 1348 2755; baseline 0 -3"><span class='ocrx_word' id='word_1_257' title='bbox 1328 2739 1348 2755; x_wconf 70' lang='lat' dir='ltr'>(i</span> 
     </span>
     <span class='ocr_line' id='line_1_37' title="bbox 1327 2756 1350 2780; baseline 0 0"><span class='ocrx_word' id='word_1_258' title='bbox 1327 2756 1350 2780; x_wconf 72' lang='lat'>⁴0</span> 
     </span>
    </p>
   </div>
  </div>
 </body>
</html>
