2061 3288
427 173 524 221 516

472 261 660 294 XXXVII.

455 314 662 348 XXXVHI.

494 367 663 400 XXXIX.

587 420 663 452 XL.

569 473 664 506 XLI.

551 525 665 558 XLII.

534 573 664 611 XLIII.

534 632 666 664 XLIV.

554 685 665 717 XLV.

534 738 630 770 XLV
639 738 665 770 I.

517 791 668 823 XLVII.

500 844 667 876 XLVIII.

540 897 670 929 XLIX.

629 951 669 983 L.

610 1004 672 1035 LI.

593 1056 669 1089 LII.

574 1109 673 1143 LIII.

577 1162 671 1196 LIV.

595 1215 672 1247 LV.

578 1268 671 1301 LVI.

560 1321 672 1354 LVII.

541 1374 673 1407 LVIII.

580 1427 674 1460 LIX.

598 1481 673 1513 LX.

581 1534 675 1566 LXI.

563 1586 676 1619 LXII.

544 1639 676 1671 LXIII.

545 1692 675 1725 LXIV.

564 1746 676 1778 LXV.

547 1799 677 1831 LXVI.

529 1852 677 1885 LXVII.

512 1905 678 1938 LXVIII.

547 1958 678 1990 LXIX.

566 2011 679 2044 LXX.

552 2064 679 2096 LXXI.

531 2117 679 2150 LXXII.

515 2170 680 2203 LXXIII.

513 2222 680 2255 LXXIV.

536 2276 681 2310 LXXV.

516 2328 682 2363 LXXVI.

499 2381 682 2416 LXXVII.

481 2433 683 2470 LXXVIII.

517 2487 682 2521 LXXIX.

536 2540 681 2573 LXXX.

516 2593 682 2627 LXXXI.

500 2645 683 2681 LXXXII.

989 176 1071 218 TA
1081 177 1114 218 B
1127 177 1167 219 U
1181 177 1218 220 L
1230 178 1277 220 A.

688 261 729 293 In
752 261 937 294 irascentes
959 262 1084 295 amicos
1106 285 1619 296 ....................
1653 267 1733 313 Pag,
1768 281 1839 314 297

688 312 744 346 Ad
760 313 903 347 Sextum
920 336 1728 351 ...............................
1767 324 1839 366 298

689 368 741 400 De
760 368 890 412 Lycori
920 390 1727 403 ...............................
1767 387 1841 418 299

690 421 731 453 In
750 420 975 453 Thelesinum
1003 443 1728 457 ............................
1769 439 1841 472 299

690 473 731 506 In
752 473 917 506 lacertam
942 474 1094 507 caelatam
1108 497 1728 509 ........................
1767 481 1843 514 300

690 526 732 559 In
754 526 888 559 Pollam
925 548 1730 562 ...............................
1769 532 1838 568 301

690 579 732 611 In
753 579 945 612 Lentinum
955 602 1734 615 ..............................
1773 585 1839 619 301

690 633 734 664 In
757 632 968 677 Ligurinum
980 655 1735 667 .............................
1774 639 1842 671 302

692 686 744 717 De
763 684 885 718 eodem
901 706 1734 721 ................................
1774 690 1844 730 304

692 737 747 770 Ad
768 737 968 772 Candidum
979 762 1732 773 .............................
1771 742 1844 777 305

693 792 745 824 De
767 792 871 824 Basso
901 814 1734 826 ................................
1775 797 1845 831 306

695 845 746 877 De
768 844 850 877 Ollo
872 867 1733 879 .................................
1773 850 1846 893 309

696 898 737 929 In
762 897 987 931 invitatorem
1007 921 1736 932 ............................
1776 903 1849 936 310

695 951 737 983 In
760 951 971 995 Ligurinum
982 973 1739 985 .............................
1778 955 1849 988 310

696 1001 757 1036 Ad
777 1004 913 1037 Gallam
924 1026 1545 1037 ........................
1565 1031 1571 1035 .
1592 1029 1733 1038 ......
1775 1007 1793 1040 3
1805 1019 1817 1040 1
1828 1020 1845 1040 2

695 1056 750 1089 Ad
771 1057 1023 1103 Tongilianum
1036 1084 1044 1099 ‚
1063 1058 1108 1092 de
1127 1060 1204 1092 utili
1229 1059 1394 1093 incendio
1405 1082 1734 1090 .............
1774 1059 1845 1094 312

696 1109 752 1142 Ad
775 1110 911 1143 Chloen
930 1133 1735 1144 ...............................
1776 1114 1848 1147 313

698 1159 1211 1196 AdGallam..........J
1227 1188 1740 1196 ...................
1778 1166 1851 1200 313

698 1217 740 1248 In
761 1216 913 1250 Gelliam
929 1239 1739 1250 ...............................
1777 1218 1851 1260 314

698 1270 750 1301 Dc
771 1269 920 1303 cisterna
942 1279 1130 1304 ravennate
1140 1294 1735 1303 .......................
1775 1271 1794 1304 3
1806 1284 1818 1305 Ι
1830 1273 1848 1305 5

698 1323 750 1355 De
775 1334 934 1368 caupone
961 1346 1742 1355 ..............................
1780 1323 1850 1359 315

702 1377 755 1408 De
774 1376 855 1409 villa
876 1376 1052 1417 Faustini,
1074 1376 1115 1410 ad
1139 1378 1281 1411 Bassum
1306 1398 1740 1408 ................
1778 1376 1852 1410 316

701 1429 754 1461 De
775 1437 893 1462 sutore
915 1437 948 1463 et
970 1430 1118 1473 fullone,
1140 1431 1347 1464 munerariis
1358 1451 1738 1461 ...............
1778 1428 1848 1462 322

702 1482 744 1514 In
767 1482 954 1516 Ponticum
966 1505 1742 1514 ..............................
1781 1484 1851 1516 323

703 1535 745 1567 In
765 1535 915 1568 Cinnam
937 1557 1581 1567 .........................
1602 1558 1608 1563 .
1628 1558 1742 1566 .....
1780 1534 1851 1576 324

704 1589 745 1620 In
772 1588 946 1628 Quintum
965 1610 1742 1620 ..............................
1781 1588 1852 1622 325

704 1641 745 1673 Ill
770 1641 929 1674 Cotilum
940 1662 1742 1672 ...............................
1781 1640 1854 1674 32ίὶ

704 1693 760 1726 Ad
780 1694 1005 1735 Cassianum,
1026 1693 1070 1727 (le
1091 1695 1201 1728 Canio
1229 1716 1740 1726 ...................
1781 1694 1855 1728 328

706 1745 761 1779 Ad
782 1745 1041 1780 Diadumenum
1060 1760 1209 1792 puerum
1230 1770 1743 1778 ....................
1783 1746 1856 1791 329

705 1801 746 1832 In
772 1800 823 1832 M.
852 1800 1048 1833 Antonium
1071 1822 1744 1831 ..........................
1783 1799 1850 1833 331

705 1854 758 1886 De
780 1853 887 1898 pigris
906 1853 1020 1887 nautis
1044 1875 1742 1884 ...........................
1783 1852 1854 1886 333

707 1905 763 1939 Ad
789 1907 989 1940 Matronam
1010 1905 1178 1952 pudicam
1203 1928 1744 1937 .....................
1783 1906 1855 1940 335

708 1958 763 1992 Ad
784 1959 1003 1992 Cosconium
1018 1981 1292 1990 ...........
1313 1987 1318 1990 ,
1338 1982 1746 1990 ................
1784 1957 1855 2003 337

708 2012 763 2045 Ad
786 2012 978 2045 Cervinum
1018 2035 1745 2042 ............................
1784 2011 1856 2045 338

712 2067 749 2098 In
773 2065 956 2098 Naevolum
968 2087 1452 2096 ...................
1473 2091 1479 2095 .
1499 2087 1745 2095 ..........
1786 2064 1857 2097 338

709 2117 764 2151 Ad
783 2117 962 2151 Laufeiam
993 2140 1745 2149 .............................
1784 2116 1858 2161 339

711 2173 749 2204 In
774 2171 946 2204 Plloebun}
966 2193 1746 2203 ..............................
1785 2169 1857 2214 339

710 2225 750 2257 In
778 2224 1020 2269 Gargilianum
1045 2246 1742 2255 ...........................
1786 2223 1858 2262 340

709 2278 750 2310 In
778 2279 979 2322 Lupercum
995 2299 1749 2308 .............................
1789 2275 1854 2316 341

709 2331 751 2363 In
778 2331 921 2363 Bassum
940 2352 1744 2361 ...............................
1785 2330 1857 2368 342

710 2385 750 2415 In
779 2384 945 2416 Baeticum
965 2404 1745 2414 ..............................
1786 2382 1858 2421 342

709 2435 765 2469 Ad
784 2436 973 2469 Paulinum
994 2458 1746 2467 .............................
1787 2436 1858 2474 344

710 2488 764 2522 Ad
786 2489 980 2522 Sertorium
999 2511 1748 2520 .............................
1787 2487 1858 2526 344

710 2541 766 2575 Ad
789 2542 958 2587 Apicium
969 2564 1746 2573 .............................
1787 2540 1858 2579 345

713 2596 753 2627 In
777 2595 945 2628 Baeticum
968 2616 1746 2626 ..............................
1787 2592 1858 2631 345

711 2648 1588 2681 InZoilum.........................
1610 2670 1721 2678 .....
1787 2646 1859 2684 346
