2061 3288
407 238 727 283 EPIGRAM
743 236 998 281 MATUM
1037 235 1161 277 Llss.
1202 234 1287 275 IV.

1464 229 1561 284 ,425

292 331 386 372 Hoc
413 344 553 388 nuper
574 329 715 388 Satyri
745 336 891 371 monte
917 325 1075 369 dedere
1104 323 1278 366 choros.

228 403 330 444 Haec
353 400 537 442 Veneris
562 398 705 452 sedes,
728 397 1044 442 Lacedaemone
1071 394 1235 455 gratior
1264 391 1322 435 illi
1346 409 1353 433 :

294 469 376 514 Hic
402 468 522 513 locus
544 468 762 513 Herculeo
785 470 962 513 nomine
984 465 1126 510 clarus
1151 473 1256 508 crat.

226 543 398 585 Cuncta
418 540 567 599 jacent
596 540 808 594 flammis,
834 550 877 583 et
905 538 1019 582 tristi
1048 552 1191 580 mersa
1218 533 1363 578 favilla
1386 550 1393 576 :

295 613 385 655 Nec
409 612 564 672 Superi
593 611 754 655 vellent
778 611 864 654 hoc
890 609 1061 654 licuisse
1089 607 1181 651 sibi.

297 742 352 792 ΪΞν
375 752 488 810 λόφῳ
513 749 558 798 ἦν
586 753 775 812 Σατύρων
804 744 912 806 τῷδε
943 747 1180 809 χοροςασίη.

231 816 435 882 Κύπριδος
461 820 506 869 ἦν
538 816 629 865 τόδ’
654 816 743 872 ἕδος
769 822 872 864 πολὺ
902 820 1103 880 φίλτερον,
1129 817 1152 865 ἢ
1180 811 1470 876 Λακεδαίμων·

298 895 441 952 Χῶρος
469 887 532 936 ὅδ’
558 883 787 953 Ἡρακλέους
814 888 975 943 >Ox-1515&
1002 888 1219 949 ἐπωνυμίη.

232 963 378 1006 Πάντα
405 958 443 1005 δ’
468 965 545 1007 ὑπὸ
571 958 745 1024 σποδιῇ,
771 962 891 1024 φλογί
915 963 954 1005 τ’
979 961 1128 1022 ’ἤμυσεν
1144 977 1153 986 ·
1179 965 1204 1007 ’ἡ
1229 963 1278 1019 ῥα
1305 959 1430 1002 ἔπεισι

301 1034 498 1078 Τοιούτου
528 1033 674 1085 πάθεος
705 1034 772 1077 καὶ
801 1033 995 1094 μετάνοια
1022 1033 1137 1082 θεοῖς.

164 1173 333 1206 bilitatem
363 1174 516 1207 Bacchus
542 1174 698 1219 praetulit
727 1174 842 1207 Vesu-

165 1227 260 1259 vium
278 1233 434 1260 montem
450 1227 551 1272 Nysae
564 1253 573 1269 ,
585 1226 697 1260 Indiae
710 1227 840 1266 monti,

167 1279 225 1312 ubi
257 1292 297 1312 ex
328 1280 426 1313 Jovis
455 1280 586 1313 femore
618 1279 732 1314 editus
754 1280 844 1321 fuit;

168 1331 264 1365 unde
293 1333 427 1366 invenit
464 1346 594 1366 nomeu
634 1333 797 1378 Dionysii
828 1345 846 1366 a

166 1394 265 1431 patre
298 1386 386 1419 Jove
415 1382 517 1425 (Ζεὺς
533 1412 543 1427 .,
569 1400 648 1432 gen.
673 1386 786 1427 Διὸς),
813 1394 847 1419 et

167 1439 261 1485 Nysa
281 1432 416 1481 (Νῦσα.
431 1436 443 1478 )
465 1439 580 1485 Prope
597 1448 753 1473 montem
773 1439 848 1484 Ny-

168 1504 239 1525 sam
263 1500 312 1525 est
333 1492 418 1525 urbs
443 1492 539 1537 Nysa
561 1492 604 1526 ad
624 1492 771 1526 fluvium
789 1493 848 1525 In-

171 1544 268 1578 dum.
282 1545 374 1578 Plin.
392 1545 625 1592 lib.VI‚cap.
650 1559 691 1579 21
710 1558 718 1580 :
740 1564 754 1576 α
774 1547 850 1591 Ny-

170 1611 241 1631 sam
266 1599 389 1631 urbem
409 1599 570 1645 plerique
591 1598 701 1632 Indiae
719 1598 851 1633 adscri-

169 1652 280 1691 bunt,
309 1659 535 1697 montemque
556 1653 694 1686 Merum
722 1653 852 1686 Libero

174 1717 321 1737 sacrum.
346 1722 358 1733 n
381 1704 476 1750 Nysa
496 1714 547 1738 est
565 1718 705 1751 quoque
722 1718 814 1739 unus
834 1718 853 1738 e

175 1757 368 1790 verticibus
389 1758 560 1791 Parnassi.

231 1814 263 1850 4.
279 1810 399 1856 Satyri.
416 1811 543 1844 Bacchi
558 1811 704 1845 comites
721 1811 836 1857 Satyri
847 1838 855 1852 ,

177 1864 237 1909 qui
259 1864 404 1897 choreas
426 1865 574 1910 agebant
593 1865 630 1897 iu
650 1865 737 1898 locis
757 1877 858 1897 arnoe-

175 1917 254 1958 nis3
274 1926 422 1962 eratque
443 1930 565 1951 eorum
585 1918 744 1952 locorum
763 1930 858 1951 sum-

176 1983 232 2003 ma
255 1971 340 2003 laus.
368 1971 426 2004 Sic
445 1972 507 2005 lib.
527 1972 598 2013 IX,
622 1971 730 2017 epigr.
754 1983 857 2010 mm,

176 2036 228 2057 vs.
262 2035 302 2056 11
323 2049 332 2064 ‚
359 2022 403 2057 de
436 2025 579 2071 platano
605 2024 860 2059 Cordubensi:

181 2077 277 2122 Saepe
299 2077 366 2109 sub
384 2077 449 2111 hac
469 2077 600 2111 madidi
619 2078 780 2111 luserunt
806 2090 861 2111 ar-

180 2131 265 2163 bore
287 2129 410 2163 Fauni.

240 2183 273 2216 5.
290 2183 372 2215 Hoec
394 2183 526 2216 Veneris
551 2184 649 2217 sedes.
676 2184 810 2217 Veneri
830 2192 864 2217 et

186 2235 326 2268 Herculi
346 2237 518 2281 templum
541 2237 577 2270 in
596 2238 752 2270 Vesuvio
767 2236 864 2271 dica—

186 2297 260 2322 tum
277 2289 343 2322 fuit
362 2301 370 2322 :
392 2289 646 2323 Lacedaemone
668 2299 787 2324 autem
806 2302 865 2324 co-

185 2342 321 2374 lebatur
342 2343 475 2376 Venus.
497 2343 681 2377 Pausanias
698 2343 735 2376 in
756 2343 865 2376 Laco-

187 2407 286 2428 meis.

242 2450 277 2481 (ἰ,
301 2447 469 2482 Herculeo.
492 2448 673 2494 Oppidum
697 2449 867 2482 Hercula-

189 2514 276 2534 num
295 2500 361 2533 fuit
380 2514 459 2534 cum
477 2502 645 2547 Pompeia
664 2503 731 2535 hoc
748 2503 868 2536 incen-

189 2553 250 2586 ‹lio
272 2554 459 2598 sepultum.
484 2555 550 2587 En.

956 1186 992 1218 7.
1009 1171 1132 1205 Cuncta
1146 1173 1274 1216 jacent.
1288 1197 1295 1203 .
1310 1197 1317 1204 .
1341 1183 1443 1202 mersa
1452 1168 1581 1212 favilla.

902 1226 979 1259 Hoc
1001 1224 1189 1266 incendio,
1210 1233 1249 1257 ut
1272 1223 1424 1257 diximus
1452 1234 1557 1268 supra
1575 1248 1583 1261 ‚

903 1277 1035 1313 occidit
1053 1278 1188 1312 Plinius
1207 1278 1331 1322 major.
1354 1277 1427 1310 Nec
1452 1284 1503 1308 est
1522 1275 1583 1307 lla-

903 1331 1017 1366 benda
1048 1330 1135 1365 fides
1161 1330 1313 1364 Eusebio
1325 1357 1334 1372 ,
1369 1329 1430 1375 qui
1463 1328 1585 1362 scribit

905 1385 1119 1419 duodecimo
1148 1397 1243 1417 anno
1270 1383 1412 1428 Trajani
1433 1382 1584 1427 impera-

906 1440 991 1473 toris
1004 1438 1148 1484 periisse
1164 1437 1319 1470 Plinium
1332 1463 1341 1478 ,
1357 1435 1443 1469 dum
1460 1435 1589 1469 viseret

908 1490 1118 1526 incendium
1147 1490 1294 1523 Vesuvii
1320 1489 1460 1522 montis.
1498 1488 1589 1520 Nam

908 1558 1017 1591 quum
1035 1544 1082 1578 id.
1105 1543 1241 1577 Plinius
1259 1543 1440 1576 Hist.Nat.
1456 1541 1520 1574 lib.
1532 1541 1567 1573 II
1579 1565 1590 1578 ,

909 1611 984 1645 cap.
1000 1611 1013 1632 1
1024 1600 1070 1631 06
1087 1605 1272 1631 enumeret
1285 1609 1323 1630 ea
1340 1597 1416 1629 loca
1430 1608 1494 1641 per
1508 1606 1588 1639 quae

910 1652 1065 1698 erumpit
1080 1651 1169 1696 ignis
1186 1663 1204 1683 e
1218 1658 1322 1691 terra,
1335 1662 1407 1682 non
1426 1647 1591 1691 meminit

911 1704 1058 1739 Vesuvii
1094 1705 1222 1737 montis
1242 1715 1251 1737 τ
1285 1701 1383 1737 unde
1416 1702 1593 1746 colligitur

911 1759 980 1792 hoc
1006 1756 1212 1791 incendium
1241 1764 1399 1802 tempore
1432 1755 1505 1788 Titi
1538 1753 1595 1786 vel

914 1812 1071 1857 primum
1087 1811 1210 1852 fuisse,
1220 1810 1276 1844 vel
1295 1823 1312 1842 a
1325 1808 1446 1842 multis
1460 1807 1596 1841 saeculis

915 1864 1116 1911 repetitum.
1138 1864 1222 1896 Non
1241 1863 1336 1896 enim
1358 1861 1501 1907 fugisset
1519 1859 1598 1892 dili-

915 1917 1156 1963 gentissimum
1167 1916 1376 1962 scriptorem
1389 1912 1598 1947 incendium

918 1972 1023 2016 ipsius
1052 1979 1210 2015 tempore
1236 1968 1324 2003 adeo
1357 1968 1506 2002 celebre.
1530 1964 1598 1999 Sed

917 2023 1087 2058 credibile
1102 2023 1290 2056 excitatum
1305 2021 1412 2055 fuisse
1428 2032 1468 2053 ca
1488 2020 1576 2053 fama
1591 2045 1600 2058 ‚

919 2086 958 2111 ut
969 2078 1075 2111 vellet
1091 2076 1201 2110 oculis
1217 2077 1352 2121 insigne
1365 2072 1453 2107 illud
1466 2082 1600 2106 naturae

919 2131 1129 2164 miraculum
1139 2129 1352 2175 perlustrare
1365 2149 1374 2166 ‚
1389 2136 1429 2160 ut
1438 2125 1476 2159 id
1492 2125 1602 2159 literis

921 2183 1104 2219 mandaret
1117 2209 1126 2225 ‚
1147 2180 1450 2228 quemadmodum
1468 2178 1603 2212 Plinius

919 2237 1040 2283 junior
1054 2237 1090 2270 in
1106 2249 1210 2281 supra
1225 2234 1320 2269 dicta
1340 2233 1487 2280 epistola
1504 2240 1605 2266 testa-

923 2299 981 2324 tur
1001 2290 1134 2323 fecisse.
1153 2289 1275 2322 Ramir.

978 2345 1014 2377 8.
1041 2343 1109 2377 Nec
1130 2342 1246 2386 Superi
1264 2341 1393 2373 vellent.
1417 2338 1606 2386 Hyperbo-

925 2396 1013 2435 Ιίκῶς
1033 2396 1152 2428 innuit
1166 2395 1273 2428 Poeta
1292 2393 1376 2427 deos
1394 2393 1486 2438 ipsos
1503 2392 1607 2437 hujus

927 2447 1081 2482 incendii
1102 2447 1326 2494 poeuituisse3
1349 2447 1396 2480 ita
1417 2454 1457 2479 ut
1477 2445 1608 2478 vellent

929 2503 994 2536 sibi
1015 2502 1163 2535 ablatam
1180 2500 1386 2534 hominibus
1404 2497 1556 2533 nocendi
1577 2506 1610 2531 et

932 2569 988 2588 eos
1010 2554 1183 2600 puniendi
1204 2555 1420 2587 facultatem.
