2061 3288
438 223 966 270 EPIGRAMMATU
981 225 1030 267 M
1070 225 1198 267 LIB.
1240 226 1332 268 ΙΙΙ.

1499 225 1592 270 31-ι

1576 267 1585 286 l

317 316 398 358 llic
425 314 535 358 farta
560 313 773 374 premitur
797 312 960 374 angulo
985 314 1119 357 Ceres
1143 313 1286 365 omni,

318 387 375 429 Et
398 383 533 429 multa
556 383 722 444 fragrat
746 393 854 428 testa
883 384 1060 428 senibus
1084 385 1321 429 autumnis.

318 457 402 500 Hic
425 464 524 517 post
547 455 848 511 Novembres,
872 456 1128 499 imminente
1151 456 1240 516 jam
1268 456 1424 500 bruma
1441 492 1450 508 ,

317 528 442 571 Seras
472 535 651 587 putator
676 526 882 571 horridus
909 526 1044 571 refert
1069 542 1190 570 uvas.

317 599 481 642 Truces
506 598 550 640 in
573 596 660 641 alta
684 597 798 642 valle
821 599 1024 659 mugiunt
1047 599 1185 648 tauri,

322 667 580 729 Vitulusque
604 669 760 712 inermi
788 668 932 713 fronte
957 669 1100 730 prurit
1123 670 1167 712 in
1194 685 1402 730 pugnam.

320 741 520 801 Vagatur
544 740 686 783 omnis
712 740 842 783 turba
869 739 1056 784 sordidae
1082 740 1237 795 cortis,

320 812 513 871 Argutus
539 827 688 866 anser,
710 812 984 872 gemmeique
1010 827 1229 872 pavones,

320 883 582 942 Nomenque
612 881 743 925 debet
768 898 864 942 quae
890 882 1149 926 rubentibus
1174 883 1355 943 pennis,

319 953 373 995 Et
401 953 517 1013 picta
549 952 702 1013 perdix
718 987 729 1006 ,
755 952 1090 1014 Numidicaeque
1122 963 1328 1014 guttatae,

181 1078 285 1120 feris;
304 1087 344 1111 ut
371 1079 485 1125 placet
513 1078 652 1112 homini
678 1091 751 1111 non
773 1077 860 1112 deli-

181 1140 257 1165 cato
275 1158 284 1173 ,
312 1131 373 1165 sed
403 1132 552 1165 barbaro
583 1131 646 1178 qui
672 1132 861 1166 utilitatem

181 1185 357 1230 elegantiae
376 1186 560 1231 praeponit.
583 1185 651 1217 En.

237 1242 271 1271 (5.
295 1239 360 1271 IIic
374 1265 384 1279 ,
405 1247 470 1272 etc.
491 1239 531 1271 In
547 1238 614 1271 hac
637 1237 718 1270 villa
736 1238 773 1270 in
789 1250 863 1271 om—

183 1292 284 1324 nibus
304 1292 515 1324 horreorum
535 1291 671 1336 angulis
693 1291 861 1336 stipatum

182 1344 338 1378 invenies
351 1345 567 1377 frumentum
583 1369 591 1384 ,
611 1358 649 1376 ea:
663 1344 754 1376 ‘rillce
767 1346 862 1388 ipsius

182 1410 261 1442 agro
286 1397 479 1430 recolleclum
495 1424 504 1437 ,
529 1405 563 1431 et
592 1397 721 1442 fragrat
739 1397 862 1430 vinum

181 1459 280 1484 vetus
303 1452 374 1496 jam
396 1463 438 1484 ex
468 1450 587 1484 multis
616 1450 797 1483 autumnis
827 1451 862 1483 in

183 1504 278 1537 testis
301 1512 474 1538 servatum
493 1531 502 1547 ,
521 1512 552 1536 et
575 1516 614 1535 ext
644 1504 734 1536 villae
762 1505 864 1536 vineis

184 1558 388 1590 recollectum.
406 1558 472 1590 Eo.
490 1578 542 1584 —
565 1557 678 1590 Furta.
703 1558 745 1589 In
766 1569 862 1591 acer-

185 1623 244 1643 vos
263 1610 399 1656 stipata.
426 1611 492 1643 En.
523 1631 574 1636 —
600 1609 706 1643 Ceres.
732 1610 835 1644 Ceres
854 1638 863 1652 ,

184 1663 352 1696 frumenti
373 1662 458 1704 dea,
487 1675 552 1708 pro
581 1663 760 1696 frumento
786 1664 864 1709 ipso

184 1716 345 1761 ponitur.
365 1717 431 1749 ΕΙ).

240 1782 273 1814 7.
304 1770 410 1802 Testa.
433 1768 593 1810 Quodvis
613 1781 670 1802 vas
692 1769 798 1802 fictile
819 1770 865 1802 si-

185 1822 348 1867 gnificat,
373 1822 517 1868 proprie
541 1822 609 1854 hoc
634 1822 711 1854 loco
734 1835 792 1855 vas
813 1823 866 1855 vi—

186 1876 338 1909 narium.
362 1897 413 1901 -—-
434 1877 579 1921 Fragrat
598 1875 721 1907 senibus
742 1884 867 1908 aulum-

187 1931 245 1961 m's.
274 1928 317 1962 Id
345 1937 416 1970 est,
446 1929 572 1974 fragrat
603 1928 686 1961 vino
718 1930 788 1974 jam
825 1941 865 1962 ex

186 1982 305 2016 multis
345 1983 521 2015 autumnis
559 1991 760 2015 senescente
778 1995 787 2024 ;
820 1983 868 2015 sic

188 2043 351 2068 autumnos
382 2044 482 2068 vocat
519 2036 652 2068 fructus
685 2044 868 2068 autumna-

187 2089 260 2130 les;
284 2097 317 2121 et
336 2101 394 2122 eos
414 2097 516 2122 vocat
540 2101 638 2122 senes
651 2115 659 2130 ,
685 2097 724 2121 ut
746 2097 866 2122 testam

190 2141 325 2174 vocavit
345 2154 451 2174 anum
464 2168 473 2183 ,
493 2142 553 2175 lib.
581 2143 618 2183 I,
649 2142 758 2188 epigr.
788 2155 845 2175 erl
858 2168 867 2181 .,

189 2207 289 2227 versu
307 2199 340 2234 4.

244 2260 277 2290 9.
301 2247 405 2280 Set-as.
426 2248 520 2279 Uvas
547 2247 703 2292 intellige
729 2247 867 2281 duraci-

190 2313 250 2333 nas
276 2313 352 2346 quae
384 2301 420 2332 in
448 2300 578 2333 vitibus
605 2301 869 2334 asservabantur

190 2365 300 2399 usqne
319 2352 363 2386 ad
381 2354 601 2399 putationem
623 2353 769 2395 vitium3
783 2366 868 2399 quas

190 2420 270 2453 ergo
290 2407 326 2440 iu
340 2406 545 2452 palmitibus
562 2407 698 2439 relictas
714 2415 868 2451 putator,

190 2468 270 2505 post
304 2460 521 2492 Novembres
549 2460 741 2500 referebat;
772 2460 867 2506 quod

191 2523 263 2547 erat
276 2521 411 2558 tempus
423 2513 625 2559 putationis.
639 2512 794 2546 Enfx‘id.
807 2514 865 2546 lib.

193 2567 228 2604 1,
255 2567 363 2612 epigr.
384 2579 485 2606 xmv,
507 2579 538 2599 v.
560 2566 602 2607 33
623 2575 656 2599 et
678 2566 737 2599 lib.
758 2567 868 2606 XIII,

191 2620 299 2664 epigr.
336 2632 424 2652 xxu.
453 2641 502 2645 —
524 2620 671 2652 Pulacor.
703 2620 868 2660 Vinum,

195 2673 251 2717 qui
274 2681 372 2717 putat
392 2673 475 2705 falce
497 2673 600 2705 vitem
622 2673 865 2706 luxuriantem.

931 1102 968 1106 —
1001 1081 1174 1113 Horridus.
1214 1081 1394 1114 Pannosus
1413 1108 1420 1122 ,
1464 1081 1604 1127 frigens,

982 1147 995 1167 1
1009 1147 1023 1167 1
1035 1161 1041 1167 .
1057 1134 1275 1167 Pulmannus
1283 1137 1392 1179 prurit
1402 1135 1448 1167 ad
1453 1148 1604 1180 pugnam.

923 1207 975 1212 -—-
1012 1187 1131 1220 Inermc'
1152 1188 1275 1230 fronte.
1312 1188 1394 1220 Sine
1427 1189 1606 1222 cornibus.

924 1238 1026 1272 Idem
1053 1239 1098 1273 de
1126 1240 1229 1273 haedo
1260 1240 1348 1274 dicit
1375 1241 1498 1275 Horat.
1530 1243 1582 1274 ΠΙ
1599 1269 1606 1282 ,

923 1292 980 1326 od.
1016 1293 1058 1326 13
1082 1305 1089 1327 :
1117 1311 1130 1323 u
1158 1294 1225 1327 Cui
1247 1295 1344 1327 frons
1365 1295 1504 1340 turgida
1528 1308 1606 1328 cor-

922 1347 1026 1379 nibus
1043 1347 1170 1379 Primis
1188 1356 1223 1380 et
1242 1348 1417 1381 Venerem
1437 1357 1470 1381 et
1487 1349 1605 1394 praelir.

923 1399 1076 1433 destinat
1099 1400 1253 1433 Frustra.
1278 1418 1289 1429 ›>

982 1465 1040 1486 12.
1063 1453 1269 1487 Beverlandi
1291 1454 1367 1487 MS.
1390 1455 1526 1487 colzorlis
1542 1482 1549 1494 ,
1573 1464 1604 1487 ct

924 1506 971 1539 sic
983 1515 1183 1540 correctum
1196 1507 1293 1540 estin
1307 1507 1458 1540 Juntina
1475 1517 1606 1541 nostra.

924 1581 976 1586 —
1002 1560 1111 1593 Turba
1143 1561 1281 1593 sot‘dldce
1307 1564 1412 1594 cortis.
1441 1561 1605 1602 Gallinae,

925 1626 1086 1654 anseres,
1113 1622 1314 1659 caeteraeque
1341 1614 1476 1648 cicures
1506 1615 1606 1648 volu-

924 1678 998 1700 cres
1016 1679 1099 1712 quas
1115 1667 1205 1700 infra
1224 1676 1406 1702 enumerat
1422 1694 1431 1709 ,
1451 1681 1606 1714 quasque

925 1720 1099 1765 appellat,
1134 1721 1197 1754 lib.
1232 1722 1325 1762 VII,
1355 1722 1463 1766 epigr.
1499 1735 1580 1755 xxm
1599 1748 1606 1761 ,

925 1785 974 1805 vs.
1001 1786 1014 1806 Ι
1034 1798 1044 1814 ‚
1066 1773 1185 1806 Rauca>
1206 1776 1300 1806 cal-tls
1322 1788 1403 1808 aves.

985 1826 1042 1859 13.
1066 1826 1224 1870 digmus.
1248 1827 1341 1867 Quia
1361 1840 1499 1874 semper
1522 1837 1607 1862 stre-

926 1878 1002 1923 pit,
1031 1879 1172 1923 gratitat
1188 1905 1196 1919 ,
1221 1888 1255 1912 et
1297 1880 1427 1925 clangit
1458 1881 1607 1914 stridula

926 1943 1012 1964 voce
1033 1941 1066 1964 et
1089 1932 1219 1965 alarum
1240 1941 1353 1966 motu.
1374 1934 1450 1967 Hoc
1472 1935 1609 1980 epithe⁴

928 1993 987 2017 ton
1013 1986 1055 2017 ab
1076 1997 1196 2018 ansere
1218 1985 1261 2019 ad
1282 1998 1437 2031 cygnum
1457 1996 1608 2021 transtu-

928 2038 967 2070 lit
989 2038 1157 2083 Virgilius
1171 2065 1180 2080 ,
1196 2040 1304 2084 eclog.
1331 2040 1382 2072 IX
1401 2052 1408 2073 ε
1424 2056 1437 2067 «ι
1455 2042 1607 2086 Argutos

929 2092 1176 2137 interstrepeie
1217 2105 1316 2125 anser
1353 2093 1477 2126 olores.
1502 2112 1514 2122 ι,
1557 2117 1608 2120 —

932 2144 1131 2190 Gemmeique
1139 2158 1287 2190 pavones.
1304 2146 1485 2179 Pax-onum
1501 2148 1608 2182 cauda

928 2199 1072 2242 gemmis
1084 2199 1171 2231 varii
1181 2199 1309 2231 coloris
1321 2208 1444 2233 ornata
1456 2199 1606 2234 videtur.

930 2250 1013 2284 Vid.
1033 2251 1093 2284 lib.
1110 2252 1199 2285 XIII
1213 2278 1221 2286 .
1241 2252 1350 2298 epigr.
1368 2266 1446 2286 Lxx.

988 2316 999 2336 1
1011 2309 1044 2346 ,4,
1060 2305 1240 2351 Nomenque
1253 2306 1352 2338 debet.
1363 2307 1610 2353 Phoenicopte-

928 2370 1006 2389 rum
1036 2358 1211 2403 intellige,
1237 2358 1285 2391 sic
1316 2358 1450 2392 dictum
1473 2361 1516 2394 ab
1547 2361 1608 2393 alig

928 2410 1044 2443 rubris
1073 2406 1224 2455 (φοίνιξ,
1254 2425 1435 2457 purpura;
1465 2415 1578 2459 πτερὸν
1601 2443 1607 2451 ,

929 2457 1016 2506 ala).
1036 2464 1114 2496 Lib.
1133 2465 1220 2497 XIII
1234 2490 1244 2504 ‚
1261 2466 1369 2510 epigr.
1390 2479 1472 2499 Lxx]
1491 2479 1525 2500 z«
1541 2469 1606 2500 Dar

929 2516 1015 2549 mihi
1034 2529 1148 2562 penna
1168 2518 1300 2551 rubens
1317 2532 1458 2552 nomen.
1484 2538 1496 2548 »-

988 2569 1044 2603 15.
1065 2571 1171 2603 Picta.
1192 2570 1248 2604 Ob
1268 2584 1398 2616 pennas
1417 2574 1609 2606 maculosa„

930 2631 962 2654 et
984 2623 1104 2656 varias.
1128 2645 1179 2649 —
1200 2624 1439 2672 Numidiaeque
1463 2634 1590 2670 gutta-ta

930 2675 1006 2708 Hoc
1018 2685 1067 2708 est
1085 2703 1092 2715 ,
1112 2677 1246 2721 gallinae
1259 2679 1312 2711 Af!
1324 2680 1426 2711 ivan-<13
1443 2705 1452 2719 ,
1467 2692 1614 2724 quarunt
