2061 3288
465 233 529 279 66

827 240 888 282 Μ.
929 240 1070 283 VAL.
1111 240 1505 284 MARTIALIS

1076 373 1257 430 XVI.

987 525 1059 553 AD
1096 505 1354 554 summm*

530 638 571 681 O
597 637 704 681 mihi
731 646 830 698 post
855 634 1022 692 nullos,
1046 639 1069 680 J
1076 635 1156 691 uli,
1177 636 1461 681 memorande
1488 637 1678 695 sodales3

601 709 644 752 Si
666 708 769 769 quid
789 707 921 768 longa
944 707 1076 763 fides,
1097 716 1301 768 castaque
1317 707 1418 768 jura
1437 707 1586 753 valent
1607 727 1616 753 ε

528 779 599 823 Bis
615 778 707 839 jam
729 795 851 840 paene
873 778 949 822 tibi
970 776 1122 822 consul
1144 779 1391 838 trigesimus
1412 779 1565 835 instat,

597 851 656 894 Et
678 858 880 893 numerat
900 865 1065 910 paucos
1087 849 1162 892 vix
1182 859 1257 892 tua
1277 850 1367 893 vita
1388 848 1490 894 dies.

526 920 630 964 Non
652 920 764 964 bene
785 919 1024 974 distuleris,
1043 919 1191 964 videas
1216 936 1312 980 quae
1336 936 1462 980 posse
1489 921 1661 980 negari;
1858 940 1874 964 5

596 993 654 1034 Et
677 990 818 1035 solum
840 991 926 1035 hoc
950 990 1106 1044 ducas,
1131 989 1250 1050 quod
1270 990 1376 1044 fuit,
1402 1007 1494 1035 esse
1518 1001 1656 1035 tuum.

523 1064 792 1123 Exspectant
818 1078 1020 1122 curaeque
1045 1061 1318 1121 catenatique
1341 1060 1538 1118 labores;

507 1190 523 1204 *
559 1192 636 1225 Hoc
673 1192 921 1237 epigrammate
965 1192 1135 1226 Martialis

454 1245 660 1290 epicureum
679 1245 767 1278 illud
786 1245 931 1291 poeticis
950 1245 1054 1279 vestit
1075 1257 1134 1279 co·

452 1298 586 1332 loribus
602 1307 817 1344 praeceptum
830 1326 839 1341 ‚
860 1299 902 1331 ab
916 1298 1063 1331 Horatio
1076 1311 1134 1331 sae-

451 1364 496 1397 pe
521 1352 714 1396 jactitatum
726 1376 734 1391 ‚
763 1359 796 1384 et
824 1350 922 1397 quod
953 1352 1027 1397 ipse
1059 1364 1133 1384 non

451 1404 559 1438 semel
578 1405 724 1445 recinit,
741 1405 802 1437 lib.
820 1405 875 1445 II,
893 1404 1004 1449 epigr.
1019 1416 1080 1437 nx
1099 1412 1133 1437 et

453 1470 513 1498 xc;
528 1458 666 1498 lib.IV,
676 1457 785 1503 epigr.
798 1469 874 1498 1.1v;
887 1457 948 1489 lib.
961 1458 1007 1499 V,
1018 1457 1127 1503 epigr.

451 1523 513 1543 xxi
530 1519 563 1543 et
576 1523 658 1552 L1x3
680 1511 739 1543 lib.
758 1511 841 1550 VII⁷
857 1510 966 1555 epigr.
983 1523 1081 1551 XLVI?
1098 1518 1132 1543 et

451 1563 514 1597 lib.
527 1564 635 1602 VIII,
651 1563 760 1609 epigr.
774 1575 857 1596 XLIV
873 1563 1133 1604 ethxv11;sci-

450 1617 532 1649 licet
547 1629 555 1650 ε
572 1615 766 1650 vivendum
786 1615 961 1649 hodierno
984 1615 1040 1649 die
1052 1641 1062 1656 ‚
1085 1628 1130 1649 ne

449 1670 517 1702 tibi
537 1669 625 1702 desit
639 1670 807 1702 crastinus
818 1682 826 1710 ;
838 1682 917 1701 nam
930 1695 939 1710 ‚
955 1678 993 1702 ut
1012 1669 1059 1702 ait
1073 1668 1131 1702 Se-

449 1735 534 1755 neca
544 1740 572 1764 ‚u
581 1721 668 1755 dum
679 1721 844 1756 differtur
854 1722 939 1761 vita,
952 1730 1130 1755 transcur-

448 1777 495 1808 rit
510 1793 540 1809 ›³.
555 1776 621 1809 En.
632 1796 686 1802 -—
704 1775 779 1808 Hoc
793 1783 827 1808 et
840 1788 917 1821 quae
933 1784 1130 1821 sequuntur

447 1829 592 1874 triginta
624 1828 696 1861 duo
728 1829 976 1874 epigrammata
1008 1829 1128 1862 locum

445 1882 582 1915 *habent
599 1881 636 1914 in
651 1882 753 1915 Junt.
769 1894 860 1915 anno
878 1894 892 1915 1
904 1882 921 1914 5
932 1894 945 1915 1
957 1895 973 1914 2
986 1907 995 1922 ‚
1011 1890 1045 1914 et
1059 1881 1128 1915 Co·

447 1935 511 1968 lin.
539 1948 629 1968 anno
661 1935 754 1968 1528
770 1961 779 1976 ,
799 1943 879 1980 post
899 1934 1129 1967 centesimum

448 1997 612 2033 quartum
624 2014 632 2028 ‚
647 1987 743 2032 quod
758 1988 962 2021 inscribitur
980 1986 1023 2020 ad
1039 1987 1127 2020 Scae-

448 2041 577 2074 volam.
606 2040 694 2074 Inde
724 2042 855 2075 inserta
876 2049 957 2074 sunt
978 2039 1127 2085 quadra-

447 2094 546 2139 ginta
567 2094 722 2140 quinque
745 2107 765 2127 e
790 2094 881 2127 libro
908 2102 1046 2139 quarto.

508 2160 539 2181 I.
571 2148 785 2180 Pulmaunus
814 2147 1012 2180 numeramle.
1044 2146 1126 2180 Haec

450 2199 521 2233 duo
543 2201 649 2233 verba
665 2212 754 2245 saepe
772 2199 1042 2233 confunduntur
1055 2224 1064 2239 ‚
1087 2208 1126 2233 ut

448 2267 505 2298 ap.
527 2253 612 2287 Stat.
633 2254 757 2287 Achill.
782 2254 818 2293 I,
836 2254 893 2289 13,
914 2253 1027 2286 Theb.
1049 2253 1102 2285 III
1116 2278 1125 2293 ‚

456 2306 523 2339 165
537 2333 546 2348 ‚
568 2315 601 2340 ct
620 2307 781 2351 Propert.
796 2307 873 2346 III,
893 2318 912 2350 7
926 2331 935 2347 ‚
959 2319 1014 2350 17.
1032 2304 1125 2338 Vide

450 2359 593 2392 Mitsch.
627 2360 663 2392 in
698 2360 798 2404 epist.
827 2359 904 2392 crit.
937 2357 980 2391 ad
1007 2358 1123 2403 Heyn.

450 2424 487 2455 p.
512 2414 571 2445 (ὅτι.
592 2434 644 2438 -—
672 2413 704 2445 O
727 2413 801 2444 mihi
814 2420 909 2456 post,
930 2419 988 2444 etc.
1014 2412 1125 2443 Tran-

451 2464 601 2509 scriptus
625 2464 684 2498 hic
710 2477 829 2498 versus
854 2465 898 2497 ab
929 2463 1033 2497 Ovid.
1058 2465 1125 2504 IV,

451 2517 537 2561 eleg.
565 2529 577 2549 1
593 2542 602 2557 ‚
624 2518 730 2551 Trist.
755 2535 769 2548 «
789 2518 820 2549 O
838 2517 926 2549 mihi
948 2525 1027 2562 post
1046 2517 1126 2549 nul-

451 2570 503 2602 los
522 2582 676 2615 unquam
697 2569 921 2603 memorande
935 2568 1079 2603 sodales.
1105 2587 1119 2599 n

506 2636 537 2656 α.
571 2621 664 2656 Edd.
693 2631 780 2656 vett.
814 2635 934 2656 omnes
948 2648 956 2661 ,
978 2623 1120 2655 Venett.

448 2675 526 2708 Atd.
565 2677 663 2711 Junt.
701 2675 814 2709 Coliu.
856 2675 962 2708 Palat.
991 2675 1088 2708 Junii
1110 2700 1120 2715 ‚

1194 1191 1334 1237 Gryph.
1349 1192 1482 1225 Domit.
1496 1192 1629 1226 Ramir.
1646 1193 1758 1226 Pulm.
1776 1192 1872 1235 aliae,

1193 1245 1384 1288 exhibent,
1404 1258 1544 1291 canaque
1556 1246 1635 1290 jura
1651 1259 1664 1285 ;
1690 1246 1817 1292 quibus
1837 1256 1871 1281 et

1188 1299 1297 1343 junge
1314 1298 1392 1332 Par.
1412 1311 1468 1331 an.
1496 1299 1591 1343 1754
1609 1310 1617 1332 :
1639 1301 1869 1345 castaquejura

1191 1360 1330 1385 servant
1344 1351 1454 1384 Scriv.
1478 1351 1623 1385 Farnab.
1644 1352 1818 1386 Schrevel.
1835 1361 1869 1386 et

1190 1404 1357 1438 Maittair.
1382 1425 1429 1432 —-
1451 1405 1563 1448 Longa
1572 1403 1658 1448 fides
1673 1432 1682 1445 ,
1710 1413 1774 1439 etc.
1795 1407 1868 1438 Ve-

1190 1458 1273 1490 teris
1292 1465 1326 1490 et
1347 1458 1503 1502 probatae
1522 1457 1698 1499 mnicitiae,
1720 1471 1783 1503 per
1804 1471 1867 1492 an·

1187 1522 1252 1543 nos
1275 1510 1321 1549 34
1334 1535 1342 1550 ‚
1363 1509 1462 1544 fides.
1482 1509 1576 1543 Vide
1599 1511 1708 1556 epigr.
1734 1524 1840 1546 xxxw
1856 1538 1867 1554 9

1190 1563 1253 1596 lib.
1277 1563 1359 1596 XII.

1242 1615 1275 1648 3.
1293 1616 1352 1648 Bis
1363 1617 1444 1661 jam.
1464 1616 1592 1649 Annuo
1608 1617 1794 1651 consulatu
1809 1630 1867 1651 an-

1187 1681 1250 1702 nos
1268 1670 1500 1702 numerabant
1519 1670 1680 1702 Romani.

1242 1727 1275 1762 4.
1298 1723 1349 1754 Et
1375 1730 1518 1755 numerat
1540 1735 1671 1767 paucos.
1694 1721 1779 1756 Vid.
1802 1723 1866 1757 lib.

1188 1775 1240 1807 VI
1260 1800 1269 1816 ,
1294 1775 1404 1820 epigr.
1427 1787 1516 1815 Lxx,
1541 1775 1632 1809 solos
1664 1776 1757 1808 enim
1791 1775 1865 1809 dies

1186 1829 1412 1873 computabat
1425 1855 1434 1870 ‚
1449 1828 1578 1874 quibus
1605 1828 1712 1873 genio
1743 1827 1865 1862 indul-

1184 1881 1298 1926 gebat.

1240 1933 1270 1967 5.
1293 1935 1394 1967 Junt.
1416 1933 1498 1967 anni
1523 1932 1564 1967 15
1576 1946 1588 1966 1
1601 1946 1617 1965 α
1640 1933 1765 1974 habet,
1778 1935 1865 1980 quod

1180 1999 1272 2031 posse
1288 1989 1410 2031 negari.
1422 2006 1474 2012 —
1489 1987 1565 2020 Non
1583 1986 1656 2018 bene
1668 2013 1677 2027 ‚
1697 1995 1762 2020 etc.
1780 1987 1861 2021 Non

1184 2039 1378 2085 prudenter
1399 2040 1522 2072 feceris
1540 2038 1740 2073 differendo
1757 2041 1862 2074 volu-

1183 2100 1294 2136 ptates
1325 2093 1361 2125 in
1390 2093 1549 2125 futurum
1574 2101 1731 2138 tenipus,
1764 2093 1861 2139 quod

1182 2155 1356 2178 lncertum
1378 2154 1438 2178 est.

1238 2201 1272 2232 6.
1302 2199 1349 2231 Et
1373 2199 1472 2231 solum
1493 2198 1551 2231 lcoc
1571 2198 1700 2231 ducas..
1713 2224 1721 2231 .
1740 2224 1747 2231 .
1764 2199 1859 2233 nulla

1184 2261 1278 2285 certa
1288 2260 1338 2285 est
1351 2252 1511 2297 voluptas
1522 2276 1532 2293 7
1545 2260 1671 2297 praeter
1688 2263 1763 2284 eam
1781 2265 1859 2297 quae

1182 2305 1370 2349 praeteriit;
1390 2305 1509 2338 futura
1526 2305 1621 2338 enim
1637 2314 1751 2338 morte
1768 2318 1858 2350 prae-

1182 2358 1250 2403 ripi
1270 2366 1396 2403 potest.

1238 2423 1270 2455 7.
1297 2410 1504 2455 catenatique
1523 2411 1653 2443 labores.
1671 2410 1856 2443 Catenatos

1182 2471 1283 2496 vocat
1300 2464 1435 2496 labores
1447 2490 1455 2503 ‚
1475 2463 1568 2509 quod
1581 2488 1591 2504 ‚
1609 2463 1705 2508 quasi
1716 2471 1833 2496 catena
1844 2488 1856 2504 ‚

1184 2516 1241 2548 alii
1268 2517 1342 2549 aliis
1374 2517 1469 2561 ligati
1496 2524 1596 2556 sunt,
1621 2516 1667 2547 ita
1696 2524 1735 2549 ut
1766 2529 1857 2549 unus

1183 2569 1330 2602 alterum
1340 2582 1456 2602 secum
1469 2569 1581 2601 trahat
1594 2594 1604 2609 ,
1623 2568 1854 2602 cohaerentem

1184 2630 1217 2654 ct
1239 2634 1456 2663 connexum,
1475 2622 1628 2666 aliusque
1653 2634 1694 2655 ex
1712 2622 1780 2656 alio
1802 2634 1855 2656 as-

1180 2674 1278 2709 sidue
1297 2683 1465 2709 nascatur.
