2061 3288
437 294 1847 307 mmmmmmmmmmsmsmsmmxusmwvumxssfflmmflus

470 515 624 595 DE
688 514 779 595 M
788 513 1110 597 ETRIS
1173 512 1820 596 MARTIALIS.

1044 720 1148 740 „234
1161 721 1268 740 &-
1282 728 1347 732 -..-
1357 729 1401 733 ἡ

439 865 549 942 UT
579 895 697 938 varia
722 904 765 939 et
787 893 1014 955 multiplex
1039 894 1379 955 Epigrammatis
1405 894 1586 937 materia
1611 903 1676 937 est
1694 930 1705 949 ,
1727 894 1785 937 ita
1811 903 1856 937 et

435 966 628 1027 rhythmi
651 966 773 1009 varia
799 975 841 1009 et
870 964 1099 1026 multiplex
1122 965 1232 1008 ratio
1259 981 1352 1008 esse
1377 973 1532 1026 potest.
1561 964 1694 1021 Quod
1717 980 1854 1025 quan-

435 1053 566 1098 quam
610 1038 777 1081 Graecis
809 1036 1200 1098 epigrammatariis
1238 1036 1381 1079 minus
1415 1036 1621 1079 usitatum
1662 1035 1769 1090 fuit,
1808 1045 1856 1078 ut

437 1106 750 1168 Anthologiam
771 1106 1016 1168 legentibus
1040 1115 1182 1168 patet,
1201 1122 1342 1166 neque
1361 1106 1521 1150 horum
1543 1105 1855 1167 opusculorum

438 1178 756 1239 pulchritudini
783 1179 1052 1222 contrarium
1082 1187 1172 1233 est,
1197 1186 1241 1221 et
1266 1175 1484 1233 Catullus,
1502 1176 1700 1221 literariae
1720 1193 1855 1220 venu-

439 1251 560 1293 statis
577 1250 770 1311 optimus
786 1249 944 1310 judex,
959 1250 1002 1292 in
1023 1247 1187 1292 deliciis
1202 1248 1346 1293 habet.
1361 1250 1491 1291 Hunc
1513 1257 1720 1308 sequutus
1744 1249 1857 1291 Mar-

438 1320 550 1364 tialis
574 1337 780 1365 numeros
801 1320 921 1364 haud
945 1321 1035 1364 sine
1060 1318 1240 1363 consilio
1265 1320 1468 1374 variavit,
1493 1328 1535 1362 et
1562 1318 1729 1363 libellos
1755 1335 1856 1362 suos

439 1391 601 1448 voluit,
628 1392 662 1435 si
691 1391 756 1436 fas
784 1392 844 1435 ita
864 1391 1030 1451 jocari,
1056 1391 1250 1434 numeris
1280 1390 1484 1433 omnibus
1514 1389 1748 1434 absolutos.

515 1464 629 1506 Hinc
663 1479 809 1524 operae
841 1463 1030 1523 pretium
1058 1461 1151 1506 fore
1185 1478 1265 1505 nos
1299 1461 1526 1515 duximus,
1559 1461 1591 1504 si
1630 1475 1770 1521 pauca
1804 1459 1858 1503 de

443 1550 648 1578 versuum
670 1550 780 1594 quos
798 1533 974 1594 quidem
997 1532 1066 1576 ille
1089 1533 1316 1594 usurpavit
1339 1541 1510 1575 textura
1532 1540 1573 1574 et
1601 1548 1683 1575 usu
1710 1530 1859 1574 aduin-

441 1605 727 1649 braverimus.
752 1603 998 1665 Aliquando
1024 1605 1138 1647 enim
1163 1605 1264 1648 satis
1290 1602 1468 1647 eruditis
1489 1603 1594 1646 viris
1617 1601 1794 1658 accidit,
1811 1610 1860 1645 ut

442 1677 686 1720 carminum
724 1675 934 1737 quasdam
972 1675 1134 1719 formas
1172 1674 1240 1718 vel
1275 1675 1418 1717 minus
1453 1672 1759 1728 recordentur,
1789 1671 1858 1715 vel

443 1746 571 1808 plane
602 1748 797 1791 nesciant
821 1764 829 1789 :
857 1745 962 1807 quid
992 1744 1242 1800 tirunculis,
1267 1761 1454 1806 quorum
1485 1754 1631 1788 tamen
1662 1743 1860 1804 plurimis

444 1817 657 1862 Martialis
686 1819 821 1862 nostri
853 1817 919 1860 vel
950 1817 1149 1878 quaedam
1179 1815 1247 1859 vel
1279 1833 1378 1877 pars
1404 1815 1558 1860 melior
1585 1814 1761 1876 praelegi
1789 1831 1861 1874 po-

447 1889 554 1933 test?
580 1891 704 1932 Arme
735 1899 881 1933 autem
910 1888 1105 1948 rhythmi
1139 1886 1398 1948 elegantiam
1438 1897 1481 1930 et
1520 1896 1659 1947 poetae
1685 1885 1857 1928 beatam

446 1976 603 2004 venam
626 1961 652 2003 ii
675 1959 940 2021 intelligent,
965 1960 998 2003 si
1020 1968 1127 2019 quot
1146 1957 1342 2018 syllabae,
1363 1959 1434 2018 qui
1459 1957 1590 2018 pedes
1611 1956 1665 1999 ad
1685 1971 1859 1999 versum

449 2031 631 2083 faciant,
660 2040 938 2092 perspectum
967 2048 1054 2074 non
1077 2028 1343 2073 habuerint?

519 2105 677 2156 Porro,
703 2119 798 2163 quae
826 2102 896 2145 hic
928 2101 1181 2145 brevissime
1216 2100 1433 2144 exaraturi
1467 2115 1639 2151 sumus,
1670 2097 1778 2141 duas
1818 2097 1861 2139 in

451 2183 594 2233 partes
636 2183 791 2234 sponte
825 2171 1084 2217 scinduntur
1115 2182 1156 2214 et
1189 2170 1419 2215 discedunt
1448 2187 1455 2212 :
1491 2169 1545 2213 de
1575 2167 1792 2213 struendis
1821 2177 1864 2211 et

451 2244 705 2305 coaptandis
732 2243 929 2287 versibus
955 2244 1000 2286 in
1025 2244 1168 2304 priore
1193 2241 1508 2303 disputabitur,
1532 2239 1740 2284 indicabit
1762 2255 1863 2299 pars

450 2316 668 2375 posterior
698 2331 825 2375 quem
862 2314 1083 2369 habitum,
1114 2330 1244 2374 quem
1280 2318 1543 2372 χαρακτῆρα,
1573 2309 1690 2371 quod
1728 2309 1862 2352 veluti

451 2386 612 2447 ingenii
633 2402 768 2446 genus
790 2401 941 2429 versus
963 2384 1189 2446 praeferat,
1207 2393 1250 2427 et
1271 2400 1366 2444 quae
1387 2383 1660 2444 potissimum
1682 2380 1863 2440 quisque

451 2457 593 2517 aptius
613 2457 841 2517 exprimat.
868 2455 946 2500 llla
978 2456 1178 2500 teehnica
1205 2455 1384 2499 omnino
1411 2462 1499 2504 est,
1524 2453 1617 2495 haec
1643 2467 1748 2494 vero
1773 2449 1866 2494 lite-

454 2528 591 2579 raria3
618 2526 688 2569 illa
713 2526 767 2570 ad
788 2527 1152 2571 versificationem
1181 2535 1371 2587 spectat,
1398 2524 1490 2567 haec
1517 2523 1570 2566 ad
1597 2523 1771 2582 poesin,
1795 2520 1865 2564 illa

454 2598 670 2641 solertiam
700 2597 1026 2657 quodammodo
1054 2597 1322 2647 manifestat,
1351 2596 1442 2639 liaec
1469 2594 1704 2653 ingenium.
