2061 3288
447 224 562 277 v240

840 222 900 264 M.
926 223 1066 267 VAL.
1107 226 1498 270 MARTIALIS

533 311 735 354 Protinus
764 319 839 352 aut
867 310 1003 354 Marsi
1035 314 1216 368 recitas,
1242 323 1317 356 aut
1342 314 1501 374 scripta
1527 314 1699 358 Catulli.

603 383 707 424 Haec
734 380 840 423 mihi
865 380 966 435 das,
996 392 1218 443 tamquam
1245 383 1461 427 deteriora
1485 383 1614 446 legas.

535 452 596 495 Ut
627 450 783 495 collata
813 452 951 512 magis
979 451 1180 513 placeant
1209 453 1334 497 mea?
1356 454 1573 499 credimus
1598 454 1715 499 illud.

605 520 726 565 Malo
752 532 899 565 tamen
925 523 1100 577 recites,
1123 523 1375 581 Caeciliane,
1406 535 1491 568 tua.

468 679 572 712 quem
588 667 781 711 probamus
798 666 961 708 exhibet,
976 666 1057 711 lego.
1075 667 1143 700 EI).

521 720 555 753 3.
595 720 720 759 Marsi,
759 719 819 765 qui
852 719 1144 765 epigrammatum

469 773 618 818 scriptor
646 772 713 805 fuit
741 785 815 805 non
844 772 1022 818 ignobilis.
1052 772 1145 807 Vide

470 825 606 871 epistol.
624 826 685 858 lib.
711 826 749 868 I;
769 834 803 859 et
823 826 884 858 lib.
903 827 957 867 V,
983 826 1092 872 epigr.
1111 840 1143 859 v.

525 883 557 919 4.
576 879 650 911 Hoc
663 879 737 911 milii
755 878 860 912 codd.
880 879 960 912 Put.
981 888 1015 913 et
1030 882 1145 912 Aron-

466 931 547 965 dell.
574 932 748 976 probante
781 931 947 966 Heraldo.
982 954 1033 960 --
1063 934 1145 966 IIoec

468 986 544 1017 milei
562 985 630 1017 clas.
654 985 786 1018 Gallice
799 1011 808 1027 ‚
833 987 882 1018 Tu
902 998 947 1018 me
967 986 1009 1018 les
1029 986 1145 1019 donnes

464 1051 548 1082 pom·
575 1040 725 1071 mammis.
758 1038 824 1071 ΕΒ.
859 1055 906 1059 —
928 1039 998 1071 Alii
1024 1039 1146 1084 legunt

468 1092 541 1123 Hoc
561 1091 635 1123 mihi
658 1091 716 1123 (las
731 1119 739 1131 ,
764 1100 798 1125 ct
819 1091 1020 1137 intelligunt
1037 1104 1044 1125 :
1073 1093 1146 1125 Hoc

461 1145 549 1186 fucis
585 1146 615 1176 in
651 1158 747 1177 meam
782 1147 921 1189 gratiam
938 1172 946 1185 ‚
979 1145 1026 1179 ita
1059 1145 1147 1178 mihi

470 1197 633 1230 adularis.

527 1251 556 1283 5.
584 1252 634 1283 Et
656 1251 771 1283 collata
794 1250 871 1284 cod.
896 1250 1077 1284 Arondell.
1105 1251 1150 1285 Ut

471 1304 587 1335 collatu
601 1307 701 1348 magis
713 1304 863 1348 placeant
875 1317 940 1336 mea
951 1305 1024 1338 sine
1045 1305 1150 1338 inter-

468 1357 648 1402 rogatione
667 1356 851 1391 Hei-aldus.
873 1358 1008 1398 Verba,
1022 1367 1073 1397 et,
1091 1366 1145 1398 ut,

470 1422 560 1455 saepe
578 1419 834 1455 permutantur.
854 1410 948 1443 Vide
969 1411 1148 1444 Drakenb.

471 1462 514 1495 ad
531 1463 607 1496 Liv.
627 1464 727 1496 Tom.
747 1464 800 1496 HI
814 1490 822 1504 ‚
838 1476 873 1509 p.
896 1468 968 1507 409
982 1489 990 1502 ‚
1012 1472 1045 1496 et
1063 1476 1150 1509 quos

471 1516 589 1549 laudat
611 1515 705 1549 idem
725 1517 903 1549 Drakenb.
925 1516 969 1549 ad
989 1517 1048 1550 Sil.
1073 1517 1150 1550 Ital.

471 1582 502 1601 v.
530 1582 614 1613 217.
638 1590 688 1596 ——
712 1568 887 1602 Credimus.
912 1570 979 1602 Per
1001 1569 1150 1602 ironiam

471 1622 611 1667 subjicit
631 1622 755 1664 Poeta,
774 1621 890 1656 Credo
911 1631 944 1655 te
965 1635 1005 1655 eo
1026 1623 1096 1655 fine
1117 1631 1151 1656 et

474 1675 590 1708 animo
609 1684 765 1710 veterum
788 1684 949 1721 poemata
973 1676 1122 1709 recitare
1139 1700 1149 1716 ,

1204 676 1242 701 ut
1253 692 1262 709 ,
1283 667 1370 701 meis
1387 667 1511 701 collata
1526 693 1536 709 ,
1555 667 1731 702 deteriora
1742 668 1883 704 videan-

1204 729 1274 754 tur.
1293 721 1426 754 Revera
1442 721 1511 755 hoc
1533 721 1617 755 facis
1632 747 1641 763 ,
1660 730 1701 756 ut
1718 735 1796 756 mea
1809 735 1883 768 prae

1204 774 1246 807 iis
1268 773 1471 807 sordescant
1484 800 1494 817 ‚
1516 775 1613 820 quasi
1634 776 1758 820 majori
1778 775 1884 808 lumi-

1205 839 1249 860 ne
1263 827 1432 861 offuscata
1447 840 1456 868 ;
1475 828 1567 860 enim
1583 839 1667 861 vero
1679 854 1689 870 ‚
1706 836 1745 862 ut
1760 841 1885 862 eorum

1205 880 1385 926 ingenium
1405 881 1716 926 praetermittatur,
1736 881 1804 914 hoc
1821 882 1883 915 sal-

1206 941 1276 966 tem
1302 933 1452 975 habent,
1482 932 1580 979 quod
1609 934 1750 980 antiqua
1782 942 1883 977 sunt3

1204 986 1365 1019 homines
1382 995 1498 1020 autem
1514 985 1647 1019 invidia
1662 986 1750 1020 moti
1768 995 1886 1020 vetera

1204 1040 1434 1085 praesentibus
1459 1048 1688 1085 praeponunt,
1716 1048 1750 1073 et
1778 1052 1887 1085 opera

1206 1092 1367 1127 vivorum
1397 1101 1579 1138 poetarum
1600 1092 1887 1139 reprehendunt,

1207 1158 1280 1179 non
1298 1146 1366 1179 alio
1390 1146 1534 1179 nomine
1555 1158 1660 1192 quam
1682 1144 1778 1191 quod
1796 1158 1889 1180 nova

1209 1207 1299 1232 suut.

1264 1255 1297 1286 6.
1326 1252 1418 1285 Malo
1447 1261 1571 1292 tamen,
1596 1259 1661 1285 etc.
1682 1251 1804 1285 Facete
1820 1251 1889 1285 hoc

1209 1305 1373 1350 ambiguo
1411 1317 1515 1339 sensu
1554 1304 1712 1346 dictum3
1740 1303 1778 1337 id
1810 1313 1888 1346 est,

1209 1357 1303 1391 Malo
1332 1370 1388 1390 me
1415 1358 1582 1392 honorari
1608 1357 1790 1403 praelatum
1823 1357 1889 1390 tihi

1209 1423 1314 1457 quam
1325 1411 1441 1444 Marso
1461 1420 1495 1444 et
1513 1411 1676 1452 Catullo;
1694 1409 1754 1443 sed
1768 1422 1889 1444 revera

1210 1464 1302 1497 malo
1317 1489 1326 1505 ,
1346 1472 1384 1497 ut
1407 1472 1468 1497 tua
1495 1464 1642 1509 pessima
1659 1463 1812 1497 carmina
1833 1475 1888 1496 re-

1211 1517 1316 1558 cites,
1334 1517 1372 1549 in
1392 1529 1551 1550 meorum
1572 1516 1889 1562 contemptionem,

1210 1582 1317 1616 quam
1353 1570 1606 1614 elegantissima
1636 1570 1695 1602 illa
1720 1568 1828 1602 Marsi
1857 1577 1892 1602 et

1212 1623 1363 1664 Catulli;
1398 1623 1452 1656 his
1490 1622 1586 1655 enim
1622 1622 1747 1668 procul
1781 1621 1890 1655 dubio

1212 1687 1286 1709 mea
1304 1676 1412 1720 inagis
1426 1676 1625 1721 placebunt.

1042 1824 1322 1880 LXXII.

954 1991 1006 2019 IN
1046 1990 1406 2020 POSTHUMUM.

548 2131 800 2172 HESTERNA
830 2118 993 2171 factum
1022 2136 1245 2183 narratur,
1274 2126 1513 2170 Posthume
1530 2161 1540 2181 ,
1563 2142 1708 2182 coena,

616 2197 750 2255 Quod
778 2196 939 2241 nollem
962 2214 970 2240 :
997 2198 1092 2258 quis
1116 2198 1232 2241 enim
1262 2196 1365 2241 talia
1389 2197 1503 2241 facta
1527 2195 1712 2257 probet?

535 2357 565 2377 I.
590 2345 745 2377 Hesterna
760 2371 768 2383 ,
789 2352 852 2376 etc.
874 2343 949 2376 Prae
962 2355 997 2375 se
1016 2342 1083 2375 fert
1096 2341 1157 2375 do-

476 2398 611 2439 lorem,
638 2396 760 2430 audito
789 2408 893 2442 quam
922 2394 1068 2440 indigne
1098 2408 1156 2428 ex-

478 2459 597 2496 ceptus
618 2451 661 2483 sit
682 2450 893 2483 posthumus
909 2461 927 2482 a
946 2448 1131 2483 Caeciliano
1147 2475 1156 2489 ,

481 2504 539 2549 qui
557 2503 742 2549 colaphum
765 2503 814 2535 illi
835 2503 871 2535 in
890 2515 928 2535 os
948 2502 1133 2547 impegerit
1147 2528 1156 2541 ,

480 2569 589 2602 quum
607 2557 746 2589 interim
762 2556 877 2589 verbis
893 2555 1012 2588 alienis
1028 2567 1155 2600 expro-

480 2611 555 2642 bret
578 2610 628 2642 illi
655 2618 758 2654 turpe
782 2609 914 2642 crimen
940 2608 1125 2641 fellationis
1146 2633 1154 2648 ‚

480 2671 512 2694 ct
532 2661 694 2695 deflectat
725 2661 765 2694 ad
788 2661 989 2706 improbum
1013 2673 1150 2693 sensum

1216 2342 1290 2375 haec
1316 2342 1421 2375 verba
1440 2344 1627 2386 praecisum,
1654 2341 1708 2374 vel
1725 2343 1890 2386 percisum.

1217 2394 1310 2428 Vide
1327 2395 1387 2428 lib.
1409 2395 1475 2435 IV,
1496 2395 1605 2440 epigr.
1624 2406 1753 2432 XLVIII,
1778 2401 1811 2426 et
1830 2393 1891 2427 lih.

1218 2448 1288 2481 XII
1300 2476 1308 2489 ‚
1324 2448 1433 2493 epigr.
1451 2460 1550 2481 xxxv.
1569 2448 1689 2480 Rumor
1699 2459 1764 2492 pro
1780 2448 1890 2486 iri-um,

1217 2509 1257 2534 ut
1279 2501 1339 2534 lib.
1365 2502 1439 2542 III,
1457 2500 1565 2546 epigr.
1583 2512 1680 2533 Lxxn
1695 2524 1705 2541 ‚
1726 2511 1835 2532 Lxx1x
1858 2508 1892 2532 et

1216 2567 1357 2587 Lxxxw.
1369 2555 1504 2587 Factum
1516 2580 1525 2593 ,
1541 2565 1635 2598 supr.
1651 2552 1759 2598 epigr.
1778 2563 1863 2585 xxxl
1879 2565 1888 2593 ;

1217 2616 1306 2639 testes
1330 2619 1432 2640 sensu
1463 2607 1566 2639 etiam
1587 2604 1793 2638 obscoeniori
1813 2617 1820 2637 ε
1845 2604 1890 2638 si-

1215 2660 1306 2693 milis
1328 2669 1377 2692 est
1399 2661 1493 2703 jocus
1511 2659 1546 2691 in
1571 2658 1840 2704 Amphitryone.
