2061 3288
482 256 572 302 192

850 243 912 285 Μ.
939 244 1077 287 VAL.
1118 246 1512 290 MARTIALIS

541 331 637 373 Jam
663 339 705 373 te
727 346 819 373 rem
844 329 1030 385 factam,
1056 331 1303 392 Bithynice,
1329 333 1470 378 credis
1490 334 1679 378 habere?

610 401 743 444 Erras
768 417 776 443 :
800 399 1024 444 blanditur
1046 403 1196 446 Naevia
1210 438 1221 458 ,
1243 420 1331 448 non
1352 405 1548 448 moritur.

467 545 597 590 batque
635 543 807 579 Heraldus
845 544 939 590 quasi
980 545 1147 580 Martialis

466 597 515 630 ita
535 610 706 631 summam
733 597 887 631 hominis
914 598 1145 644 abjectionem

467 650 657 695 significet,
683 651 744 696 qui
764 650 938 697 ejusmodi
963 660 1063 697 sputa
1084 665 1145 698 pa-

465 703 671 737 tientissime
687 713 721 737 et
736 705 943 738 amicissime
959 705 1146 750 exciperet.

521 756 555 790 3.
577 757 651 790 Jam
674 765 765 791 terrae
776 759 892 801 foetam
915 757 1024 792 codex
1043 759 1144 792 Vati-

467 821 585 843 canus.
603 830 653 835 ——
672 811 749 843 Rem
762 812 899 854 factam.
920 812 1075 845 Lucrum
1096 812 1145 845 fa-

464 871 559 896 ctum
584 876 624 896 ex
653 864 778 897 vetulae
809 863 1022 898 haereditate.
1054 863 1145 898 Vide

463 916 523 948 lib.
544 916 579 957 I,
600 917 710 962 epigr.
734 930 848 950 xxvur
865 944 874 960 ‚
895 931 926 951 v.
951 922 983 958 4.
1001 918 1068 951 ED.

518 973 550 1009 4.
568 970 742 1002 Blanditur
761 971 885 1004 Naevia.
910 972 961 1004 Te
977 983 1063 1004 vana
1081 985 1141 1016 spe

460 1022 563 1056 lactat
584 1035 648 1056 nec
668 1023 858 1065 moritura,
878 1024 986 1057 immo
1007 1024 1140 1059 diutius

1206 546 1342 580 victura
1373 555 1406 581 te
1439 547 1611 581 haeredem
1642 549 1804 594 appellat.
1833 571 1885 578 —

1206 600 1390 633 Blanditur.
1413 601 1495 634 Tibi
1524 601 1573 634 sic
1603 609 1698 647 grata
1727 614 1799 635 esse
1824 614 1885 636 co-

1205 661 1332 695 natur,
1357 661 1396 687 ut
1416 666 1491 687 eam
1520 653 1625 688 ducas
1649 667 1794 688 uxorem
1820 654 1882 689 de-

1206 715 1348 752 ceptus,
1368 715 1402 740 et
1419 707 1516 741 brevi
1538 707 1744 741 morituram
1767 707 1883 742 existi-

1205 772 1314 793 mans.
1351 760 1417 793 En.
1455 780 1507 786 —
1545 761 1616 793 Alii
1652 760 1855 806 intelligunt
1874 773 1883 794 :

1206 812 1334 845 delicias
1349 814 1446 856 facit.
1477 812 1630 854 Quidam
1656 813 1826 847 tussiendi
1849 822 1883 847 et

1205 864 1364 899 screandi
1387 865 1558 899 rationem
1586 865 1774 912 quamdam
1800 866 1882 901 ada-

1205 928 1302 952 mant
1319 945 1328 961 ,
1351 919 1586 965 affectantque
1600 945 1609 960 ‚
1628 927 1668 952 ut
1691 919 1829 953 delicati
1847 928 1882 953 et

1202 971 1324 1006 blandi
1344 971 1530 1006 videantur
1546 984 1555 1005 :
1572 972 1619 1005 ita
1635 972 1737 1007 tussit
1749 973 1879 1013 Naevia,

1201 1033 1240 1059 ut
1256 1025 1319 1059 tibi
1340 1025 1448 1070 magis
1465 1025 1610 1070 placeat.

1019 1185 1304 1241 XXVII.

1473 1323 1490 1339 qa

847 1344 913 1371 DE
951 1343 1106 1371 SELIO
1147 1343 1444 1372 COENIPETA.

528 1474 831 1516 LAUDANTEM
858 1471 1042 1526 Selium,
1070 1489 1204 1516 coenae
1236 1488 1369 1532 quum
1397 1472 1502 1515 retia
1533 1471 1697 1525 tendit,

601 1543 782 1602 Accipe,
809 1544 898 1586 sive
925 1542 1064 1603 legas,
1088 1543 1176 1587 sive
1202 1553 1413 1603 patronus
1436 1558 1548 1602 agas.

526 1610 718 1657 Effecte!
752 1610 965 1674 graviter!
997 1611 1099 1657 cito!
1134 1610 1347 1673 nequiterl
1377 1609 1509 1673 euge!
1542 1610 1691 1655 beate!

595 1686 691 1728 Hoc
721 1681 861 1728 volui!
895 1684 1011 1728 facta
1037 1694 1102 1728 est
1128 1684 1218 1744 jam
1250 1684 1328 1727 tibi
1361 1699 1485 1727 coena
1513 1700 1520 1725 :

507 1834 521 1843 ¹
536 1834 586 1865 De
601 1831 724 1865 eodem
741 1832 834 1865 Selio
848 1857 857 1874 5
874 1831 946 1865 vid.
965 1845 1043 1877 sup.
1061 1832 1132 1877 epi-

451 1898 597 1931 gramm.
616 1897 652 1918 ΧΙ
672 1894 704 1918 et
724 1897 794 1918 ΧΠ.

507 1953 538 1971 2.
560 1939 689 1983 Accipe.
716 1938 966 1971 Animadverte
992 1938 1131 1984 quantis

451 1992 629 2037 plausibus
642 2018 650 2033 ,
670 2004 779 2037 quum
800 2004 933 2025 coenam
953 2000 1048 2024 tuam
1068 2004 1129 2024 au-

449 2053 617 2091 cupatur,
639 2053 673 2077 te
690 2043 808 2077 laudet
823 2044 932 2077 Selius
945 2070 955 2085 ‚
975 2044 1129 2077 carmina

450 2100 504 2131 vel
529 2098 666 2131 libellos
687 2097 988 2139 recitanten1‚-vel
1011 2110 1129 2131 causas

450 2161 608 2197 agentem
625 2151 631 2183 !

506 2205 538 2238 3.
559 2203 623 2236 Ed.
639 2203 747 2249 antiq.
766 2203 902 2237 Ferrar.
921 2215 1012 2236 anno
1030 2207 1097 2247 147
1110 2214 1122 2235 1

450 2259 572 2290 Venet.
588 2255 668 2289 Ald.
688 2257 785 2290 Junt.
804 2256 922 2290 Colin.
940 2256 1013 2289 aliae
1029 2256 1126 2288 exhi-

449 2311 535 2343 bent
580 2311 699 2353 Effoete
722 2335 730 2351 ,
767 2309 865 2355 quod
901 2307 1125 2343 retinendum

448 2371 564 2396 censet
588 2364 727 2395 Ramlres
748 2363 786 2395 de
812 2363 934 2396 Prado.
957 2363 1084 2405 Effecte
1108 2375 1126 2395 e

447 2415 568 2449 codice
593 2429 655 2449 suo
680 2416 795 2449 attulit
814 2416 1007 2457 Gruterus;
1033 2413 1126 2448 unde

448 2470 662 2501 Pulmannus
681 2470 772 2514 conj.
789 2470 915 2512 Affecte
927 2467 1039 2514 ‚quod
1057 2468 1126 2513 pla-

448 2530 503 2555 cet
515 2520 664 2554 Radero.
677 2522 745 2554 Pro
757 2525 912 2567 nequiter,
935 2522 989 2554 alii
1006 2522 1126 2566 legunt

447 2577 584 2607 naviter.
617 2596 667 2599 —
701 2576 838 2617 Effecte.
871 2576 946 2608 Hoc
977 2576 1124 2607 verbum

446 2640 512 2673 pro
533 2628 671 2672 perfecte
695 2628 783 2660 sumi
801 2628 1011 2660 confirmant
1028 2629 1122 2672 Apu-

445 2680 548 2721 leius,
582 2680 640 2712 lib.
670 2680 727 2721 II,
746 2680 879 2713 Florid.
915 2698 926 2709 ι
946 2680 1011 2713 Vel
1041 2679 1122 2712 inde

1552 1692 1659 1726 tace.

1192 1840 1270 1865 ante
1300 1843 1393 1864 aram
1422 1830 1574 1877 Bathylli
1593 1838 1708 1863 statua
1729 1842 1748 1862 a
1764 1830 1869 1875 Poly·

1191 1893 1283 1918 crate
1300 1893 1450 1929 tyranno
1469 1882 1581 1917 dicata
1597 1896 1606 1924 ;
1626 1896 1692 1928 qua
1709 1882 1798 1916 nihil
1817 1883 1868 1916 vi-

1191 1936 1277 1970 deor
1295 1938 1437 1980 effectius
1452 1936 1654 1981 cognovisse
1671 1953 1684 1965 »
1704 1943 1739 1968 et
1752 1936 1866 1970 Amm-

1190 1991 1440 2031 Marcellinus‚
1466 1990 1526 2022 lib.
1553 1989 1637 2021 XVI
1663 2001 1671 2021 :
1698 1987 1795 2021 «Sed
1816 1996 1868 2022 ta-

1189 2056 1270 2076 men
1310 2055 1418 2089 quum
1449 2042 1523 2076 haec
1556 2043 1666 2085 effecte
1698 2041 1867 2086 pleneque

1189 2097 1385 2141 colligeret,
1407 2104 1531 2129 ete...»
1558 2095 1658 2139 Legit
1681 2095 1785 2137 essoete
1804 2095 1868 2127 Ra-

1188 2149 1370 2191 miresius‚
1397 2157 1431 2182 et
1455 2149 1503 2181 sic
1534 2148 1682 2193 explicat
1703 2160 1711 2180 :
1741 2147 1867 2181 Effoeta

1188 2201 1373 2244 dicuntur,
1392 2214 1469 2247 quae
1488 2201 1632 2234 omnino
1648 2200 1770 2234 foetum
1783 2199 1867 2233 emi-

1187 2263 1309 2288 serunt
1325 2267 1333 2288 ε
1350 2267 1412 2301 per
1425 2254 1667 2299 metaphoram
1684 2254 1805 2296 Esfoete
1815 2252 1868 2286 di-

1187 2309 1280 2341 citur
1295 2309 1331 2341 in
1347 2306 1487 2341 laudem
1506 2306 1598 2340 illius
1616 2307 1676 2352 qui
1692 2306 1782 2339 nihil
1796 2318 1866 2339 am-

1185 2362 1278 2406 plius
1300 2359 1490 2395 dicendum
1511 2359 1694 2405 reliquerit
1713 2359 1749 2391 in
1770 2370 1808 2392 ea
1826 2371 1864 2391 re

1186 2427 1294 2460 quam
1318 2415 1397 2459 agit.
1429 2435 1480 2440 —-
1513 2413 1674 2457 Nequiter.
1694 2412 1862 2450 Versute‚

1186 2476 1319 2513 argute.

1242 2525 1274 2560 4.
1313 2519 1487 2553 Domitius
1518 2530 1535 2550 e
1567 2515 1685 2550 codice
1716 2515 1862 2561 antiquo

1185 2573 1269 2618 legit
1309 2580 1399 2605 tacet.
1442 2589 1455 2600 α
1490 2571 1657 2615 Legerem
1696 2569 1862 2602 libentius

1186 2634 1285 2665 tacet,
1310 2623 1405 2671 quod
1423 2623 1570 2656 verbum
1589 2622 1702 2654 Poetae
1723 2630 1774 2655 est
1796 2633 1860 2654 no·

1184 2679 1286 2712 tantis
1316 2677 1395 2712 Selii
1422 2674 1623 2709 aviditatem
1654 2686 1780 2717 coenae,
1798 2674 1859 2719 qui
