2061 3288
462 204 551 245 DE
590 203 852 245 METRIS
892 201 1295 244 MAR'HALIS.
1464 217 1590 245 xcvii

181 291 376 335 labarum
405 290 506 334 huic
537 291 717 334 carmini
748 291 883 345 inest,
905 305 1040 350 quum
1069 297 1132 331 tot
1164 287 1302 331 modis
1329 291 1523 348 coaptari
1550 303 1598 333 ct

182 363 354 406 misceri
383 362 551 422 possint
578 359 736 420 dactyli
769 370 811 404 et
841 359 1045 421 spondaei.

253 433 503 493 Numquam
531 441 675 475 autem
704 432 848 475 minor
868 446 1075 474 numerus
1095 428 1357 489 syllabarum
1381 440 1445 473 est
1462 447 1592 491 quam

182 503 418 557 tredecim3
445 519 543 546 nam
583 503 663 546 etsi
694 502 824 563 pedes
859 503 1050 562 quinque
1085 500 1280 560 bisyllabi
1318 510 1443 555 sunt,
1482 519 1594 546 unus

182 584 248 618 est
277 573 547 635 trisyllabus:
577 590 799 633 nunquam
829 590 955 620 vero,
982 571 1113 615 modo
1137 570 1197 614 nil
1224 570 1423 627 elidatur,
1457 574 1597 633 major

183 654 248 689 est
276 661 404 705 quam
434 654 598 705 septem
631 654 674 688 et
699 644 872 696 decenn
900 659 999 686 nam
1030 643 1109 686 etsi
1139 643 1331 703 quinque
1362 643 1493 703 pedes
1520 645 1594 688 tri-

183 715 334 776 syllabi
366 716 476 769 sint,
502 725 636 758 restat
667 732 778 759 unus
810 725 853 758 et
883 713 1127 774 bisyllabus.

257 782 303 842 2)
322 786 522 830 Secundo
549 785 645 829 1000
674 787 927 829 nominatur
954 786 997 828 in
1025 784 1243 828 Prosodiis
1269 794 1312 827 et
1338 802 1361 828 a
1389 786 1516 829 nobis
1543 787 1595 829 si-

184 856 342 900 militer
368 857 665 900 nominabitur
689 859 973 917 Asynartetus
995 855 1064 899 ille
1086 856 1158 916 qui
1184 865 1356 899 constat
1379 873 1401 899 e
1426 856 1597 900 duobus

184 927 419 988 Dactylicis
451 929 657 971 trimetris
687 926 906 971 catalectis
939 929 978 970 in
1014 925 1296 986 disyllabum,
1323 937 1397 969 ut:

342 1035 535 1082 Tempora
556 1033 585 1067 si
610 1032 750 1068 suerint
772 1031 899 1067 nubila
913 1060 922 1075 ,
941 1032 1043 1067 solus
1063 1032 1148 1067 eris.

254 1137 331 1182 Ille
359 1155 533 1192 versus,
561 1147 605 1180 ut
636 1147 776 1198 patet,
801 1137 888 1180 duo
915 1138 956 1179 in
989 1147 1132 1197 partes
1154 1137 1242 1180 fere
1268 1137 1453 1197 aequales
1486 1139 1599 1183 ultro

186 1208 389 1263 discedit,
415 1209 488 1251 sed
511 1208 752 1252 notandum
777 1209 820 1250 in
846 1209 991 1268 priore
1016 1207 1245 1267 spondaeos
1274 1217 1316 1251 et
1334 1208 1528 1270 dactylos
1552 1213 1600 1255 si-

184 1278 274 1323 mili
299 1279 431 1322 modo
455 1280 618 1340 accipi,
644 1279 687 1321 111
716 1280 979 1338 posteriore,
1007 1277 1201 1338 dactylos
1226 1277 1351 1322 solos.
1379 1282 1595 1325 Caeterum

183 1350 302 1394 hunc
331 1351 375 1393 in
408 1349 566 1394 scholis
598 1351 923 1393 Pentametrum
956 1349 1195 1392 nominant.

254 1421 305 1464 Id
330 1421 604 1464 monebimus
639 1420 793 1475 obiter,
816 1421 994 1480 agnosci
1018 1436 1041 1462 a
1070 1419 1329 1479 quibusdam
1358 1422 1399 1463 111
1424 1440 1475 1465 eo
1499 1434 1599 1483 post

184 1491 293 1536 duos
313 1490 507 1552 dactylos
534 1491 789 1552 spondaeum
812 1500 854 1534 et
878 1500 1120 1551 anapzcstos
1145 1490 1254 1534 duos
1270 1526 1280 1546 ‚
1302 1493 1423 1551 quasi
1449 1509 1598 1538 versus

186 1572 296 1607 esset
327 1565 611 1623 Asynartetus
641 1572 875 1605 constans:
906 1562 948 1605 1Ο
972 1561 1200 1621 Dactylico
1232 1561 1417 1607 dimetro
1447 1565 1599 1608 catale-

185 1644 256 1678 cto
288 1634 331 1677 in
360 1632 665 1694 bissyllabum;
695 1632 741 1676 2⁰
763 1633 1039 1693 Anapaestico
1072 1643 1349 1676 inonometro
1385 1634 1596 1680 catalecto

187 1705 229 1747 in
258 1703 539 1765 trisyllabum.
568 1703 641 1747 Nil
676 1704 761 1747 hoc
791 1703 922 1747 modo
951 1703 1187 1747 scandendi
1218 1705 1426 1748 vitiosius.

261 1773 288 1819 3
311 1785 354 1818 et
375 1771 424 1832 4)
451 1776 648 1834 Uterque
673 1774 924 1834 Dactylicus
952 1774 1031 1817 fuit
1047 1792 1057 1827 ς
1076 1784 1318 1834 sequuntur
1346 1792 1463 1820 nunc
1491 1779 1598 1820 Iam-

188 1846 272 1889 bici
306 1845 393 1889 duo
421 1844 666 1899 acatalecti3
695 1855 738 1888 at
767 1845 838 1888 hic
864 1846 1075 1900 trimeter,
1105 1844 1288 1888 dimeter
1313 1845 1405 1901 ille,
1438 1848 1497 1890 ita
1526 1858 1596 1903 ut,

189 1918 223 1960 si
248 1918 425 1960 nomina
463 1917 609 1959 omnia
646 1925 689 1958 et
722 1925 813 1959 tota
845 1915 1097 1970 efferamus,
1134 1917 1255 1976 prior
1291 1917 1345 1959 sit
1379 1918 1596 1963 iambicus

188 1988 384 2031 trimeter
423 1986 707 2036 acatalectus‚
750 1988 964 2046 posterior
1003 2003 1107 2030 vero
1145 1987 1367 2030 Iambicus
1413 1987 1597 2034 dimeter

188 2057 462 2102 acatalectus.
495 2057 707 2118 Exempla
739 2056 955 2117 permulta
987 2057 1179 2117 praebere
1218 2067 1359 2118 potest
1392 2060 1598 2103 Horatius

190 2130 232 2171 111
259 2129 444 2190 Epodon
470 2127 606 2183 libris⁷
639 2144 776 2188 pauca
806 2129 988 2180 Noster3
1013 2138 1159 2171 tamen
1189 2144 1240 2170 ex
1268 2129 1315 2171 iis
1337 2145 1501 2172 unum:

398 2243 467 2279 Vir
490 2242 689 2280 Celtiberis
707 2256 783 2279 non
803 2242 961 2278 tacende
982 2241 1156 2291 gentibus
1169 2271 1177 2284 ‚

453 2310 677 2356 Nostraeque
694 2307 776 2343 laus
791 2306 995 2356 Hispaniae,

404 2372 559 2409 Videbis
579 2373 691 2409 altam
705 2401 714 2417 ‚
735 2372 928 2409 Liciniane
940 2400 949 2416 ‚
967 2371 1129 2408 Bilbilim

456 2438 572 2487 Equis
593 2445 629 2472 et
650 2438 764 2473 armis
780 2436 948 2473 nobilem
961 2465 970 2481 ‚
991 2445 1060 2471 etc.

193 2552 316 2609 Quot
336 2562 480 2595 autem
504 2561 546 2595 et
572 2567 701 2611 quam
729 2550 882 2593 infiniti
905 2551 1073 2611 generis
1102 2551 1185 2592 sint
1206 2550 1419 2605 Iambica,
1441 2554 1513 2611 qui
1540 2571 1606 2613 pe-

196 2622 271 2666 des
303 2639 491 2682 quorum
531 2621 673 2665 locum
712 2637 931 2681 occupare
959 2621 1056 2679 jure
1087 2621 1280 2682 possint,
1309 2637 1404 2680 quae
1434 2621 1606 2668 libertas

272 2714 302 2753 Ι.
1372 2726 1399 2769 g
