2061 3288
442 253 1034 299 EPIGRAMMATUM
1073 253 1197 295 LIB.
1239 253 1304 295 II.

1489 270 1571 314 191

234 345 410 388 Mecum
439 344 522 387 eris
548 358 653 403 ergo
680 342 810 385 miser
833 358 841 384 :
869 339 987 401 quod
1014 341 1046 384 si
1073 341 1194 384 Deus
1220 357 1297 384 ore
1322 356 1475 384 sereno

304 415 516 458 Annuerit
539 431 550 468 3
576 412 699 467 felini,
721 412 941 465 Candide,
965 410 1080 456 solus
1102 412 1185 455 eris
1205 410 1222 453 Ρ

165 567 249 588 num
268 553 328 587 das
339 553 470 599 aliquid
486 553 500 586 Ρ
517 553 666 587 Minime
680 566 782 594 ver0,
802 566 844 586 ne.

164 607 364 641 teruncium
386 606 542 652 quidem.

221 673 254 705 7.
273 661 393 693 Mecum
406 674 480 706 ergo
498 662 590 693 miset·
605 673 636 692 es
652 660 687 692 iu
703 658 843 700 iisdem;

166 721 199 746 et
219 713 267 747 sic
285 713 394 747 codex
416 714 622 747 Vaticanus.
642 713 842 747 Lectionem

165 775 319 800 nostram
357 775 502 800 testatur
536 766 690 812 optimus
729 767 845 799 Thua—

165 831 263 853 neus.
281 819 414 853 Eadem
433 821 530 853 Junt.
553 821 589 853 in
611 833 718 866 marg.
739 819 846 853 habet

166 885 241 905 aure
268 886 334 918 pro
360 886 433 913 ore,
459 874 533 907 sine
559 872 670 906 dubio
697 885 738 906 ex
767 885 844 906 cor-

166 934 273 970 rupto
304 926 485 972 Propertii
517 927 613 968 loco,
639 929 655 959 1
670 953 679 967 ‚
703 938 715 959 1
734 953 744 968 ,
766 927 808 959 31
835 939 842 958 :

168 993 180 1005 «
200 980 274 1012 Vos
296 989 476 1013 remanete
493 980 620 1026 quibus
647 980 738 1013 facili
758 981 851 1013 Deus

168 1032 292 1064 annuit
308 1045 389 1066 aure
404 1046 413 1075 3
434 1052 446 1062 »
472 1034 535 1066 ubi
550 1047 625 1066 aare
643 1034 714 1066 fere
731 1045 851 1066 omnes

168 1084 314 1119 codices.
348 1086 410 1119 Hae
430 1099 531 1120 voces
555 1100 630 1118 aare
646 1115 654 1126 ,
689 1099 788 1124 αιιι-α,
817 1095 851 1119 et

905 566 957 584 ore
1000 553 1200 597 frequenter
1241 551 1508 586 confunduntur
1548 554 1582 587 in

904 606 1042 651 scriptis
1072 605 1345 652 exemplaribus,
1378 606 1432 639 Cf.
1462 607 1583 641 Heius.

905 658 948 692 ad
981 657 1086 692 Ovid.
1120 659 1205 692 Met.
1238 659 1332 700 XII,
1357 662 1403 700 46
1437 668 1470 694 et
1499 660 1581 700 430.

905 713 1025 745 Burm.
1056 711 1099 745 ad
1129 713 1289 758 Propert.
1316 713 1356 753 I,
1384 725 1397 746 1
1414 737 1423 753 .,
1454 713 1523 754 313
1547 715 1584 754 I,

910 778 952 799 12
967 792 976 807 ‚
1002 768 1036 799 6.
1060 766 1240 799 Drakenb.
1260 764 1304 799 ad
1331 765 1393 800 Sil.
1417 766 1469 807 X,
1488 767 1560 801 366
1575 793 1584 808 ‚

905 828 938 853 et
958 818 1124 853 Oudend.
1154 818 1196 852 ad
1218 820 1348 853 Lucan.
1375 819 1426 857 II,
1451 819 1509 853 33.
1534 842 1587 847 —-

905 873 1029 906 IWecum
1056 875 1117 905 eris
1135 886 1210 918 ergo
1233 875 1335 906 miser.
1358 873 1416 905 Tu
1444 885 1586 907 mecum

905 926 954 959 vis
984 938 1056 959 esse
1078 926 1205 967 miser3
1227 939 1283 958 me
1309 934 1422 959 tecum
1448 926 1585 960 felicem

912 992 983 1013 esse
1002 992 1074 1012 non
1097 979 1146 1012 vis
1160 1004 1169 1019 ‚
1187 979 1214 1012 si
1233 979 1355 1013 dexter
1372 980 1435 1012 tihi
1453 980 1591 1013 affulse-

911 1034 956 1066 rit
979 1034 1079 1066 vultu
1102 1032 1240 1078 placido
1265 1033 1472 1067 Mercurius.
1494 1034 1588 1067 Hoc·

912 1087 990 1120 cine
1010 1099 1149 1132 aequum
1171 1086 1248 1120 est?
1264 1087 1330 1120 En.

777 1227 987 1283 XXV.

705 1384 770 1413 AD
811 1386 1050 1414 GALLAM.

238 1516 339 1559 DAs
361 1532 584 1576 nunquam
602 1552 613 1570 ,
636 1532 807 1577 semper
831 1518 1074 1577 promittis,
1097 1518 1249 1575 Galla,
1274 1523 1459 1581 roganti.

311 1586 355 1630 Si
382 1603 553 1648 semper
580 1586 714 1643 fallis,
738 1604 872 1647 quum
901 1605 1033 1649 rogo,
1061 1588 1213 1647 Galla,
1240 1607 1362 1652 nega.

233 1736 264 1756 2.
280 1725 321 1756 In
339 1725 504 1757 omnibus
515 1751 522 1763 ,
535 1727 604 1769 jam
621 1739 708 1766 rogo.
725 1726 764 1759 Si
773 1740 852 1758 sem-

166 1790 226 1821 per
238 1778 353 1819 fallis,
385 1791 452 1809 cum
475 1791 553 1821 rogo
571 1779 717 1812 Juntina
736 1788 852 1812 nostra

171 1830 207 1862 in
231 1830 388 1875 margine
405 1858 414 1873 ‚
442 1830 539 1876 quod
567 1832 654 1864 sorte
676 1832 851 1865 verissima

172 1891 222 1916 est
235 1884 351 1917 lectio.
369 1906 421 1910 -—
434 1884 470 1917 Si
486 1885 710 1929 semper-firllis.
728 1885 851 1918 Facete

169 1937 305 1980 jocatur
332 1937 454 1978 Poeta,
477 1946 511 1972 et
534 1938 670 1972 Gassam
694 1938 819 1971 irridet
839 1963 848 1978 ,

913 1739 989 1772 quae
1018 1728 1044 1760 si
1072 1729 1226 1773 pollicita
1253 1743 1392 1777 semper
1417 1731 1593 1779 decipiat,

912 1793 1020 1825 quum
1047 1784 1246 1826 negaverit,
1276 1784 1386 1818 dabit.
1414 1786 1589 1827 Quoniam

912 1833 958 1866 ita
968 1834 1112 1867 lubricae
1127 1848 1185 1868 seu
1199 1847 1418 1883 praeposterae
1430 1848 1478 1872 est
1489 1840 1570 1873 fidei
1582 1868 1591 1881 ,

912 1895 950 1918 ut
968 1888 1182 1921 contrarium
1199 1902 1333 1935 semper
1344 1892 1445 1925 saciat
1460 1893 1498 1926 iis
1513 1907 1591 1939 quae

910 1940 1084 1984 promisit.

761 2080 1011 2137 XXVI.

640 2238 710 2266 AD
751 2238 1115 2267 BITHYNICUM.

245 2366 388 2422 QUOD
415 2365 645 2426 querulum
675 2368 832 2427 spirat,
857 2368 975 2428 quod
999 2369 1206 2413 acerbum
1231 2371 1381 2416 Naevia
1408 2377 1558 2432 tussit,

317 2439 455 2497 Inque
482 2454 582 2480 suos
611 2438 743 2481 mittit
769 2448 896 2498 sputa
921 2439 1105 2483 subinde
1130 2442 1248 2486 sinus
1271 2460 1279 2485 :

233 2595 263 2615 1.
299 2582 398 2626 Quod
423 2583 578 2616 acerbum.
611 2584 730 2616 Tussis
759 2583 854 2616 enim

175 2634 311 2679 signum
342 2636 464 2669 vicinae
498 2636 630 2670 mortis.
663 2635 757 2670 Vide
789 2636 850 2670 lib.

175 2688 192 2719 I
204 2711 214 2728 ,
231 2688 338 2733 epigr.
360 2700 399 2722 11.

971 2598 1003 2618 ιι.
1029 2586 1127 2631 Inque
1148 2599 1230 2622 suos.
1258 2589 1367 2630 Quasi
1390 2604 1462 2636 prae
1487 2593 1595 2628 imbe-

914 2637 1059 2671 cillitate
1074 2639 1211 2685 longius
1226 2654 1352 2687 spuere
1366 2646 1595 2690 nequiret.—

916 2691 1013 2737 Inque
1032 2700 1100 2724 tuos
1116 2705 1135 2726 e
1155 2693 1231 2727 cod.
1255 2708 1317 2729 suo
1337 2698 1473 2742 profert
1485 2726 1493 2740 ‚
1511 2713 1595 2745 pro·
