2061 3288
436 245 558 274 xv111
642 229 732 271 DE
771 228 832 271 M.
862 229 1002 271 VAL.
1044 229 1434 273 MARTIALIS
1472 231 1637 273 VITA

432 329 482 362 ut
508 317 666 361 merito
689 316 888 360 dubitare
918 317 1082 377 possis,
1115 332 1169 359 an
1199 333 1251 360 ex
1281 327 1409 377 gente
1435 316 1617 361 Claudia
1650 319 1846 363 Romana

435 389 567 432 fuerit
586 387 678 431 haec
699 386 908 431 Marcella
925 404 931 430 :
952 403 1123 431 versum
1140 403 1245 448 ergo
1266 387 1478 432 Martialis
1494 389 1652 432 rectius
1670 390 1847 450 scripse-

434 460 538 513 rim,
564 469 613 502 ut
643 468 743 501 ante
766 458 944 501 habuit:
996 507 1004 513 f

588 570 667 603 Nec
690 567 764 603 cito
788 565 929 603 ridebit
951 566 1142 616 peregrini
1164 567 1284 616 gloria
1306 576 1450 617 partus.

434 677 483 718 In
515 676 652 735 patria
680 673 895 718 laudanda
926 684 1014 717 tam
1045 673 1227 734 diligens
1254 684 1297 718 et
1322 674 1523 735 frequens
1550 686 1611 719 est
1629 711 1638 727 ,
1668 686 1715 718 ut
1736 675 1847 719 illius

433 746 779 789 amantissimum
802 744 926 788 facilc
947 743 1185 805 intelligam
1209 746 1253 798 l,
1281 761 1371 789 [ΧΠ
1395 763 1402 787 ;

592 860 667 900 Tc,
690 855 903 900 Liciniano,
923 855 1150 904 gloriabitur
1170 865 1297 892 nostra
1310 886 1318 899 ‚

644 920 724 954 Nec
744 931 802 953 me
824 916 963 953 tacebit
985 916 1140 954 Bilbilis,

435 1026 527 1069 Lib.
562 1025 715 1070 eodeni
732 1061 742 1080 ‚
761 1026 895 1086 epigr.
921 1042 946 1068 L
966 1044 973 1067 :

644 1136 710 1171 Vir
728 1134 930 1172 Celtiberis
950 1147 1027 1170 non
1048 1134 1206 1171 tacende
1227 1133 1418 1184 gentibuS,

696 1200 920 1245 Nostraeque
944 1196 1024 1232 laus
1045 1195 1256 1246 Hispaniae,

645 1256 804 1293 Videbis
824 1257 937 1293 altam
950 1285 960 1302 ,
977 1256 1189 1301 Liciniane‚
1210 1256 1361 1293 Bilbilin
1375 1286 1384 1302 ‚

697 1318 814 1368 Equis
840 1327 876 1355 et
898 1318 1010 1354 armis
1030 1317 1208 1354 nobilem.

432 1428 526 1472 Lib.
561 1429 601 1471 X
617 1464 627 1482 ,
654 1444 763 1472 0111:

590 1537 824 1586 Municipes,
844 1539 1016 1585 Augusta
1038 1535 1130 1571 mihi
1151 1547 1247 1584 quos
1268 1535 1411 1570 Bilbilis
1431 1536 1508 1571 acri

640 1601 774 1634 Monte
792 1605 917 1643 creat,
941 1596 1083 1646 rapidis
1100 1609 1196 1646 quos
1213 1596 1303 1634 Salo
1322 1596 1435 1646 cingit
1455 1599 1580 1646 aqnis;

590 1659 737 1710 Ecquid
757 1660 841 1696 laeta
857 1660 967 1709 juvat
985 1659 1101 1695 vestri
1119 1672 1187 1695 vos
1207 1658 1327 1708 gloria
1343 1659 1463 1695 vatis?

643 1724 739 1758 Nam
763 1720 878 1757 decus
901 1730 937 1757 ct
961 1733 1119 1765 nomen,
1142 1721 1316 1769 famaque
1334 1729 1458 1757 vestra
1475 1733 1613 1757 sumus,

432 1833 486 1874 Et
513 1847 614 1874 mox
636 1831 681 1873 in
709 1829 903 1889 sequenti
923 1846 930 1870 :

642 1939 750 1976 Illinc
769 1946 804 1974 te
822 1945 904 1973 rota
924 1937 1050 1982 tollet,
1068 1945 1105 1972 et
1125 1936 1260 1972 citatus

641 2000 767 2037 Altam
784 1997 956 2044 Bilbilin,
978 2007 1015 2034 et
1033 2007 1139 2034 tuum
1155 1999 1332 2035 Salonem

642 2063 786 2109 Quinto
805 2060 961 2096 forsitan
980 2059 1112 2096 essedo
1132 2057 1288 2095 videbis.

434 2172 526 2215 Lib.
558 2172 670 2225 XII,
698 2185 816 2213 xv111
841 2186 849 2211 .·

643 2274 708 2307 Me
728 2269 866 2306 multos
887 2267 1046 2317 repetita
1067 2275 1153 2315 post
1172 2264 1402 2301 Decembres

643 2330 802 2380 Accepit
822 2342 902 2365 inea
924 2327 1182 2376 rusticumque
1203 2325 1289 2362 fecit

644 2396 750 2428 Auro
771 2390 916 2428 Bilbilis
937 2399 974 2426 ct
990 2386 1155 2438 superba
1174 2387 1289 2423 ferro.

435 2501 517 2545 sed
547 2500 599 2543 de
619 2501 757 2560 patria
780 2497 992 2541 Martialis
1021 2506 1064 2539 et
1090 2496 1142 2539 de
1173 2495 1256 2538 hac
1283 2494 1420 2538 Bilbili
1445 2494 1588 2554 plura,
1617 2495 1660 2547 I,
1694 2511 1729 2538 L.
1759 2496 1845 2538 Ro-

437 2588 551 2615 mam
579 2571 721 2625 venit,
753 2585 886 2630 quum
914 2584 1077 2610 annum
1106 2576 1254 2626 ageret
1287 2564 1469 2608 alterum
1499 2574 1541 2607 et
1562 2565 1813 2608 vicesimum
1835 2599 1845 2619 ,

435 2644 610 2687 Nerone
631 2642 898 2701 imperante:
930 2639 1017 2698 egit
1044 2639 1085 2680 in
1113 2637 1220 2679 urbe
1247 2652 1382 2679 annos
1408 2635 1599 2695 quinque
1623 2651 1752 2695 supra
1769 2636 1844 2678 tri-
