<?xml version="1.0" encoding="UTF-8"?>
<!DOCTYPE html PUBLIC "-//W3C//DTD XHTML 1.0 Transitional//EN"
    "http://www.w3.org/TR/xhtml1/DTD/xhtml1-transitional.dtd">
<html xmlns="http://www.w3.org/1999/xhtml" xml:lang="en" lang="en">
 <head>
  <title>
</title>
<meta http-equiv="Content-Type" content="text/html;charset=utf-8" />
  <meta name='ocr-system' content='tesseract 3.04.00' />
  <meta name='ocr-capabilities' content='ocr_page ocr_carea ocr_par ocr_line ocrx_word'/>
</head>
<body>
  <div class='ocr_page' id='page_1' title='image "./epigrammata01martuoft_0385.png"; bbox 0 0 2061 3288; ppageno 0'>
   <div class='ocr_carea' id='block_1_1' title="bbox 482 255 1331 302">
    <p class='ocr_par' dir='ltr' id='par_1_1' title="bbox 482 255 1331 302">
     <span class='ocr_line' id='line_1_1' title="bbox 482 255 1331 302; baseline -0.007 0"><span class='ocrx_word' id='word_1_1' title='bbox 482 257 1064 302; x_wconf 80' lang='lat' dir='ltr'><strong>EPIGRAMMATUM</strong></span> <span class='ocrx_word' id='word_1_2' title='bbox 1104 255 1228 297; x_wconf 84' lang='lat' dir='ltr'>LIB.</span> <span class='ocrx_word' id='word_1_3' title='bbox 1270 256 1331 296; x_wconf 83' lang='lat'>11.</span> 
     </span>
    </p>
   </div>
   <div class='ocr_carea' id='block_1_2' title="bbox 1516 271 1613 314">
    <p class='ocr_par' dir='ltr' id='par_1_2' title="bbox 1516 271 1613 314">
     <span class='ocr_line' id='line_1_2' title="bbox 1516 271 1613 314; baseline -0.031 0"><span class='ocrx_word' id='word_1_4' title='bbox 1516 271 1613 314; x_wconf 60' lang='lat'>2¹2&gt;</span> 
     </span>
    </p>
   </div>
   <div class='ocr_carea' id='block_1_3' title="bbox 408 341 1337 533">
    <p class='ocr_par' dir='ltr' id='par_1_3' title="bbox 408 341 1337 533">
     <span class='ocr_line' id='line_1_3' title="bbox 414 341 1337 408; baseline -0.005 -18"><span class='ocrx_word' id='word_1_5' title='bbox 414 349 469 390; x_wconf 86' lang='lat' dir='ltr'>Et</span> <span class='ocrx_word' id='word_1_6' title='bbox 497 346 704 408; x_wconf 76' lang='lat' dir='ltr'>grandem</span> <span class='ocrx_word' id='word_1_7' title='bbox 737 363 946 407; x_wconf 76' lang='lat' dir='ltr'>puerum,</span> <span class='ocrx_word' id='word_1_8' title='bbox 975 344 1135 405; x_wconf 85' lang='lat' dir='ltr'>diuque</span> <span class='ocrx_word' id='word_1_9' title='bbox 1163 341 1302 387; x_wconf 87' lang='lat' dir='ltr'>levem</span> <span class='ocrx_word' id='word_1_10' title='bbox 1329 360 1337 385; x_wconf 86' lang='lat'>:</span> 
     </span>
     <span class='ocr_line' id='line_1_4' title="bbox 409 414 1318 479; baseline -0.006 -17"><span class='ocrx_word' id='word_1_11' title='bbox 409 421 511 467; x_wconf 87' lang='lat' dir='ltr'>Haec</span> <span class='ocrx_word' id='word_1_12' title='bbox 538 427 695 479; x_wconf 81' lang='lat' dir='ltr'>praesta</span> <span class='ocrx_word' id='word_1_13' title='bbox 722 417 851 471; x_wconf 81' lang='lat' dir='ltr'>mihi,</span> <span class='ocrx_word' id='word_1_14' title='bbox 879 416 1019 472; x_wconf 82' lang='lat' dir='ltr'>Rufe⁷</span> <span class='ocrx_word' id='word_1_15' title='bbox 1040 414 1106 458; x_wconf 85' lang='lat' dir='ltr'>vel</span> <span class='ocrx_word' id='word_1_16' title='bbox 1134 414 1318 467; x_wconf 79' lang='lat' dir='ltr'>Bitonti3</span> 
     </span>
     <span class='ocr_line' id='line_1_5' title="bbox 408 486 1248 533; baseline -0.006 0"><span class='ocrx_word' id='word_1_17' title='bbox 408 491 464 533; x_wconf 83' lang='lat' dir='ltr'>Et</span> <span class='ocrx_word' id='word_1_18' title='bbox 493 489 684 533; x_wconf 86' lang='lat' dir='ltr'>thermas</span> <span class='ocrx_word' id='word_1_19' title='bbox 713 488 790 532; x_wconf 85' lang='lat' dir='ltr'>tibi</span> <span class='ocrx_word' id='word_1_20' title='bbox 821 488 934 531; x_wconf 89' lang='lat' dir='ltr'>habe</span> <span class='ocrx_word' id='word_1_21' title='bbox 960 486 1248 531; x_wconf 83' lang='lat' dir='ltr'>Neronianas.</span> 
     </span>
    </p>
   </div>
   <div class='ocr_carea' id='block_1_4' title="bbox 188 628 873 1846">
    <p class='ocr_par' dir='ltr' id='par_1_4' title="bbox 192 628 873 1048">
     <span class='ocr_line' id='line_1_6' title="bbox 197 628 873 675; baseline -0.003 -11"><span class='ocrx_word' id='word_1_22' title='bbox 197 629 312 664; x_wconf 89' lang='lat' dir='ltr'>Colin.</span> <span class='ocrx_word' id='word_1_23' title='bbox 328 637 362 663; x_wconf 87' lang='lat' dir='ltr'>et</span> <span class='ocrx_word' id='word_1_24' title='bbox 377 628 586 675; x_wconf 81' lang='lat' dir='ltr'>quibusdam</span> <span class='ocrx_word' id='word_1_25' title='bbox 599 630 687 663; x_wconf 84' lang='lat' dir='ltr'>aliis.</span> <span class='ocrx_word' id='word_1_26' title='bbox 704 630 873 663; x_wconf 87' lang='lat' dir='ltr'>Nostrum</span> 
     </span>
     <span class='ocr_line' id='line_1_7' title="bbox 197 681 872 728; baseline 0 -12"><span class='ocrx_word' id='word_1_27' title='bbox 197 681 357 716; x_wconf 78' lang='lat' dir='ltr'>ordinem</span> <span class='ocrx_word' id='word_1_28' title='bbox 385 691 524 716; x_wconf 83' lang='lat' dir='ltr'>servant</span> <span class='ocrx_word' id='word_1_29' title='bbox 550 683 734 716; x_wconf 84' lang='lat' dir='ltr'>Pulmann.</span> <span class='ocrx_word' id='word_1_30' title='bbox 765 683 872 728; x_wconf 88' lang='lat' dir='ltr'>Lang.</span> 
     </span>
     <span class='ocr_line' id='line_1_8' title="bbox 196 736 872 770; baseline 0 -1"><span class='ocrx_word' id='word_1_31' title='bbox 196 736 279 770; x_wconf 89' lang='lat' dir='ltr'>Jun.</span> <span class='ocrx_word' id='word_1_32' title='bbox 302 736 405 770; x_wconf 91' lang='lat' dir='ltr'>Grut.</span> <span class='ocrx_word' id='word_1_33' title='bbox 437 736 546 770; x_wconf 89' lang='lat' dir='ltr'>Scriv.</span> <span class='ocrx_word' id='word_1_34' title='bbox 577 736 724 770; x_wconf 84' lang='lat' dir='ltr'>Farnab.</span> <span class='ocrx_word' id='word_1_35' title='bbox 748 736 872 770; x_wconf 85' lang='lat' dir='ltr'>Schre-</span> 
     </span>
     <span class='ocr_line' id='line_1_9' title="bbox 197 789 872 835; baseline -0.001 -13"><span class='ocrx_word' id='word_1_36' title='bbox 197 789 262 822; x_wconf 89' lang='lat' dir='ltr'>vel.</span> <span class='ocrx_word' id='word_1_37' title='bbox 275 789 401 835; x_wconf 87' lang='lat' dir='ltr'>Delph.</span> <span class='ocrx_word' id='word_1_38' title='bbox 417 797 450 822; x_wconf 89' lang='lat' dir='ltr'>et</span> <span class='ocrx_word' id='word_1_39' title='bbox 467 789 633 823; x_wconf 86' lang='lat' dir='ltr'>Maittair.</span> <span class='ocrx_word' id='word_1_40' title='bbox 643 811 694 815; x_wconf 90' lang='lat'><strong>—</strong></span> <span class='ocrx_word' id='word_1_41' title='bbox 706 790 754 822; x_wconf 84' lang='lat' dir='ltr'>Et</span> <span class='ocrx_word' id='word_1_42' title='bbox 766 802 872 822; x_wconf 79' lang='lat' dir='ltr'>caram</span> 
     </span>
     <span class='ocr_line' id='line_1_10' title="bbox 192 842 870 887; baseline 0.003 -13"><span class='ocrx_word' id='word_1_43' title='bbox 192 855 303 887; x_wconf 83' lang='lat' dir='ltr'>puero·</span> <span class='ocrx_word' id='word_1_44' title='bbox 318 843 391 884; x_wconf 90' lang='lat' dir='ltr'>Qui</span> <span class='ocrx_word' id='word_1_45' title='bbox 406 855 524 876; x_wconf 84' lang='lat' dir='ltr'>amore</span> <span class='ocrx_word' id='word_1_46' title='bbox 540 843 694 876; x_wconf 87' lang='lat' dir='ltr'>irretitus</span> <span class='ocrx_word' id='word_1_47' title='bbox 710 842 806 876; x_wconf 91' lang='lat' dir='ltr'>domi</span> <span class='ocrx_word' id='word_1_48' title='bbox 821 856 870 877; x_wconf 88' lang='lat' dir='ltr'>as-</span> 
     </span>
     <span class='ocr_line' id='line_1_11' title="bbox 194 894 871 941; baseline 0.001 -13"><span class='ocrx_word' id='word_1_49' title='bbox 194 894 315 929; x_wconf 85' lang='lat' dir='ltr'>siduus</span> <span class='ocrx_word' id='word_1_50' title='bbox 336 905 434 930; x_wconf 86' lang='lat' dir='ltr'>esset.</span> <span class='ocrx_word' id='word_1_51' title='bbox 458 919 509 923; x_wconf 88' lang='lat'>-—</span> <span class='ocrx_word' id='word_1_52' title='bbox 528 897 577 929; x_wconf 87' lang='lat' dir='ltr'>Et</span> <span class='ocrx_word' id='word_1_53' title='bbox 593 909 709 930; x_wconf 76' lang='lat' dir='ltr'>caram.</span> <span class='ocrx_word' id='word_1_54' title='bbox 740 896 871 941; x_wconf 84' lang='lat' dir='ltr'>Hujus-</span> 
     </span>
     <span class='ocr_line' id='line_1_12' title="bbox 195 947 871 983; baseline 0 -1"><span class='ocrx_word' id='word_1_55' title='bbox 195 947 291 982; x_wconf 86' lang='lat' dir='ltr'>modi</span> <span class='ocrx_word' id='word_1_56' title='bbox 306 949 400 982; x_wconf 86' lang='lat' dir='ltr'>enim</span> <span class='ocrx_word' id='word_1_57' title='bbox 420 962 586 983; x_wconf 74' lang='lat' dir='ltr'>conserva</span> <span class='ocrx_word' id='word_1_58' title='bbox 604 962 742 982; x_wconf 81' lang='lat' dir='ltr'>servum</span> <span class='ocrx_word' id='word_1_59' title='bbox 765 949 800 982; x_wconf 89' lang='lat' dir='ltr'>in</span> <span class='ocrx_word' id='word_1_60' title='bbox 819 949 871 982; x_wconf 85' lang='lat' dir='ltr'>of-</span> 
     </span>
     <span class='ocr_line' id='line_1_13' title="bbox 194 1002 712 1048; baseline -0.002 -13"><span class='ocrx_word' id='word_1_61' title='bbox 194 1002 277 1036; x_wconf 84' lang='lat' dir='ltr'>ficio</span> <span class='ocrx_word' id='word_1_62' title='bbox 296 1010 329 1035; x_wconf 86' lang='lat' dir='ltr'>et</span> <span class='ocrx_word' id='word_1_63' title='bbox 351 1002 444 1048; x_wconf 85' lang='lat' dir='ltr'>apud</span> <span class='ocrx_word' id='word_1_64' title='bbox 461 1016 516 1036; x_wconf 88' lang='lat' dir='ltr'>me</span> <span class='ocrx_word' id='word_1_65' title='bbox 535 1003 712 1036; x_wconf 81' lang='lat' dir='ltr'><strong>retinebit.</strong></span> 
     </span>
    </p>

    <p class='ocr_par' dir='ltr' id='par_1_5' title="bbox 193 1055 872 1262">
     <span class='ocr_line' id='line_1_14' title="bbox 249 1055 871 1100; baseline -0.002 -11"><span class='ocrx_word' id='word_1_66' title='bbox 249 1058 284 1089; x_wconf 87' lang='lat'>6.</span> <span class='ocrx_word' id='word_1_67' title='bbox 303 1056 352 1088; x_wconf 88' lang='lat' dir='ltr'>Et</span> <span class='ocrx_word' id='word_1_68' title='bbox 370 1056 523 1100; x_wconf 75' lang='lat' dir='ltr'>grandem</span> <span class='ocrx_word' id='word_1_69' title='bbox 536 1083 545 1096; x_wconf 91' lang='lat'><em>,</em></span> <span class='ocrx_word' id='word_1_70' title='bbox 562 1065 625 1089; x_wconf 82' lang='lat' dir='ltr'>etc.</span> <span class='ocrx_word' id='word_1_71' title='bbox 647 1055 701 1088; x_wconf 86' lang='lat' dir='ltr'>Ad</span> <span class='ocrx_word' id='word_1_72' title='bbox 719 1055 871 1089; x_wconf 81' lang='lat' dir='ltr'>ministe-</span> 
     </span>
     <span class='ocr_line' id='line_1_15' title="bbox 194 1107 870 1154; baseline 0.003 -13"><span class='ocrx_word' id='word_1_73' title='bbox 194 1107 256 1141; x_wconf 82' lang='lat' dir='ltr'>ria.</span> <span class='ocrx_word' id='word_1_74' title='bbox 274 1110 457 1142; x_wconf 73' lang='lat' dir='ltr'>—Levem.</span> <span class='ocrx_word' id='word_1_75' title='bbox 478 1109 532 1143; x_wconf 78' lang='lat' dir='ltr'>Ad</span> <span class='ocrx_word' id='word_1_76' title='bbox 552 1110 765 1154; x_wconf 81' lang='lat' dir='ltr'>voluptatem</span> <span class='ocrx_word' id='word_1_77' title='bbox 783 1109 870 1143; x_wconf 89' lang='lat' dir='ltr'>cutis</span> 
     </span>
     <span class='ocr_line' id='line_1_16' title="bbox 193 1161 872 1208; baseline 0.001 -14"><span class='ocrx_word' id='word_1_78' title='bbox 193 1161 347 1195; x_wconf 88' lang='lat' dir='ltr'>nitorem</span> <span class='ocrx_word' id='word_1_79' title='bbox 370 1171 403 1195; x_wconf 89' lang='lat' dir='ltr'>et</span> <span class='ocrx_word' id='word_1_80' title='bbox 422 1163 611 1207; x_wconf 81' lang='lat' dir='ltr'>juvenilem</span> <span class='ocrx_word' id='word_1_81' title='bbox 635 1162 793 1208; x_wconf 85' lang='lat' dir='ltr'>corporis</span> <span class='ocrx_word' id='word_1_82' title='bbox 814 1161 872 1196; x_wconf 88' lang='lat' dir='ltr'>de-</span> 
     </span>
     <span class='ocr_line' id='line_1_17' title="bbox 194 1214 764 1262; baseline 0.004 -14"><span class='ocrx_word' id='word_1_83' title='bbox 194 1226 311 1248; x_wconf 89' lang='lat' dir='ltr'>corem</span> <span class='ocrx_word' id='word_1_84' title='bbox 336 1214 399 1248; x_wconf 89' lang='lat' dir='ltr'>diu</span> <span class='ocrx_word' id='word_1_85' title='bbox 417 1215 504 1248; x_wconf 86' lang='lat' dir='ltr'>mihi</span> <span class='ocrx_word' id='word_1_86' title='bbox 526 1224 676 1262; x_wconf 81' lang='lat' dir='ltr'>praestet.</span> <span class='ocrx_word' id='word_1_87' title='bbox 697 1217 764 1250; x_wconf 79' lang='lat' dir='ltr'>En.</span> 
     </span>
    </p>

    <p class='ocr_par' dir='ltr' id='par_1_6' title="bbox 188 1269 871 1846">
     <span class='ocr_line' id='line_1_18' title="bbox 246 1269 871 1313; baseline 0 -11"><span class='ocrx_word' id='word_1_88' title='bbox 246 1280 283 1313; x_wconf 87' lang='lat'>7.</span> <span class='ocrx_word' id='word_1_89' title='bbox 303 1269 441 1301; x_wconf 75' lang='lat' dir='ltr'>Bitontis</span> <span class='ocrx_word' id='word_1_90' title='bbox 458 1269 557 1302; x_wconf 83' lang='lat' dir='ltr'>Junt.</span> <span class='ocrx_word' id='word_1_91' title='bbox 584 1282 666 1302; x_wconf 88' lang='lat' dir='ltr'>ann.</span> <span class='ocrx_word' id='word_1_92' title='bbox 699 1282 711 1302; x_wconf 94' lang='lat'>1</span> <span class='ocrx_word' id='word_1_93' title='bbox 724 1270 740 1302; x_wconf 79' lang='lat'>5</span> <span class='ocrx_word' id='word_1_94' title='bbox 752 1282 765 1303; x_wconf 87' lang='lat'>1</span> <span class='ocrx_word' id='word_1_95' title='bbox 777 1281 793 1302; x_wconf 81' lang='lat'><strong>2</strong></span> <span class='ocrx_word' id='word_1_96' title='bbox 807 1294 815 1309; x_wconf 90' lang='lat'>‚</span> <span class='ocrx_word' id='word_1_97' title='bbox 837 1277 871 1302; x_wconf 78' lang='lat' dir='ltr'>et</span> 
     </span>
     <span class='ocr_line' id='line_1_19' title="bbox 193 1320 871 1367; baseline 0.001 -14"><span class='ocrx_word' id='word_1_98' title='bbox 193 1320 308 1354; x_wconf 90' lang='lat' dir='ltr'>Colin.</span> <span class='ocrx_word' id='word_1_99' title='bbox 346 1334 426 1355; x_wconf 86' lang='lat' dir='ltr'>ann.</span> <span class='ocrx_word' id='word_1_100' title='bbox 470 1322 577 1356; x_wconf 73' lang='lat'>1528.</span> <span class='ocrx_word' id='word_1_101' title='bbox 606 1323 756 1355; x_wconf 73' lang='lat' dir='ltr'><em>Butuntis</em></span> <span class='ocrx_word' id='word_1_102' title='bbox 787 1322 871 1367; x_wconf 86' lang='lat' dir='ltr'>legit</span> 
     </span>
     <span class='ocr_line' id='line_1_20' title="bbox 193 1373 868 1410; baseline 0.004 -3"><span class='ocrx_word' id='word_1_103' title='bbox 193 1373 406 1408; x_wconf 86' lang='lat' dir='ltr'>Scriverius:</span> <span class='ocrx_word' id='word_1_104' title='bbox 417 1375 492 1408; x_wconf 82' lang='lat' dir='ltr'>Jac.</span> <span class='ocrx_word' id='word_1_105' title='bbox 500 1375 728 1409; x_wconf 82' lang='lat' dir='ltr'>Bononiensis</span> <span class='ocrx_word' id='word_1_106' title='bbox 739 1376 868 1410; x_wconf 87' lang='lat' dir='ltr'>Annot.</span> 
     </span>
     <span class='ocr_line' id='line_1_21' title="bbox 191 1426 871 1474; baseline 0.001 -14"><span class='ocrx_word' id='word_1_107' title='bbox 191 1439 267 1472; x_wconf 85' lang='lat' dir='ltr'>cap.</span> <span class='ocrx_word' id='word_1_108' title='bbox 285 1430 304 1462; x_wconf 91' lang='lat'><em>8</em></span> <span class='ocrx_word' id='word_1_109' title='bbox 317 1454 326 1469; x_wconf 90' lang='lat'>‚</span> <span class='ocrx_word' id='word_1_110' title='bbox 344 1427 507 1461; x_wconf 87' lang='lat' dir='ltr'>emendat</span> <span class='ocrx_word' id='word_1_111' title='bbox 521 1429 684 1469; x_wconf 77' lang='lat' dir='ltr'>Bisuntos,</span> <span class='ocrx_word' id='word_1_112' title='bbox 701 1426 797 1474; x_wconf 85' lang='lat' dir='ltr'>quod</span> <span class='ocrx_word' id='word_1_113' title='bbox 811 1441 871 1474; x_wconf 89' lang='lat' dir='ltr'>op-</span> 
     </span>
     <span class='ocr_line' id='line_1_22' title="bbox 191 1479 869 1528; baseline 0 -14"><span class='ocrx_word' id='word_1_114' title='bbox 191 1479 315 1525; x_wconf 82' lang='lat' dir='ltr'><strong>pidum</strong></span> <span class='ocrx_word' id='word_1_115' title='bbox 345 1490 396 1515; x_wconf 88' lang='lat' dir='ltr'>est</span> <span class='ocrx_word' id='word_1_116' title='bbox 424 1481 599 1527; x_wconf 86' lang='lat' dir='ltr'>Hispaniae</span> <span class='ocrx_word' id='word_1_117' title='bbox 629 1481 723 1528; x_wconf 81' lang='lat' dir='ltr'>apud</span> <span class='ocrx_word' id='word_1_118' title='bbox 751 1482 869 1515; x_wconf 88' lang='lat' dir='ltr'>Ptole-</span> 
     </span>
     <span class='ocr_line' id='line_1_23' title="bbox 190 1535 869 1580; baseline 0.001 -15"><span class='ocrx_word' id='word_1_119' title='bbox 190 1545 329 1567; x_wconf 88' lang='lat' dir='ltr'>maeum.</span> <span class='ocrx_word' id='word_1_120' title='bbox 356 1556 407 1560; x_wconf 90' lang='lat'><strong>—</strong></span> <span class='ocrx_word' id='word_1_121' title='bbox 438 1535 511 1567; x_wconf 84' lang='lat' dir='ltr'>Hoc</span> <span class='ocrx_word' id='word_1_122' title='bbox 536 1544 655 1580; x_wconf 65' lang='lat' dir='ltr'>pra’sla</span> <span class='ocrx_word' id='word_1_123' title='bbox 681 1536 766 1568; x_wconf 73' lang='lat' dir='ltr'><em>mihi.</em></span> <span class='ocrx_word' id='word_1_124' title='bbox 796 1535 869 1580; x_wconf 83' lang='lat' dir='ltr'>Ego</span> 
     </span>
     <span class='ocr_line' id='line_1_24' title="bbox 190 1587 869 1634; baseline 0.001 -14"><span class='ocrx_word' id='word_1_125' title='bbox 190 1587 284 1620; x_wconf 90' lang='lat' dir='ltr'>enim</span> <span class='ocrx_word' id='word_1_126' title='bbox 314 1588 368 1621; x_wconf 76' lang='lat' dir='ltr'>vel</span> <span class='ocrx_word' id='word_1_127' title='bbox 396 1588 433 1620; x_wconf 88' lang='lat' dir='ltr'>in</span> <span class='ocrx_word' id='word_1_128' title='bbox 464 1589 710 1622; x_wconf 86' lang='lat' dir='ltr'>obscurissimo</span> <span class='ocrx_word' id='word_1_129' title='bbox 735 1588 869 1634; x_wconf 91' lang='lat' dir='ltr'>oppido</span> 
     </span>
     <span class='ocr_line' id='line_1_25' title="bbox 188 1640 869 1686; baseline 0.001 -13"><span class='ocrx_word' id='word_1_130' title='bbox 188 1640 295 1673; x_wconf 85' lang='lat' dir='ltr'>rebus</span> <span class='ocrx_word' id='word_1_131' title='bbox 324 1653 428 1686; x_wconf 86' lang='lat' dir='ltr'>supra</span> <span class='ocrx_word' id='word_1_132' title='bbox 451 1642 666 1675; x_wconf 77' lang='lat' dir='ltr'>enumeratis</span> <span class='ocrx_word' id='word_1_133' title='bbox 685 1650 869 1675; x_wconf 82' lang='lat' dir='ltr'>contentus</span> 
     </span>
     <span class='ocr_line' id='line_1_26' title="bbox 191 1696 868 1741; baseline 0.006 -16"><span class='ocrx_word' id='word_1_134' title='bbox 191 1704 272 1734; x_wconf 87' lang='lat' dir='ltr'>ero,</span> <span class='ocrx_word' id='word_1_135' title='bbox 293 1702 326 1727; x_wconf 87' lang='lat' dir='ltr'>et</span> <span class='ocrx_word' id='word_1_136' title='bbox 346 1706 492 1739; x_wconf 83' lang='lat' dir='ltr'>regnare</span> <span class='ocrx_word' id='word_1_137' title='bbox 512 1707 550 1727; x_wconf 85' lang='lat' dir='ltr'>ac</span> <span class='ocrx_word' id='word_1_138' title='bbox 568 1708 648 1728; x_wconf 85' lang='lat' dir='ltr'>vere</span> <span class='ocrx_word' id='word_1_139' title='bbox 664 1696 779 1729; x_wconf 77' lang='lat' dir='ltr'>vivere</span> <span class='ocrx_word' id='word_1_140' title='bbox 802 1708 868 1741; x_wconf 90' lang='lat' dir='ltr'>pu-</span> 
     </span>
     <span class='ocr_line' id='line_1_27' title="bbox 191 1747 868 1788; baseline 0.004 -10"><span class='ocrx_word' id='word_1_141' title='bbox 191 1753 321 1780; x_wconf 82' lang='lat' dir='ltr'>tavero.</span> <span class='ocrx_word' id='word_1_142' title='bbox 361 1747 670 1788; x_wconf 77' lang='lat' dir='ltr'>Quemadmodum</span> <span class='ocrx_word' id='word_1_143' title='bbox 707 1748 799 1781; x_wconf 85' lang='lat' dir='ltr'>enim</span> <span class='ocrx_word' id='word_1_144' title='bbox 832 1749 868 1781; x_wconf 86' lang='lat' dir='ltr'>in</span> 
     </span>
     <span class='ocr_line' id='line_1_28' title="bbox 190 1800 868 1846; baseline 0.003 -14"><span class='ocrx_word' id='word_1_145' title='bbox 190 1800 332 1834; x_wconf 83' lang='lat' dir='ltr'>amoenis</span> <span class='ocrx_word' id='word_1_146' title='bbox 348 1800 433 1834; x_wconf 84' lang='lat' dir='ltr'>locis</span> <span class='ocrx_word' id='word_1_147' title='bbox 447 1801 596 1833; x_wconf 83' lang='lat' dir='ltr'>solemus</span> <span class='ocrx_word' id='word_1_148' title='bbox 614 1801 713 1834; x_wconf 84' lang='lat' dir='ltr'>malis</span> <span class='ocrx_word' id='word_1_149' title='bbox 726 1802 844 1846; x_wconf 86' lang='lat' dir='ltr'>urgeri</span> <span class='ocrx_word' id='word_1_150' title='bbox 859 1828 868 1843; x_wconf 91' lang='lat'>,</span> 
     </span>
    </p>
   </div>
   <div class='ocr_carea' id='block_1_5' title="bbox 927 626 1617 1846">
    <p class='ocr_par' dir='ltr' id='par_1_7' title="bbox 929 626 1617 1100">
     <span class='ocr_line' id='line_1_29' title="bbox 934 626 1612 673; baseline -0.007 -11"><span class='ocrx_word' id='word_1_151' title='bbox 934 636 972 662; x_wconf 89' lang='lat' dir='ltr'>ut</span> <span class='ocrx_word' id='word_1_152' title='bbox 987 629 1046 662; x_wconf 91' lang='lat' dir='ltr'>lib.</span> <span class='ocrx_word' id='word_1_153' title='bbox 1066 628 1131 669; x_wconf 87' lang='lat' dir='ltr'>IV,</span> <span class='ocrx_word' id='word_1_154' title='bbox 1147 627 1256 673; x_wconf 84' lang='lat' dir='ltr'>epigr.</span> <span class='ocrx_word' id='word_1_155' title='bbox 1271 639 1313 659; x_wconf 77' lang='lat' dir='ltr'>Lx</span> <span class='ocrx_word' id='word_1_156' title='bbox 1330 637 1337 659; x_wconf 94' lang='lat'><strong>:</strong></span> <span class='ocrx_word' id='word_1_157' title='bbox 1358 643 1370 654; x_wconf 78' lang='grc' dir='ltr'>ιι</span> <span class='ocrx_word' id='word_1_158' title='bbox 1388 626 1505 666; x_wconf 89' lang='lat' dir='ltr'>Quum</span> <span class='ocrx_word' id='word_1_159' title='bbox 1519 637 1612 658; x_wconf 80' lang='lat' dir='ltr'>mors</span> 
     </span>
     <span class='ocr_line' id='line_1_30' title="bbox 934 674 1612 723; baseline -0.007 -8"><span class='ocrx_word' id='word_1_160' title='bbox 934 681 1082 715; x_wconf 82' lang='lat' dir='ltr'>Venerit</span> <span class='ocrx_word' id='word_1_161' title='bbox 1095 707 1104 723; x_wconf 86' lang='lat'>‚</span> <span class='ocrx_word' id='word_1_162' title='bbox 1121 681 1156 713; x_wconf 90' lang='lat' dir='ltr'>in</span> <span class='ocrx_word' id='word_1_163' title='bbox 1176 678 1293 713; x_wconf 89' lang='lat' dir='ltr'>medio</span> <span class='ocrx_word' id='word_1_164' title='bbox 1303 679 1437 712; x_wconf 84' lang='lat' dir='ltr'>Tibure</span> <span class='ocrx_word' id='word_1_165' title='bbox 1450 674 1612 711; x_wconf 82' lang='lat' dir='ltr'>Sardinia</span> 
     </span>
     <span class='ocr_line' id='line_1_31' title="bbox 932 732 1617 769; baseline -0.007 0"><span class='ocrx_word' id='word_1_166' title='bbox 932 744 982 769; x_wconf 88' lang='lat' dir='ltr'>est</span> <span class='ocrx_word' id='word_1_167' title='bbox 999 752 1010 765; x_wconf 74' lang='lat' dir='ltr'>u</span> <span class='ocrx_word' id='word_1_168' title='bbox 1033 747 1039 768; x_wconf 92' lang='lat'><strong>:</strong></span> <span class='ocrx_word' id='word_1_169' title='bbox 1061 735 1109 768; x_wconf 85' lang='lat' dir='ltr'>sic</span> <span class='ocrx_word' id='word_1_170' title='bbox 1127 741 1247 767; x_wconf 83' lang='lat' dir='ltr'>contra</span> <span class='ocrx_word' id='word_1_171' title='bbox 1268 733 1304 766; x_wconf 85' lang='lat' dir='ltr'>in</span> <span class='ocrx_word' id='word_1_172' title='bbox 1323 732 1480 765; x_wconf 89' lang='lat' dir='ltr'>obscuris</span> <span class='ocrx_word' id='word_1_173' title='bbox 1500 739 1533 765; x_wconf 85' lang='lat' dir='ltr'>et</span> <span class='ocrx_word' id='word_1_174' title='bbox 1549 739 1617 765; x_wconf 82' lang='lat' dir='ltr'>ste-</span> 
     </span>
     <span class='ocr_line' id='line_1_32' title="bbox 930 785 1612 832; baseline -0.006 -11"><span class='ocrx_word' id='word_1_175' title='bbox 930 789 1056 821; x_wconf 81' lang='lat' dir='ltr'>rilibus</span> <span class='ocrx_word' id='word_1_176' title='bbox 1089 787 1173 821; x_wconf 89' lang='lat' dir='ltr'>locis</span> <span class='ocrx_word' id='word_1_177' title='bbox 1194 786 1330 832; x_wconf 85' lang='lat' dir='ltr'>quoties</span> <span class='ocrx_word' id='word_1_178' title='bbox 1355 785 1456 818; x_wconf 86' lang='lat' dir='ltr'>nobis</span> <span class='ocrx_word' id='word_1_179' title='bbox 1484 797 1612 830; x_wconf 78' lang='lat' dir='ltr'>suppe-</span> 
     </span>
     <span class='ocr_line' id='line_1_33' title="bbox 931 838 1612 885; baseline -0.004 -10"><span class='ocrx_word' id='word_1_180' title='bbox 931 850 1009 875; x_wconf 86' lang='lat' dir='ltr'>tunt</span> <span class='ocrx_word' id='word_1_181' title='bbox 1035 842 1127 874; x_wconf 88' lang='lat' dir='ltr'>bona</span> <span class='ocrx_word' id='word_1_182' title='bbox 1141 866 1150 881; x_wconf 77' lang='grc'>,</span> <span class='ocrx_word' id='word_1_183' title='bbox 1171 838 1364 885; x_wconf 83' lang='lat' dir='ltr'>jucundam</span> <span class='ocrx_word' id='word_1_184' title='bbox 1388 838 1612 884; x_wconf 83' lang='lat' dir='ltr'>transigimus</span> 
     </span>
     <span class='ocr_line' id='line_1_34' title="bbox 930 892 1611 938; baseline -0.006 -10"><span class='ocrx_word' id='word_1_185' title='bbox 930 895 1049 929; x_wconf 84' lang='lat' dir='ltr'>vitam.</span> <span class='ocrx_word' id='word_1_186' title='bbox 1074 916 1125 921; x_wconf 81' lang='lat'>-—-</span> <span class='ocrx_word' id='word_1_187' title='bbox 1148 894 1212 926; x_wconf 77' lang='lat' dir='ltr'>Vel</span> <span class='ocrx_word' id='word_1_188' title='bbox 1230 894 1365 927; x_wconf 74' lang='lat' dir='ltr'>Bitomi.</span> <span class='ocrx_word' id='word_1_189' title='bbox 1393 893 1532 938; x_wconf 81' lang='lat' dir='ltr'>Legunt</span> <span class='ocrx_word' id='word_1_190' title='bbox 1554 892 1611 925; x_wconf 86' lang='lat' dir='ltr'>alii</span> 
     </span>
     <span class='ocr_line' id='line_1_35' title="bbox 930 946 1611 993; baseline -0.006 -12"><span class='ocrx_word' id='word_1_191' title='bbox 930 949 1086 989; x_wconf 77' lang='lat' dir='ltr'>Bitoutis‚</span> <span class='ocrx_word' id='word_1_192' title='bbox 1106 946 1202 993; x_wconf 89' lang='lat' dir='ltr'>quod</span> <span class='ocrx_word' id='word_1_193' title='bbox 1216 948 1405 980; x_wconf 86' lang='lat' dir='ltr'>obscurum</span> <span class='ocrx_word' id='word_1_194' title='bbox 1426 953 1498 979; x_wconf 85' lang='lat' dir='ltr'>erat</span> <span class='ocrx_word' id='word_1_195' title='bbox 1513 947 1611 991; x_wconf 89' lang='lat' dir='ltr'>Apu-</span> 
     </span>
     <span class='ocr_line' id='line_1_36' title="bbox 929 997 1610 1047; baseline -0.007 -12"><span class='ocrx_word' id='word_1_196' title='bbox 929 1002 984 1035; x_wconf 79' lang='lat' dir='ltr'>liae</span> <span class='ocrx_word' id='word_1_197' title='bbox 1007 1001 1181 1035; x_wconf 85' lang='lat' dir='ltr'>Peucetiae</span> <span class='ocrx_word' id='word_1_198' title='bbox 1196 999 1382 1047; x_wconf 87' lang='lat' dir='ltr'>oppidum.</span> <span class='ocrx_word' id='word_1_199' title='bbox 1397 997 1480 1031; x_wconf 81' lang='lat' dir='ltr'>Vid.</span> <span class='ocrx_word' id='word_1_200' title='bbox 1500 999 1610 1045; x_wconf 81' lang='lat' dir='ltr'>epigr.</span> 
     </span>
     <span class='ocr_line' id='line_1_37' title="bbox 930 1052 1442 1100; baseline -0.004 -12"><span class='ocrx_word' id='word_1_201' title='bbox 930 1067 1029 1096; x_wconf 64' lang='lat' dir='ltr'>XLVI,</span> <span class='ocrx_word' id='word_1_202' title='bbox 1048 1068 1080 1088; x_wconf 84' lang='lat' dir='ltr'>v.</span> <span class='ocrx_word' id='word_1_203' title='bbox 1103 1057 1122 1088; x_wconf 82' lang='lat'><strong>6</strong></span> <span class='ocrx_word' id='word_1_204' title='bbox 1141 1067 1216 1100; x_wconf 87' lang='lat' dir='ltr'>sup.</span> <span class='ocrx_word' id='word_1_205' title='bbox 1238 1053 1282 1087; x_wconf 81' lang='lat' dir='ltr'>de</span> <span class='ocrx_word' id='word_1_206' title='bbox 1301 1052 1442 1099; x_wconf 84' lang='lat' dir='ltr'>Apulia.</span> 
     </span>
    </p>

    <p class='ocr_par' dir='ltr' id='par_1_8' title="bbox 927 1105 1610 1846">
     <span class='ocr_line' id='line_1_38' title="bbox 985 1105 1608 1147; baseline -0.008 -5"><span class='ocrx_word' id='word_1_207' title='bbox 985 1110 1018 1142; x_wconf 88' lang='grc'>8.</span> <span class='ocrx_word' id='word_1_208' title='bbox 1041 1109 1089 1141; x_wconf 84' lang='lat' dir='ltr'>Et</span> <span class='ocrx_word' id='word_1_209' title='bbox 1112 1109 1266 1147; x_wconf 75' lang='lat' dir='ltr'>thermas,</span> <span class='ocrx_word' id='word_1_210' title='bbox 1295 1115 1361 1140; x_wconf 85' lang='lat' dir='ltr'>etc.</span> <span class='ocrx_word' id='word_1_211' title='bbox 1385 1106 1495 1139; x_wconf 85' lang='lat' dir='ltr'>Erant</span> <span class='ocrx_word' id='word_1_212' title='bbox 1513 1105 1608 1138; x_wconf 90' lang='lat' dir='ltr'>ther-</span> 
     </span>
     <span class='ocr_line' id='line_1_39' title="bbox 930 1159 1610 1199; baseline -0.007 -4"><span class='ocrx_word' id='word_1_213' title='bbox 930 1175 994 1195; x_wconf 84' lang='lat' dir='ltr'>mae</span> <span class='ocrx_word' id='word_1_214' title='bbox 1013 1161 1222 1195; x_wconf 75' lang='lat' dir='ltr'>Neronianae</span> <span class='ocrx_word' id='word_1_215' title='bbox 1237 1160 1370 1194; x_wconf 78' lang='lat' dir='ltr'>caeteris</span> <span class='ocrx_word' id='word_1_216' title='bbox 1384 1159 1589 1192; x_wconf 77' lang='lat' dir='ltr'>amoeniores</span> <span class='ocrx_word' id='word_1_217' title='bbox 1600 1185 1610 1199; x_wconf 89' lang='lat'>‚</span> 
     </span>
     <span class='ocr_line' id='line_1_40' title="bbox 929 1210 1607 1260; baseline -0.006 -12"><span class='ocrx_word' id='word_1_218' title='bbox 929 1224 969 1249; x_wconf 90' lang='lat' dir='ltr'>ut</span> <span class='ocrx_word' id='word_1_219' title='bbox 988 1215 1049 1248; x_wconf 89' lang='lat' dir='ltr'>lib.</span> <span class='ocrx_word' id='word_1_220' title='bbox 1073 1215 1164 1256; x_wconf 88' lang='lat' dir='ltr'>VII,</span> <span class='ocrx_word' id='word_1_221' title='bbox 1185 1214 1294 1260; x_wconf 82' lang='lat' dir='ltr'>epigr.</span> <span class='ocrx_word' id='word_1_222' title='bbox 1318 1224 1458 1246; x_wconf 72' lang='lat' dir='ltr'>xxxin:</span> <span class='ocrx_word' id='word_1_223' title='bbox 1477 1230 1490 1242; x_wconf 87' lang='lat'>«</span> <span class='ocrx_word' id='word_1_224' title='bbox 1510 1210 1607 1253; x_wconf 82' lang='lat' dir='ltr'>Quid</span> 
     </span>
     <span class='ocr_line' id='line_1_41' title="bbox 930 1264 1610 1314; baseline -0.007 -12"><span class='ocrx_word' id='word_1_225' title='bbox 930 1269 1070 1302; x_wconf 88' lang='lat' dir='ltr'>Nerone</span> <span class='ocrx_word' id='word_1_226' title='bbox 1080 1267 1203 1314; x_wconf 73' lang='lat' dir='ltr'>pejus?</span> <span class='ocrx_word' id='word_1_227' title='bbox 1217 1265 1313 1309; x_wconf 88' lang='lat' dir='ltr'>Quid</span> <span class='ocrx_word' id='word_1_228' title='bbox 1324 1266 1471 1300; x_wconf 85' lang='lat' dir='ltr'>thermis</span> <span class='ocrx_word' id='word_1_229' title='bbox 1483 1264 1610 1298; x_wconf 87' lang='lat' dir='ltr'>melius</span> 
     </span>
     <span class='ocr_line' id='line_1_42' title="bbox 930 1319 1608 1366; baseline -0.006 -11"><span class='ocrx_word' id='word_1_230' title='bbox 930 1321 1166 1355; x_wconf 81' lang='lat' dir='ltr'>Neronianis?</span> <span class='ocrx_word' id='word_1_231' title='bbox 1188 1338 1200 1351; x_wconf 69' lang='grc' dir='ltr'><strong>υ</strong></span> <span class='ocrx_word' id='word_1_232' title='bbox 1216 1321 1352 1366; x_wconf 86' lang='lat' dir='ltr'>Nempe</span> <span class='ocrx_word' id='word_1_233' title='bbox 1374 1320 1499 1353; x_wconf 79' lang='lat' dir='ltr'>Noster</span> <span class='ocrx_word' id='word_1_234' title='bbox 1515 1319 1608 1351; x_wconf 88' lang='lat' dir='ltr'>inter</span> 
     </span>
     <span class='ocr_line' id='line_1_43' title="bbox 927 1374 1607 1419; baseline -0.007 -11"><span class='ocrx_word' id='word_1_235' title='bbox 927 1374 1083 1419; x_wconf 83' lang='lat' dir='ltr'>jucunda</span> <span class='ocrx_word' id='word_1_236' title='bbox 1103 1374 1181 1407; x_wconf 79' lang='lat' dir='ltr'>vitae</span> <span class='ocrx_word' id='word_1_237' title='bbox 1199 1382 1232 1407; x_wconf 89' lang='lat' dir='ltr'>et</span> <span class='ocrx_word' id='word_1_238' title='bbox 1253 1374 1506 1407; x_wconf 82' lang='lat' dir='ltr'>oblectamenta</span> <span class='ocrx_word' id='word_1_239' title='bbox 1529 1383 1607 1417; x_wconf 84' lang='lat' dir='ltr'>quae</span> 
     </span>
     <span class='ocr_line' id='line_1_44' title="bbox 929 1425 1607 1474; baseline -0.006 -13"><span class='ocrx_word' id='word_1_240' title='bbox 929 1437 1043 1474; x_wconf 83' lang='lat' dir='ltr'>optat,</span> <span class='ocrx_word' id='word_1_241' title='bbox 1055 1441 1125 1461; x_wconf 88' lang='lat' dir='ltr'>non</span> <span class='ocrx_word' id='word_1_242' title='bbox 1140 1428 1258 1461; x_wconf 86' lang='lat' dir='ltr'>locum</span> <span class='ocrx_word' id='word_1_243' title='bbox 1275 1426 1378 1472; x_wconf 78' lang='lat' dir='ltr'>elegit</span> <span class='ocrx_word' id='word_1_244' title='bbox 1389 1452 1397 1466; x_wconf 95' lang='lat'>‚</span> <span class='ocrx_word' id='word_1_245' title='bbox 1413 1426 1472 1459; x_wconf 82' lang='lat' dir='ltr'>ubi</span> <span class='ocrx_word' id='word_1_246' title='bbox 1489 1425 1607 1458; x_wconf 89' lang='lat' dir='ltr'>vivere</span> 
     </span>
     <span class='ocr_line' id='line_1_45' title="bbox 929 1481 1608 1524; baseline -0.006 -10"><span class='ocrx_word' id='word_1_247' title='bbox 929 1482 1067 1522; x_wconf 86' lang='lat' dir='ltr'>mallet,</span> <span class='ocrx_word' id='word_1_248' title='bbox 1091 1481 1215 1514; x_wconf 84' lang='lat' dir='ltr'>urbem</span> <span class='ocrx_word' id='word_1_249' title='bbox 1244 1493 1308 1513; x_wconf 88' lang='lat' dir='ltr'>nec</span> <span class='ocrx_word' id='word_1_250' title='bbox 1333 1492 1393 1512; x_wconf 85' lang='lat' dir='ltr'>rus</span> <span class='ocrx_word' id='word_1_251' title='bbox 1422 1487 1608 1524; x_wconf 84' lang='lat' dir='ltr'>tantopere</span> 
     </span>
     <span class='ocr_line' id='line_1_46' title="bbox 930 1532 1609 1581; baseline -0.006 -13"><span class='ocrx_word' id='word_1_252' title='bbox 930 1535 1042 1581; x_wconf 83' lang='lat' dir='ltr'>poetis</span> <span class='ocrx_word' id='word_1_253' title='bbox 1053 1533 1277 1567; x_wconf 67' lang='lat' dir='ltr'>decantatum</span> <span class='ocrx_word' id='word_1_254' title='bbox 1292 1532 1449 1578; x_wconf 78' lang='lat' dir='ltr'>designat</span> <span class='ocrx_word' id='word_1_255' title='bbox 1459 1546 1467 1574; x_wconf 77' lang='lat'><em>3</em></span> <span class='ocrx_word' id='word_1_256' title='bbox 1478 1540 1517 1565; x_wconf 91' lang='lat' dir='ltr'>ut</span> <span class='ocrx_word' id='word_1_257' title='bbox 1528 1544 1609 1564; x_wconf 73' lang='lat' dir='ltr'>vere</span> 
     </span>
     <span class='ocr_line' id='line_1_47' title="bbox 928 1584 1606 1633; baseline -0.006 -12"><span class='ocrx_word' id='word_1_258' title='bbox 928 1588 1049 1621; x_wconf 80' lang='lat' dir='ltr'>locum</span> <span class='ocrx_word' id='word_1_259' title='bbox 1066 1601 1136 1633; x_wconf 90' lang='lat' dir='ltr'>quo</span> <span class='ocrx_word' id='word_1_260' title='bbox 1147 1588 1253 1621; x_wconf 83' lang='lat' dir='ltr'>vitam</span> <span class='ocrx_word' id='word_1_261' title='bbox 1271 1587 1404 1632; x_wconf 76' lang='lat' dir='ltr'>agimus</span> <span class='ocrx_word' id='word_1_262' title='bbox 1418 1599 1488 1619; x_wconf 87' lang='lat' dir='ltr'>non</span> <span class='ocrx_word' id='word_1_263' title='bbox 1505 1584 1547 1618; x_wconf 83' lang='lat' dir='ltr'>ad</span> <span class='ocrx_word' id='word_1_264' title='bbox 1558 1585 1606 1618; x_wconf 90' lang='lat' dir='ltr'>fe·</span> 
     </span>
     <span class='ocr_line' id='line_1_48' title="bbox 928 1639 1607 1681; baseline -0.006 -7"><span class='ocrx_word' id='word_1_265' title='bbox 928 1641 1095 1675; x_wconf 85' lang='lat' dir='ltr'>licitatem</span> <span class='ocrx_word' id='word_1_266' title='bbox 1118 1641 1248 1675; x_wconf 85' lang='lat' dir='ltr'>referre</span> <span class='ocrx_word' id='word_1_267' title='bbox 1272 1641 1396 1673; x_wconf 78' lang='lat' dir='ltr'>innuat</span> <span class='ocrx_word' id='word_1_268' title='bbox 1411 1665 1420 1681; x_wconf 84' lang='lat'>,</span> <span class='ocrx_word' id='word_1_269' title='bbox 1441 1639 1476 1671; x_wconf 86' lang='lat' dir='ltr'>in</span> <span class='ocrx_word' id='word_1_270' title='bbox 1500 1650 1607 1671; x_wconf 85' lang='lat' dir='ltr'>manu</span> 
     </span>
     <span class='ocr_line' id='line_1_49' title="bbox 927 1692 1606 1741; baseline -0.007 -13"><span class='ocrx_word' id='word_1_271' title='bbox 927 1696 1099 1741; x_wconf 82' lang='lat' dir='ltr'>cujusque</span> <span class='ocrx_word' id='word_1_272' title='bbox 1133 1695 1282 1727; x_wconf 81' lang='lat' dir='ltr'>fortunae</span> <span class='ocrx_word' id='word_1_273' title='bbox 1314 1706 1383 1726; x_wconf 66' lang='lat' dir='ltr'>suze</span> <span class='ocrx_word' id='word_1_274' title='bbox 1407 1692 1606 1732; x_wconf 80' lang='lat' dir='ltr'>arbitrium,</span> 
     </span>
     <span class='ocr_line' id='line_1_50' title="bbox 928 1744 1604 1794; baseline -0.004 -14"><span class='ocrx_word' id='word_1_275' title='bbox 928 1749 1144 1794; x_wconf 79' lang='lat' dir='ltr'>ubicumque</span> <span class='ocrx_word' id='word_1_276' title='bbox 1174 1756 1345 1781; x_wconf 86' lang='lat' dir='ltr'>terrarum</span> <span class='ocrx_word' id='word_1_277' title='bbox 1366 1773 1374 1786; x_wconf 91' lang='lat'><em>,</em></span> <span class='ocrx_word' id='word_1_278' title='bbox 1409 1758 1480 1779; x_wconf 79' lang='lat' dir='ltr'>esse</span> <span class='ocrx_word' id='word_1_279' title='bbox 1493 1771 1501 1787; x_wconf 85' lang='grc'>,</span> <span class='ocrx_word' id='word_1_280' title='bbox 1521 1744 1604 1777; x_wconf 83' lang='grc'><strong>(111111</strong></span> 
     </span>
     <span class='ocr_line' id='line_1_51' title="bbox 928 1800 1563 1846; baseline -0.003 -13"><span class='ocrx_word' id='word_1_281' title='bbox 928 1800 1034 1834; x_wconf 88' lang='lat' dir='ltr'>modo</span> <span class='ocrx_word' id='word_1_282' title='bbox 1054 1801 1132 1834; x_wconf 79' lang='lat' dir='ltr'>vitae</span> <span class='ocrx_word' id='word_1_283' title='bbox 1154 1800 1344 1834; x_wconf 78' lang='lat' dir='ltr'>necessaria</span> <span class='ocrx_word' id='word_1_284' title='bbox 1365 1806 1563 1846; x_wconf 80' lang='lat' dir='ltr'>suppetant.</span> 
     </span>
    </p>
   </div>
   <div class='ocr_carea' id='block_1_6' title="bbox 780 1936 1024 1993">
    <p class='ocr_par' dir='ltr' id='par_1_9' title="bbox 780 1936 1024 1993">
     <span class='ocr_line' id='line_1_52' title="bbox 780 1936 1024 1993; baseline 0.004 -1"><span class='ocrx_word' id='word_1_285' title='bbox 780 1936 1024 1993; x_wconf 63' lang='lat' dir='ltr'>XLIX.</span> 
     </span>
    </p>
   </div>
   <div class='ocr_carea' id='block_1_7' title="bbox 658 2060 1127 2112">
    <p class='ocr_par' dir='ltr' id='par_1_10' title="bbox 658 2060 1127 2112">
     <span class='ocr_line' id='line_1_53' title="bbox 658 2060 1127 2112; baseline -0.002 -2"><span class='ocrx_word' id='word_1_286' title='bbox 658 2083 724 2110; x_wconf 87' lang='lat' dir='ltr'>DE</span> <span class='ocrx_word' id='word_1_287' title='bbox 768 2060 1127 2112; x_wconf 64' lang='grc' dir='ltr'>ΤΗΕΙ,Ε51ΝΑ.”’ι</span> 
     </span>
    </p>
   </div>
   <div class='ocr_carea' id='block_1_8' title="bbox 258 2204 1418 2337">
    <p class='ocr_par' dir='ltr' id='par_1_11' title="bbox 258 2204 1418 2337">
     <span class='ocr_line' id='line_1_54' title="bbox 258 2204 1312 2266; baseline 0.001 -19"><span class='ocrx_word' id='word_1_288' title='bbox 258 2205 471 2248; x_wconf 78' lang='lat' dir='ltr'><strong>UXOREM</strong></span> <span class='ocrx_word' id='word_1_289' title='bbox 494 2204 596 2248; x_wconf 93' lang='lat' dir='ltr'>nolo</span> <span class='ocrx_word' id='word_1_290' title='bbox 619 2204 895 2249; x_wconf 88' lang='lat' dir='ltr'>Thelesinam</span> <span class='ocrx_word' id='word_1_291' title='bbox 921 2206 1081 2250; x_wconf 86' lang='lat' dir='ltr'>ducere</span> <span class='ocrx_word' id='word_1_292' title='bbox 1108 2222 1116 2248; x_wconf 75' lang='grc' dir='ltr'>ε</span> <span class='ocrx_word' id='word_1_293' title='bbox 1149 2204 1312 2266; x_wconf 74' lang='lat' dir='ltr'>quare?</span> 
     </span>
     <span class='ocr_line' id='line_1_55' title="bbox 327 2275 1418 2337; baseline 0 -20"><span class='ocrx_word' id='word_1_294' title='bbox 327 2275 502 2319; x_wconf 76' lang='lat' dir='ltr'>Moecha</span> <span class='ocrx_word' id='word_1_295' title='bbox 527 2285 602 2319; x_wconf 83' lang='lat' dir='ltr'>est.</span> <span class='ocrx_word' id='word_1_296' title='bbox 631 2276 715 2319; x_wconf 86' lang='lat' dir='ltr'>Sed</span> <span class='ocrx_word' id='word_1_297' title='bbox 744 2278 889 2337; x_wconf 86' lang='lat' dir='ltr'>pueris</span> <span class='ocrx_word' id='word_1_298' title='bbox 916 2277 990 2320; x_wconf 81' lang='lat' dir='ltr'>dat</span> <span class='ocrx_word' id='word_1_299' title='bbox 1014 2276 1244 2320; x_wconf 84' lang='lat' dir='ltr'>Thelesina</span> <span class='ocrx_word' id='word_1_300' title='bbox 1267 2293 1275 2318; x_wconf 75' lang='grc' dir='ltr'>ε</span> <span class='ocrx_word' id='word_1_301' title='bbox 1305 2275 1418 2319; x_wconf 79' lang='lat' dir='ltr'>volo.</span> 
     </span>
    </p>
   </div>
   <div class='ocr_carea' id='block_1_9' title="bbox 185 2409 862 2566">
    <p class='ocr_par' dir='ltr' id='par_1_12' title="bbox 185 2409 862 2566">
     <span class='ocr_line' id='line_1_56' title="bbox 238 2409 862 2450; baseline 0.005 -3"><span class='ocrx_word' id='word_1_302' title='bbox 238 2409 253 2424; x_wconf 66' lang='lat'>¹*</span> <span class='ocrx_word' id='word_1_303' title='bbox 269 2415 314 2448; x_wconf 89' lang='lat' dir='ltr'>Et</span> <span class='ocrx_word' id='word_1_304' title='bbox 340 2414 398 2448; x_wconf 88' lang='lat' dir='ltr'>hic</span> <span class='ocrx_word' id='word_1_305' title='bbox 422 2415 519 2448; x_wconf 80' lang='lat' dir='ltr'>nulla</span> <span class='ocrx_word' id='word_1_306' title='bbox 537 2415 699 2449; x_wconf 87' lang='lat' dir='ltr'>lectionis</span> <span class='ocrx_word' id='word_1_307' title='bbox 717 2415 862 2450; x_wconf 80' lang='lat' dir='ltr'>varietas</span> 
     </span>
     <span class='ocr_line' id='line_1_57' title="bbox 185 2467 862 2514; baseline 0.004 -14"><span class='ocrx_word' id='word_1_308' title='bbox 185 2467 391 2513; x_wconf 87' lang='lat' dir='ltr'>reperienda</span> <span class='ocrx_word' id='word_1_309' title='bbox 439 2477 488 2502; x_wconf 89' lang='lat' dir='ltr'>est</span> <span class='ocrx_word' id='word_1_310' title='bbox 526 2468 561 2501; x_wconf 86' lang='lat' dir='ltr'>in</span> <span class='ocrx_word' id='word_1_311' title='bbox 609 2469 862 2514; x_wconf 81' lang='lat' dir='ltr'>exemplaribus</span> 
     </span>
     <span class='ocr_line' id='line_1_58' title="bbox 187 2521 559 2566; baseline 0.003 -12"><span class='ocrx_word' id='word_1_312' title='bbox 187 2521 321 2566; x_wconf 83' lang='lat' dir='ltr'>scriptis</span> <span class='ocrx_word' id='word_1_313' title='bbox 343 2530 400 2555; x_wconf 85' lang='lat' dir='ltr'>aut</span> <span class='ocrx_word' id='word_1_314' title='bbox 417 2522 559 2555; x_wconf 78' lang='lat' dir='ltr'>excusis.</span> 
     </span>
    </p>
   </div>
   <div class='ocr_carea' id='block_1_10' title="bbox 242 2575 893 2621">
    <p class='ocr_par' dir='ltr' id='par_1_13' title="bbox 242 2575 893 2621">
     <span class='ocr_line' id='line_1_59' title="bbox 242 2575 893 2621; baseline 0.005 -14"><span class='ocrx_word' id='word_1_315' title='bbox 242 2587 274 2607; x_wconf 81' lang='lat'>2.</span> <span class='ocrx_word' id='word_1_316' title='bbox 295 2575 366 2620; x_wconf 86' lang='lat' dir='ltr'>Dat</span> <span class='ocrx_word' id='word_1_317' title='bbox 384 2576 558 2609; x_wconf 73' lang='lat' dir='ltr'>Tlaelesina.</span> <span class='ocrx_word' id='word_1_318' title='bbox 575 2575 635 2609; x_wconf 89' lang='lat' dir='ltr'>Sui</span> <span class='ocrx_word' id='word_1_319' title='bbox 651 2576 800 2621; x_wconf 89' lang='lat' dir='ltr'>copiam.</span> <span class='ocrx_word' id='word_1_320' title='bbox 812 2597 862 2601; x_wconf 77' lang='lat'>——</span> <span class='ocrx_word' id='word_1_321' title='bbox 889 2606 893 2610; x_wconf 95' lang='lat'>.</span> 
     </span>
    </p>
   </div>
   <div class='ocr_carea' id='block_1_11' title="bbox 921 2414 1604 2621">
    <p class='ocr_par' dir='ltr' id='par_1_14' title="bbox 921 2414 1604 2621">
     <span class='ocr_line' id='line_1_60' title="bbox 924 2414 1604 2461; baseline -0.003 -12"><span class='ocrx_word' id='word_1_322' title='bbox 924 2416 1019 2449; x_wconf 76' lang='lat' dir='ltr'>Volo.</span> <span class='ocrx_word' id='word_1_323' title='bbox 1053 2417 1104 2449; x_wconf 88' lang='lat' dir='ltr'>Ut</span> <span class='ocrx_word' id='word_1_324' title='bbox 1133 2415 1219 2448; x_wconf 83' lang='lat' dir='ltr'>mihi</span> <span class='ocrx_word' id='word_1_325' title='bbox 1254 2415 1358 2461; x_wconf 88' lang='lat' dir='ltr'>pueri</span> <span class='ocrx_word' id='word_1_326' title='bbox 1395 2414 1604 2460; x_wconf 83' lang='lat' dir='ltr'>deprehensi</span> 
     </span>
     <span class='ocr_line' id='line_1_61' title="bbox 921 2468 1599 2515; baseline 0 -14"><span class='ocrx_word' id='word_1_327' title='bbox 921 2482 1039 2515; x_wconf 83' lang='lat' dir='ltr'>poenas</span> <span class='ocrx_word' id='word_1_328' title='bbox 1063 2469 1203 2502; x_wconf 86' lang='lat' dir='ltr'>talionis</span> <span class='ocrx_word' id='word_1_329' title='bbox 1227 2468 1323 2502; x_wconf 85' lang='lat' dir='ltr'>dent.</span> <span class='ocrx_word' id='word_1_330' title='bbox 1351 2469 1469 2514; x_wconf 88' lang='lat' dir='ltr'>Epigr.</span> <span class='ocrx_word' id='word_1_331' title='bbox 1500 2481 1599 2501; x_wconf 68' lang='lat' dir='ltr'>xum</span> 
     </span>
     <span class='ocr_line' id='line_1_62' title="bbox 921 2521 1601 2568; baseline -0.003 -12"><span class='ocrx_word' id='word_1_332' title='bbox 921 2535 1017 2568; x_wconf 87' lang='lat' dir='ltr'>supr.</span> <span class='ocrx_word' id='word_1_333' title='bbox 1046 2531 1080 2556; x_wconf 90' lang='lat' dir='ltr'>et</span> <span class='ocrx_word' id='word_1_334' title='bbox 1104 2522 1188 2555; x_wconf 82' lang='lat' dir='ltr'>infr.</span> <span class='ocrx_word' id='word_1_335' title='bbox 1212 2535 1275 2564; x_wconf 83' lang='lat' dir='ltr'>Lx3</span> <span class='ocrx_word' id='word_1_336' title='bbox 1303 2531 1335 2556; x_wconf 86' lang='lat' dir='ltr'>et</span> <span class='ocrx_word' id='word_1_337' title='bbox 1360 2522 1420 2555; x_wconf 90' lang='lat' dir='ltr'>lib.</span> <span class='ocrx_word' id='word_1_338' title='bbox 1446 2523 1498 2563; x_wconf 89' lang='lat' dir='ltr'>X,</span> <span class='ocrx_word' id='word_1_339' title='bbox 1525 2521 1601 2567; x_wconf 86' lang='lat' dir='ltr'>epi-</span> 
     </span>
     <span class='ocr_line' id='line_1_63' title="bbox 922 2588 1145 2621; baseline -0.004 -12"><span class='ocrx_word' id='word_1_340' title='bbox 922 2588 1066 2621; x_wconf 83' lang='lat' dir='ltr'>gramm.</span> <span class='ocrx_word' id='word_1_341' title='bbox 1090 2588 1145 2609; x_wconf 75' lang='lat' dir='ltr'>XL.</span> 
     </span>
    </p>
   </div>
  </div>
 </body>
</html>
