<?xml version="1.0" encoding="UTF-8"?>
<!DOCTYPE html PUBLIC "-//W3C//DTD XHTML 1.0 Transitional//EN"
    "http://www.w3.org/TR/xhtml1/DTD/xhtml1-transitional.dtd">
<html xmlns="http://www.w3.org/1999/xhtml" xml:lang="en" lang="en">
 <head>
  <title>
</title>
<meta http-equiv="Content-Type" content="text/html;charset=utf-8" />
  <meta name='ocr-system' content='tesseract 3.04.00' />
  <meta name='ocr-capabilities' content='ocr_page ocr_carea ocr_par ocr_line ocrx_word'/>
</head>
<body>
  <div class='ocr_page' id='page_1' title='image "./epigrammata01martuoft_0617.png"; bbox 0 0 2061 3288; ppageno 0'>
   <div class='ocr_carea' id='block_1_1' title="bbox 436 212 1312 260">
    <p class='ocr_par' dir='ltr' id='par_1_1' title="bbox 436 212 1312 260">
     <span class='ocr_line' id='line_1_1' title="bbox 436 212 1312 260; baseline -0.001 0"><span class='ocrx_word' id='word_1_1' title='bbox 436 212 1022 260; x_wconf 86' lang='lat' dir='ltr'><strong>EPIGRAMMATUM</strong></span> <span class='ocrx_word' id='word_1_2' title='bbox 1060 215 1184 258; x_wconf 88' lang='lat' dir='ltr'>LIB.</span> <span class='ocrx_word' id='word_1_3' title='bbox 1225 216 1312 259; x_wconf 89' lang='lat' dir='ltr'>IV.</span> 
     </span>
    </p>
   </div>
   <div class='ocr_carea' id='block_1_2' title="bbox 183 300 865 615">
    <p class='ocr_par' dir='ltr' id='par_1_2' title="bbox 183 300 865 615">
     <span class='ocr_line' id='line_1_2' title="bbox 183 300 863 348; baseline -0.004 -11"><span class='ocrx_word' id='word_1_4' title='bbox 183 305 305 338; x_wconf 86' lang='lat' dir='ltr'>hamos</span> <span class='ocrx_word' id='word_1_5' title='bbox 324 301 439 344; x_wconf 79' lang='lat' dir='ltr'>‹lona3</span> <span class='ocrx_word' id='word_1_6' title='bbox 465 314 618 348; x_wconf 86' lang='lat' dir='ltr'>namque</span> <span class='ocrx_word' id='word_1_7' title='bbox 649 301 727 348; x_wconf 88' lang='lat' dir='ltr'>quis</span> <span class='ocrx_word' id='word_1_8' title='bbox 750 300 863 335; x_wconf 83' lang='lat' dir='ltr'>nescit</span> 
     </span>
     <span class='ocr_line' id='line_1_3' title="bbox 183 354 862 401; baseline -0.004 -11"><span class='ocrx_word' id='word_1_9' title='bbox 183 356 335 390; x_wconf 69' lang='lat' dir='ltr'>Avidum</span> <span class='ocrx_word' id='word_1_10' title='bbox 351 364 470 390; x_wconf 76' lang='lat' dir='ltr'>vorata</span> <span class='ocrx_word' id='word_1_11' title='bbox 488 354 604 401; x_wconf 83' lang='lat' dir='ltr'><strong>decipi</strong></span> <span class='ocrx_word' id='word_1_12' title='bbox 629 367 766 389; x_wconf 84' lang='lat' dir='ltr'>scarum</span> <span class='ocrx_word' id='word_1_13' title='bbox 785 367 862 387; x_wconf 90' lang='lat' dir='ltr'>mu·</span> 
     </span>
     <span class='ocr_line' id='line_1_4' title="bbox 184 407 864 451; baseline -0.003 -8"><span class='ocrx_word' id='word_1_14' title='bbox 184 411 263 444; x_wconf 77' lang='lat' dir='ltr'>sca?</span> <span class='ocrx_word' id='word_1_15' title='bbox 282 409 427 451; x_wconf 82' lang='lat' dir='ltr'><strong>Quoties</strong></span> <span class='ocrx_word' id='word_1_16' title='bbox 444 409 556 443; x_wconf 86' lang='lat' dir='ltr'>amico</span> <span class='ocrx_word' id='word_1_17' title='bbox 573 407 676 442; x_wconf 84' lang='lat' dir='ltr'>diviti</span> <span class='ocrx_word' id='word_1_18' title='bbox 698 408 787 442; x_wconf 87' lang='lat' dir='ltr'><strong>nihil</strong></span> <span class='ocrx_word' id='word_1_19' title='bbox 803 407 864 441; x_wconf 86' lang='lat' dir='ltr'>do-</span> 
     </span>
     <span class='ocr_line' id='line_1_5' title="bbox 184 461 865 507; baseline -0.001 -11"><span class='ocrx_word' id='word_1_20' title='bbox 184 471 243 496; x_wconf 83' lang='lat' dir='ltr'>nat</span> <span class='ocrx_word' id='word_1_21' title='bbox 258 489 267 504; x_wconf 95' lang='lat'>,</span> <span class='ocrx_word' id='word_1_22' title='bbox 282 463 313 495; x_wconf 91' lang='lat' dir='ltr'>O</span> <span class='ocrx_word' id='word_1_23' title='bbox 328 461 703 504; x_wconf 85' lang='lat' dir='ltr'>Quintiaue‚liberalis</span> <span class='ocrx_word' id='word_1_24' title='bbox 719 469 769 496; x_wconf 90' lang='lat' dir='ltr'>est</span> <span class='ocrx_word' id='word_1_25' title='bbox 782 474 865 507; x_wconf 89' lang='lat' dir='ltr'>pau-</span> 
     </span>
     <span class='ocr_line' id='line_1_6' title="bbox 184 514 861 562; baseline -0.001 -13"><span class='ocrx_word' id='word_1_26' title='bbox 184 529 258 562; x_wconf 83' lang='lat' dir='ltr'>per.</span> <span class='ocrx_word' id='word_1_27' title='bbox 277 533 290 545; x_wconf 82' lang='lat'>»</span> <span class='ocrx_word' id='word_1_28' title='bbox 311 516 389 549; x_wconf 87' lang='lat' dir='ltr'><strong>Lib.</strong></span> <span class='ocrx_word' id='word_1_29' title='bbox 409 516 486 557; x_wconf 92' lang='lat' dir='ltr'>VI,</span> <span class='ocrx_word' id='word_1_30' title='bbox 508 515 620 561; x_wconf 86' lang='lat' dir='ltr'>epigr.</span> <span class='ocrx_word' id='word_1_31' title='bbox 638 527 732 549; x_wconf 80' lang='lat' dir='ltr'>Lx11r</span> <span class='ocrx_word' id='word_1_32' title='bbox 749 527 801 558; x_wconf 89' lang='lat' dir='ltr'>‚v.</span> <span class='ocrx_word' id='word_1_33' title='bbox 822 514 861 548; x_wconf 85' lang='lat'>5:</span> 
     </span>
     <span class='ocr_line' id='line_1_7' title="bbox 187 567 863 615; baseline -0.001 -13"><span class='ocrx_word' id='word_1_34' title='bbox 187 584 199 596; x_wconf 89' lang='lat'>·‹</span> <span class='ocrx_word' id='word_1_35' title='bbox 215 569 362 603; x_wconf 84' lang='lat' dir='ltr'>Munera</span> <span class='ocrx_word' id='word_1_36' title='bbox 376 581 501 615; x_wconf 83' lang='lat' dir='ltr'>magna</span> <span class='ocrx_word' id='word_1_37' title='bbox 519 568 665 615; x_wconf 89' lang='lat' dir='ltr'>quidem</span> <span class='ocrx_word' id='word_1_38' title='bbox 680 568 791 611; x_wconf 87' lang='lat' dir='ltr'>misit,</span> <span class='ocrx_word' id='word_1_39' title='bbox 802 567 863 602; x_wconf 87' lang='lat' dir='ltr'>sed</span> 
     </span>
    </p>
   </div>
   <div class='ocr_carea' id='block_1_3' title="bbox 1499 213 1598 271">
    <p class='ocr_par' dir='ltr' id='par_1_3' title="bbox 1499 213 1598 271">
     <span class='ocr_line' id='line_1_8' title="bbox 1499 213 1598 271; baseline 0 0"><span class='ocrx_word' id='word_1_40' title='bbox 1499 213 1598 271; x_wconf 69' lang='lat'>445</span> 
     </span>
    </p>
   </div>
   <div class='ocr_carea' id='block_1_4' title="bbox 921 300 1601 613">
    <p class='ocr_par' dir='ltr' id='par_1_4' title="bbox 921 300 1601 613">
     <span class='ocr_line' id='line_1_9' title="bbox 922 300 1601 349; baseline 0.003 -15"><span class='ocrx_word' id='word_1_41' title='bbox 922 301 1016 335; x_wconf 85' lang='lat' dir='ltr'>misit</span> <span class='ocrx_word' id='word_1_42' title='bbox 1037 300 1073 334; x_wconf 90' lang='lat' dir='ltr'>in</span> <span class='ocrx_word' id='word_1_43' title='bbox 1094 301 1198 334; x_wconf 81' lang='lat' dir='ltr'>hamo</span> <span class='ocrx_word' id='word_1_44' title='bbox 1218 313 1227 334; x_wconf 72' lang='grc' dir='ltr'><strong><em>ε</em></strong></span> <span class='ocrx_word' id='word_1_45' title='bbox 1251 301 1295 335; x_wconf 80' lang='lat' dir='ltr'>Et</span> <span class='ocrx_word' id='word_1_46' title='bbox 1316 301 1525 347; x_wconf 77' lang='lat' dir='ltr'>piscatorem</span> <span class='ocrx_word' id='word_1_47' title='bbox 1546 303 1601 349; x_wconf 86' lang='lat' dir='ltr'>pi-</span> 
     </span>
     <span class='ocr_line' id='line_1_10' title="bbox 921 354 1601 401; baseline 0.003 -13"><span class='ocrx_word' id='word_1_48' title='bbox 921 354 987 388; x_wconf 90' lang='lat' dir='ltr'>scis</span> <span class='ocrx_word' id='word_1_49' title='bbox 1008 366 1123 388; x_wconf 83' lang='lat' dir='ltr'>amare</span> <span class='ocrx_word' id='word_1_50' title='bbox 1144 354 1287 401; x_wconf 74' lang='lat' dir='ltr'>potest?</span> <span class='ocrx_word' id='word_1_51' title='bbox 1306 372 1319 383; x_wconf 77' lang='lat' dir='ltr'>n</span> <span class='ocrx_word' id='word_1_52' title='bbox 1345 355 1389 389; x_wconf 85' lang='lat' dir='ltr'>Et</span> <span class='ocrx_word' id='word_1_53' title='bbox 1404 354 1601 390; x_wconf 76' lang='lat' dir='ltr'>similia²in-</span> 
     </span>
     <span class='ocr_line' id='line_1_11' title="bbox 922 407 1598 453; baseline 0.001 -11"><span class='ocrx_word' id='word_1_54' title='bbox 922 407 1040 442; x_wconf 86' lang='lat' dir='ltr'>venies</span> <span class='ocrx_word' id='word_1_55' title='bbox 1063 407 1126 441; x_wconf 87' lang='lat' dir='ltr'>lib.</span> <span class='ocrx_word' id='word_1_56' title='bbox 1159 408 1215 449; x_wconf 90' lang='lat' dir='ltr'>II,</span> <span class='ocrx_word' id='word_1_57' title='bbox 1241 407 1351 453; x_wconf 82' lang='lat' dir='ltr'>epigr.</span> <span class='ocrx_word' id='word_1_58' title='bbox 1382 421 1489 443; x_wconf 69' lang='lat' dir='ltr'>Lxxw</span> <span class='ocrx_word' id='word_1_59' title='bbox 1508 422 1516 450; x_wconf 93' lang='grc'><strong>;</strong></span> <span class='ocrx_word' id='word_1_60' title='bbox 1536 410 1598 443; x_wconf 91' lang='lat' dir='ltr'>lib.</span> 
     </span>
     <span class='ocr_line' id='line_1_12' title="bbox 923 461 1600 508; baseline 0.004 -15"><span class='ocrx_word' id='word_1_61' title='bbox 923 461 996 502; x_wconf 92' lang='lat' dir='ltr'>VI,</span> <span class='ocrx_word' id='word_1_62' title='bbox 1018 461 1128 507; x_wconf 83' lang='lat' dir='ltr'>epigr.</span> <span class='ocrx_word' id='word_1_63' title='bbox 1154 472 1251 502; x_wconf 77' lang='lat' dir='ltr'>an;</span> <span class='ocrx_word' id='word_1_64' title='bbox 1278 461 1339 495; x_wconf 86' lang='lat' dir='ltr'>lib.</span> <span class='ocrx_word' id='word_1_65' title='bbox 1358 462 1472 503; x_wconf 77' lang='lat' dir='ltr'>VIII,</span> <span class='ocrx_word' id='word_1_66' title='bbox 1490 463 1600 508; x_wconf 80' lang='lat' dir='ltr'>epigr.</span> 
     </span>
     <span class='ocr_line' id='line_1_13' title="bbox 923 514 1588 560; baseline 0 -12"><span class='ocrx_word' id='word_1_67' title='bbox 923 527 1023 548; x_wconf 83' lang='lat' dir='ltr'>xxvu</span> <span class='ocrx_word' id='word_1_68' title='bbox 1036 527 1045 557; x_wconf 81' lang='lat'><em>3</em></span> <span class='ocrx_word' id='word_1_69' title='bbox 1058 515 1121 548; x_wconf 92' lang='lat' dir='ltr'>lib.</span> <span class='ocrx_word' id='word_1_70' title='bbox 1138 514 1209 555; x_wconf 86' lang='lat' dir='ltr'>XI,</span> <span class='ocrx_word' id='word_1_71' title='bbox 1223 514 1331 560; x_wconf 79' lang='lat' dir='ltr'>epigr.</span> <span class='ocrx_word' id='word_1_72' title='bbox 1350 528 1426 557; x_wconf 64' lang='lat' dir='ltr'>m&#39;13</span> <span class='ocrx_word' id='word_1_73' title='bbox 1442 516 1504 550; x_wconf 88' lang='lat' dir='ltr'>lib.</span> <span class='ocrx_word' id='word_1_74' title='bbox 1520 517 1588 549; x_wconf 63' lang='lat' dir='ltr'>KH</span> 
     </span>
     <span class='ocr_line' id='line_1_14' title="bbox 922 568 1233 613; baseline -0.003 -12"><span class='ocrx_word' id='word_1_75' title='bbox 922 568 1032 613; x_wconf 85' lang='lat' dir='ltr'>epigr.</span> <span class='ocrx_word' id='word_1_76' title='bbox 1052 579 1140 602; x_wconf 85' lang='lat' dir='ltr'>xe11·</span> <span class='ocrx_word' id='word_1_77' title='bbox 1165 568 1233 601; x_wconf 82' lang='lat' dir='ltr'>En.</span> 
     </span>
    </p>
   </div>
   <div class='ocr_carea' id='block_1_5' title="bbox 1599 541 1608 558">
    <p class='ocr_par' dir='ltr' id='par_1_5' title="bbox 1599 541 1608 558">
     <span class='ocr_line' id='line_1_15' title="bbox 1599 541 1608 558; baseline 0 0"><span class='ocrx_word' id='word_1_78' title='bbox 1599 541 1608 558; x_wconf 72' lang='lat'>²</span> 
     </span>
    </p>
   </div>
   <div class='ocr_carea' id='block_1_6' title="bbox 794 703 989 760">
    <p class='ocr_par' dir='ltr' id='par_1_6' title="bbox 794 703 989 760">
     <span class='ocr_line' id='line_1_16' title="bbox 794 703 989 760; baseline 0.005 -2"><span class='ocrx_word' id='word_1_79' title='bbox 794 703 989 760; x_wconf 85' lang='lat' dir='ltr'><strong>LVII.</strong></span> 
     </span>
    </p>
   </div>
   <div class='ocr_carea' id='block_1_7' title="bbox 643 831 1146 882">
    <p class='ocr_par' dir='ltr' id='par_1_7' title="bbox 643 831 1146 882">
     <span class='ocr_line' id='line_1_17' title="bbox 643 831 1146 882; baseline 0.002 -2"><span class='ocrx_word' id='word_1_80' title='bbox 643 853 716 881; x_wconf 75' lang='lat' dir='ltr'>AD</span> <span class='ocrx_word' id='word_1_81' title='bbox 764 831 1146 882; x_wconf 60' lang='lat' dir='ltr'>FAUSTINUM.*</span> 
     </span>
    </p>
   </div>
   <div class='ocr_carea' id='block_1_8' title="bbox 255 975 1430 1253">
    <p class='ocr_par' dir='ltr' id='par_1_8' title="bbox 255 975 1430 1111">
     <span class='ocr_line' id='line_1_18' title="bbox 255 975 1430 1038; baseline 0 -16"><span class='ocrx_word' id='word_1_82' title='bbox 255 980 374 1023; x_wconf 83' lang='lat' dir='ltr'>DUM</span> <span class='ocrx_word' id='word_1_83' title='bbox 399 995 479 1022; x_wconf 92' lang='lat' dir='ltr'>nos</span> <span class='ocrx_word' id='word_1_84' title='bbox 506 976 667 1022; x_wconf 81' lang='lat' dir='ltr'>blanda</span> <span class='ocrx_word' id='word_1_85' title='bbox 694 986 845 1021; x_wconf 81' lang='lat' dir='ltr'>tenent</span> <span class='ocrx_word' id='word_1_86' title='bbox 868 975 1017 1022; x_wconf 83' lang='lat' dir='ltr'>lascivi</span> <span class='ocrx_word' id='word_1_87' title='bbox 1046 986 1199 1038; x_wconf 80' lang='lat' dir='ltr'>stagna</span> <span class='ocrx_word' id='word_1_88' title='bbox 1229 979 1430 1032; x_wconf 71' lang='lat' dir='ltr'>Lucrini,</span> 
     </span>
     <span class='ocr_line' id='line_1_19' title="bbox 328 1047 1313 1111; baseline -0.001 -18"><span class='ocrx_word' id='word_1_89' title='bbox 328 1052 384 1093; x_wconf 82' lang='lat' dir='ltr'>Et</span> <span class='ocrx_word' id='word_1_90' title='bbox 412 1066 509 1111; x_wconf 84' lang='lat' dir='ltr'>quae</span> <span class='ocrx_word' id='word_1_91' title='bbox 537 1049 748 1110; x_wconf 84' lang='lat' dir='ltr'>pumiceis</span> <span class='ocrx_word' id='word_1_92' title='bbox 777 1048 972 1093; x_wconf 87' lang='lat' dir='ltr'>fontibus</span> <span class='ocrx_word' id='word_1_93' title='bbox 997 1057 1124 1092; x_wconf 81' lang='lat' dir='ltr'>antra</span> <span class='ocrx_word' id='word_1_94' title='bbox 1147 1047 1313 1106; x_wconf 74' lang='lat' dir='ltr'>caleut3</span> 
     </span>
    </p>

    <p class='ocr_par' dir='ltr' id='par_1_9' title="bbox 257 1119 1331 1253">
     <span class='ocr_line' id='line_1_20' title="bbox 257 1119 1296 1182; baseline 0 -18"><span class='ocrx_word' id='word_1_95' title='bbox 257 1122 323 1164; x_wconf 83' lang='lat' dir='ltr'>Tu</span> <span class='ocrx_word' id='word_1_96' title='bbox 345 1119 450 1165; x_wconf 85' lang='lat' dir='ltr'>colis</span> <span class='ocrx_word' id='word_1_97' title='bbox 473 1121 626 1181; x_wconf 83' lang='lat' dir='ltr'>Argivi</span> <span class='ocrx_word' id='word_1_98' title='bbox 648 1136 833 1182; x_wconf 86' lang='lat' dir='ltr'>regnum</span> <span class='ocrx_word' id='word_1_99' title='bbox 848 1156 859 1175; x_wconf 90' lang='lat'>,</span> <span class='ocrx_word' id='word_1_100' title='bbox 880 1120 1107 1175; x_wconf 82' lang='lat' dir='ltr'>Faustine,</span> <span class='ocrx_word' id='word_1_101' title='bbox 1129 1119 1296 1176; x_wconf 87' lang='lat' dir='ltr'>coloni,</span> 
     </span>
     <span class='ocr_line' id='line_1_21' title="bbox 328 1190 1331 1253; baseline 0.001 -18"><span class='ocrx_word' id='word_1_102' title='bbox 328 1192 432 1250; x_wconf 89' lang='lat' dir='ltr'>Quo</span> <span class='ocrx_word' id='word_1_103' title='bbox 458 1201 500 1235; x_wconf 84' lang='lat' dir='ltr'>te</span> <span class='ocrx_word' id='word_1_104' title='bbox 525 1191 590 1236; x_wconf 76' lang='lat' dir='ltr'>bis</span> <span class='ocrx_word' id='word_1_105' title='bbox 616 1191 812 1247; x_wconf 83' lang='lat' dir='ltr'>decimus</span> <span class='ocrx_word' id='word_1_106' title='bbox 837 1190 958 1235; x_wconf 86' lang='lat' dir='ltr'>ducit</span> <span class='ocrx_word' id='word_1_107' title='bbox 982 1190 1036 1234; x_wconf 85' lang='lat' dir='ltr'>ab</span> <span class='ocrx_word' id='word_1_108' title='bbox 1062 1191 1185 1235; x_wconf 85' lang='lat' dir='ltr'>Urbe</span> <span class='ocrx_word' id='word_1_109' title='bbox 1211 1191 1331 1253; x_wconf 86' lang='lat' dir='ltr'>lapis.</span> 
     </span>
    </p>
   </div>
   <div class='ocr_carea' id='block_1_9' title="bbox 188 1327 879 2706">
    <p class='ocr_par' dir='ltr' id='par_1_10' title="bbox 188 1327 871 1750">
     <span class='ocr_line' id='line_1_22' title="bbox 242 1327 869 1374; baseline 0 -9"><span class='ocrx_word' id='word_1_110' title='bbox 242 1327 256 1342; x_wconf 65' lang='lat'>&#39;¹</span> <span class='ocrx_word' id='word_1_111' title='bbox 287 1333 407 1374; x_wconf 90' lang='lat' dir='ltr'>Quum</span> <span class='ocrx_word' id='word_1_112' title='bbox 455 1332 708 1366; x_wconf 79' lang='lat' dir='ltr'>violentissimo</span> <span class='ocrx_word' id='word_1_113' title='bbox 754 1332 869 1366; x_wconf 86' lang='lat' dir='ltr'>calore</span> 
     </span>
     <span class='ocr_line' id='line_1_23' title="bbox 190 1384 870 1431; baseline 0 -13"><span class='ocrx_word' id='word_1_114' title='bbox 190 1394 308 1419; x_wconf 74' lang='lat' dir='ltr'>aestuet</span> <span class='ocrx_word' id='word_1_115' title='bbox 325 1385 452 1419; x_wconf 83' lang='lat' dir='ltr'>mensis</span> <span class='ocrx_word' id='word_1_116' title='bbox 467 1386 602 1427; x_wconf 84' lang='lat' dir='ltr'>Julius,</span> <span class='ocrx_word' id='word_1_117' title='bbox 619 1386 718 1419; x_wconf 87' lang='lat' dir='ltr'>Baias</span> <span class='ocrx_word' id='word_1_118' title='bbox 733 1384 870 1431; x_wconf 87' lang='lat' dir='ltr'>duplici</span> 
     </span>
     <span class='ocr_line' id='line_1_24' title="bbox 189 1438 869 1484; baseline -0.003 -11"><span class='ocrx_word' id='word_1_119' title='bbox 189 1439 277 1473; x_wconf 82' lang='lat' dir='ltr'>aeris</span> <span class='ocrx_word' id='word_1_120' title='bbox 309 1447 343 1472; x_wconf 89' lang='lat' dir='ltr'>et</span> <span class='ocrx_word' id='word_1_121' title='bbox 373 1439 593 1472; x_wconf 72' lang='lat' dir='ltr'>thermarum</span> <span class='ocrx_word' id='word_1_122' title='bbox 623 1438 749 1473; x_wconf 80' lang='lat' dir='ltr'>ardore</span> <span class='ocrx_word' id='word_1_123' title='bbox 772 1439 869 1484; x_wconf 82' lang='lat' dir='ltr'>inju-</span> 
     </span>
     <span class='ocr_line' id='line_1_25' title="bbox 189 1491 868 1538; baseline -0.001 -12"><span class='ocrx_word' id='word_1_124' title='bbox 189 1491 320 1526; x_wconf 70' lang='lat' dir='ltr'>cundus</span> <span class='ocrx_word' id='word_1_125' title='bbox 339 1492 452 1526; x_wconf 80' lang='lat' dir='ltr'>valere</span> <span class='ocrx_word' id='word_1_126' title='bbox 467 1493 567 1538; x_wconf 87' lang='lat' dir='ltr'>jubet</span> <span class='ocrx_word' id='word_1_127' title='bbox 585 1492 730 1534; x_wconf 86' lang='lat' dir='ltr'>Noster,</span> <span class='ocrx_word' id='word_1_128' title='bbox 748 1492 785 1525; x_wconf 92' lang='lat' dir='ltr'>in</span> <span class='ocrx_word' id='word_1_129' title='bbox 807 1492 868 1525; x_wconf 87' lang='lat' dir='ltr'>Ti-</span> 
     </span>
     <span class='ocr_line' id='line_1_26' title="bbox 188 1544 871 1591; baseline -0.001 -12"><span class='ocrx_word' id='word_1_130' title='bbox 188 1546 258 1579; x_wconf 82' lang='lat' dir='ltr'>bur</span> <span class='ocrx_word' id='word_1_131' title='bbox 271 1545 423 1591; x_wconf 88' lang='lat' dir='ltr'>gelidum</span> <span class='ocrx_word' id='word_1_132' title='bbox 440 1546 654 1591; x_wconf 82' lang='lat' dir='ltr'>migraturus</span> <span class='ocrx_word' id='word_1_133' title='bbox 671 1544 764 1591; x_wconf 88' lang='lat' dir='ltr'>apud</span> <span class='ocrx_word' id='word_1_134' title='bbox 783 1546 871 1578; x_wconf 87' lang='lat' dir='ltr'>Fau-</span> 
     </span>
     <span class='ocr_line' id='line_1_27' title="bbox 190 1599 869 1644; baseline 0 -13"><span class='ocrx_word' id='word_1_135' title='bbox 190 1599 321 1632; x_wconf 85' lang='lat' dir='ltr'>stinum</span> <span class='ocrx_word' id='word_1_136' title='bbox 335 1599 484 1632; x_wconf 86' lang='lat' dir='ltr'>amicum</span> <span class='ocrx_word' id='word_1_137' title='bbox 500 1613 508 1639; x_wconf 89' lang='lat'>;</span> <span class='ocrx_word' id='word_1_138' title='bbox 522 1611 649 1644; x_wconf 84' lang='lat' dir='ltr'>nempe</span> <span class='ocrx_word' id='word_1_139' title='bbox 663 1599 723 1644; x_wconf 84' lang='lat' dir='ltr'>qui</span> <span class='ocrx_word' id='word_1_140' title='bbox 737 1599 869 1632; x_wconf 83' lang='lat' dir='ltr'>aestivas</span> 
     </span>
     <span class='ocr_line' id='line_1_28' title="bbox 190 1651 870 1697; baseline 0.003 -13"><span class='ocrx_word' id='word_1_141' title='bbox 190 1651 426 1697; x_wconf 83' lang='lat' dir='ltr'>hibernasque</span> <span class='ocrx_word' id='word_1_142' title='bbox 445 1651 543 1686; x_wconf 88' lang='lat' dir='ltr'>sedes</span> <span class='ocrx_word' id='word_1_143' title='bbox 568 1653 696 1686; x_wconf 82' lang='lat' dir='ltr'>melius</span> <span class='ocrx_word' id='word_1_144' title='bbox 723 1652 870 1686; x_wconf 80' lang='lat' dir='ltr'>callebat</span> 
     </span>
     <span class='ocr_line' id='line_1_29' title="bbox 191 1705 417 1750; baseline -0.004 -13"><span class='ocrx_word' id='word_1_145' title='bbox 191 1705 332 1750; x_wconf 78' lang='lat' dir='ltr'>eligere.</span> <span class='ocrx_word' id='word_1_146' title='bbox 349 1705 417 1737; x_wconf 83' lang='lat' dir='ltr'>En.</span> 
     </span>
    </p>

    <p class='ocr_par' dir='ltr' id='par_1_11' title="bbox 191 1756 874 2323">
     <span class='ocr_line' id='line_1_30' title="bbox 251 1756 870 1792; baseline -0.003 0"><span class='ocrx_word' id='word_1_147' title='bbox 251 1771 281 1792; x_wconf 89' lang='lat'>1.</span> <span class='ocrx_word' id='word_1_148' title='bbox 305 1759 440 1792; x_wconf 62' lang='lat' dir='ltr'>Luscini.</span> <span class='ocrx_word' id='word_1_149' title='bbox 463 1757 519 1791; x_wconf 93' lang='lat' dir='ltr'>Ob</span> <span class='ocrx_word' id='word_1_150' title='bbox 542 1756 684 1791; x_wconf 78' lang='lat' dir='ltr'>delicias</span> <span class='ocrx_word' id='word_1_151' title='bbox 707 1757 802 1791; x_wconf 86' lang='lat' dir='ltr'>lacus</span> <span class='ocrx_word' id='word_1_152' title='bbox 827 1758 870 1790; x_wconf 89' lang='lat' dir='ltr'>il-</span> 
     </span>
     <span class='ocr_line' id='line_1_31' title="bbox 191 1810 871 1853; baseline -0.001 -9"><span class='ocrx_word' id='word_1_153' title='bbox 191 1811 259 1844; x_wconf 87' lang='lat' dir='ltr'>lius</span> <span class='ocrx_word' id='word_1_154' title='bbox 283 1837 292 1853; x_wconf 90' lang='lat'>‚</span> <span class='ocrx_word' id='word_1_155' title='bbox 325 1820 359 1844; x_wconf 83' lang='lat' dir='ltr'>et</span> <span class='ocrx_word' id='word_1_156' title='bbox 397 1811 583 1844; x_wconf 89' lang='lat' dir='ltr'>hominum</span> <span class='ocrx_word' id='word_1_157' title='bbox 613 1810 871 1844; x_wconf 82' lang='lat' dir='ltr'>lascivientium</span> 
     </span>
     <span class='ocr_line' id='line_1_32' title="bbox 192 1864 871 1910; baseline -0.001 -13"><span class='ocrx_word' id='word_1_158' title='bbox 192 1864 425 1910; x_wconf 82' lang='lat' dir='ltr'>frequentiam</span> <span class='ocrx_word' id='word_1_159' title='bbox 437 1890 448 1906; x_wconf 90' lang='lat'>,</span> <span class='ocrx_word' id='word_1_160' title='bbox 462 1873 537 1898; x_wconf 90' lang='lat' dir='ltr'>tum</span> <span class='ocrx_word' id='word_1_161' title='bbox 555 1864 637 1910; x_wconf 87' lang='lat' dir='ltr'>quia</span> <span class='ocrx_word' id='word_1_162' title='bbox 652 1864 711 1896; x_wconf 85' lang='lat' dir='ltr'>illa</span> <span class='ocrx_word' id='word_1_163' title='bbox 730 1864 850 1897; x_wconf 82' lang='lat' dir='ltr'>balnea</span> <span class='ocrx_word' id='word_1_164' title='bbox 861 1889 871 1906; x_wconf 88' lang='lat'>,</span> 
     </span>
     <span class='ocr_line' id='line_1_33' title="bbox 194 1917 871 1962; baseline -0.001 -11"><span class='ocrx_word' id='word_1_165' title='bbox 194 1918 327 1951; x_wconf 84' lang='lat' dir='ltr'>Seneca</span> <span class='ocrx_word' id='word_1_166' title='bbox 348 1926 435 1951; x_wconf 84' lang='lat' dir='ltr'>teste</span> <span class='ocrx_word' id='word_1_167' title='bbox 451 1941 461 1958; x_wconf 80' lang='lat'>‚</span> <span class='ocrx_word' id='word_1_168' title='bbox 486 1917 588 1962; x_wconf 91' lang='lat' dir='ltr'>epist.</span> <span class='ocrx_word' id='word_1_169' title='bbox 612 1929 691 1951; x_wconf 76' lang='lat' dir='ltr'>Lu:</span> <span class='ocrx_word' id='word_1_170' title='bbox 714 1935 727 1947; x_wconf 88' lang='lat'>«</span> <span class='ocrx_word' id='word_1_171' title='bbox 746 1917 871 1950; x_wconf 85' lang='lat' dir='ltr'>Diver-</span> 
     </span>
     <span class='ocr_line' id='line_1_34' title="bbox 194 1970 866 2016; baseline -0.001 -12"><span class='ocrx_word' id='word_1_172' title='bbox 194 1971 326 2004; x_wconf 88' lang='lat' dir='ltr'>sorium</span> <span class='ocrx_word' id='word_1_173' title='bbox 351 1970 520 2004; x_wconf 85' lang='lat' dir='ltr'>vitiorum</span> <span class='ocrx_word' id='word_1_174' title='bbox 545 1982 617 2004; x_wconf 87' lang='lat' dir='ltr'>esse</span> <span class='ocrx_word' id='word_1_175' title='bbox 641 1978 828 2016; x_wconf 79' lang='lat' dir='ltr'>coeperant.</span> <span class='ocrx_word' id='word_1_176' title='bbox 853 1988 866 2000; x_wconf 74' lang='lat' dir='ltr'>n</span> 
     </span>
     <span class='ocr_line' id='line_1_35' title="bbox 193 2024 870 2069; baseline 0.001 -14"><span class='ocrx_word' id='word_1_177' title='bbox 193 2024 286 2058; x_wconf 79' lang='lat' dir='ltr'>Vide</span> <span class='ocrx_word' id='word_1_178' title='bbox 298 2024 359 2057; x_wconf 92' lang='lat' dir='ltr'>lib.</span> <span class='ocrx_word' id='word_1_179' title='bbox 375 2025 410 2065; x_wconf 79' lang='lat' dir='ltr'>I,</span> <span class='ocrx_word' id='word_1_180' title='bbox 424 2024 533 2069; x_wconf 86' lang='lat' dir='ltr'>epigr.</span> <span class='ocrx_word' id='word_1_181' title='bbox 548 2036 653 2058; x_wconf 78' lang='lat' dir='ltr'>Lx111.</span> <span class='ocrx_word' id='word_1_182' title='bbox 665 2045 717 2049; x_wconf 92' lang='lat'>——</span> <span class='ocrx_word' id='word_1_183' title='bbox 730 2024 870 2057; x_wconf 75' lang='lat' dir='ltr'>Lucrini.</span> 
     </span>
     <span class='ocr_line' id='line_1_36' title="bbox 194 2077 873 2111; baseline 0.001 -1"><span class='ocrx_word' id='word_1_184' title='bbox 194 2077 307 2111; x_wconf 87' lang='lat' dir='ltr'>Lacus</span> <span class='ocrx_word' id='word_1_185' title='bbox 330 2077 503 2111; x_wconf 80' lang='lat' dir='ltr'>Lucrinus</span> <span class='ocrx_word' id='word_1_186' title='bbox 530 2077 622 2110; x_wconf 88' lang='lat' dir='ltr'>inter</span> <span class='ocrx_word' id='word_1_187' title='bbox 648 2077 814 2110; x_wconf 84' lang='lat' dir='ltr'>Puteolos</span> <span class='ocrx_word' id='word_1_188' title='bbox 839 2085 873 2111; x_wconf 84' lang='lat' dir='ltr'>et</span> 
     </span>
     <span class='ocr_line' id='line_1_37' title="bbox 195 2129 873 2172; baseline 0 -9"><span class='ocrx_word' id='word_1_189' title='bbox 195 2131 320 2172; x_wconf 82' lang='lat' dir='ltr'>Baias,</span> <span class='ocrx_word' id='word_1_190' title='bbox 352 2130 437 2163; x_wconf 88' lang='lat' dir='ltr'>olim</span> <span class='ocrx_word' id='word_1_191' title='bbox 475 2130 645 2172; x_wconf 79' lang='lat' dir='ltr'>celcbris3</span> <span class='ocrx_word' id='word_1_192' title='bbox 680 2129 740 2164; x_wconf 86' lang='lat' dir='ltr'>sed</span> <span class='ocrx_word' id='word_1_193' title='bbox 771 2138 873 2164; x_wconf 85' lang='lat' dir='ltr'>terrae</span> 
     </span>
     <span class='ocr_line' id='line_1_38' title="bbox 195 2183 872 2229; baseline 0 -12"><span class='ocrx_word' id='word_1_194' title='bbox 195 2192 316 2225; x_wconf 88' lang='lat' dir='ltr'>motu,</span> <span class='ocrx_word' id='word_1_195' title='bbox 334 2196 426 2217; x_wconf 87' lang='lat' dir='ltr'>anno</span> <span class='ocrx_word' id='word_1_196' title='bbox 450 2183 544 2218; x_wconf 84' lang='lat'>1538</span> <span class='ocrx_word' id='word_1_197' title='bbox 562 2208 571 2220; x_wconf 89' lang='lat'>‚</span> <span class='ocrx_word' id='word_1_198' title='bbox 593 2184 778 2229; x_wconf 85' lang='lat' dir='ltr'>absorptus</span> <span class='ocrx_word' id='word_1_199' title='bbox 799 2192 872 2225; x_wconf 77' lang='lat' dir='ltr'>est3</span> 
     </span>
     <span class='ocr_line' id='line_1_39' title="bbox 196 2237 874 2283; baseline 0 -13"><span class='ocrx_word' id='word_1_200' title='bbox 196 2245 302 2271; x_wconf 85' lang='lat' dir='ltr'>restat</span> <span class='ocrx_word' id='word_1_201' title='bbox 323 2245 459 2270; x_wconf 85' lang='lat' dir='ltr'>tantum</span> <span class='ocrx_word' id='word_1_202' title='bbox 480 2237 592 2270; x_wconf 85' lang='lat' dir='ltr'>lutosa</span> <span class='ocrx_word' id='word_1_203' title='bbox 610 2238 731 2283; x_wconf 82' lang='lat' dir='ltr'>palus,</span> <span class='ocrx_word' id='word_1_204' title='bbox 753 2245 788 2270; x_wconf 87' lang='lat' dir='ltr'>et</span> <span class='ocrx_word' id='word_1_205' title='bbox 811 2249 874 2271; x_wconf 78' lang='lat' dir='ltr'>vo-</span> 
     </span>
     <span class='ocr_line' id='line_1_40' title="bbox 197 2290 532 2323; baseline -0.003 0"><span class='ocrx_word' id='word_1_206' title='bbox 197 2298 295 2323; x_wconf 81' lang='lat' dir='ltr'>catur</span> <span class='ocrx_word' id='word_1_207' title='bbox 312 2290 406 2323; x_wconf 61' lang='lat' dir='ltr'>sisare</span> <span class='ocrx_word' id='word_1_208' title='bbox 421 2298 532 2322; x_wconf 85' lang='lat' dir='ltr'>morto.</span> 
     </span>
    </p>

    <p class='ocr_par' dir='ltr' id='par_1_12' title="bbox 197 2342 879 2706">
     <span class='ocr_line' id='line_1_41' title="bbox 254 2342 875 2389; baseline 0 -14"><span class='ocrx_word' id='word_1_209' title='bbox 254 2355 287 2376; x_wconf 82' lang='lat'>2.</span> <span class='ocrx_word' id='word_1_210' title='bbox 309 2343 357 2375; x_wconf 85' lang='lat' dir='ltr'>Et</span> <span class='ocrx_word' id='word_1_211' title='bbox 380 2356 450 2389; x_wconf 79' lang='lat' dir='ltr'>quae</span> <span class='ocrx_word' id='word_1_212' title='bbox 474 2345 608 2388; x_wconf 82' lang='lat' dir='ltr'>puniciis</span> <span class='ocrx_word' id='word_1_213' title='bbox 628 2342 775 2386; x_wconf 79' lang='lat' dir='ltr'>fontibus</span> <span class='ocrx_word' id='word_1_214' title='bbox 799 2356 875 2376; x_wconf 73' lang='lat' dir='ltr'>arra</span> 
     </span>
     <span class='ocr_line' id='line_1_42' title="bbox 197 2395 879 2440; baseline 0.001 -12"><span class='ocrx_word' id='word_1_215' title='bbox 197 2398 306 2440; x_wconf 76' lang='lat' dir='ltr'>rigant</span> <span class='ocrx_word' id='word_1_216' title='bbox 335 2396 374 2429; x_wconf 87' lang='lat' dir='ltr'>in</span> <span class='ocrx_word' id='word_1_217' title='bbox 405 2395 614 2429; x_wconf 83' lang='lat' dir='ltr'>Beverlandi</span> <span class='ocrx_word' id='word_1_218' title='bbox 641 2395 718 2429; x_wconf 83' lang='lat' dir='ltr'>MS.</span> <span class='ocrx_word' id='word_1_219' title='bbox 747 2417 800 2422; x_wconf 89' lang='lat'>—</span> <span class='ocrx_word' id='word_1_220' title='bbox 830 2397 879 2429; x_wconf 76' lang='lat' dir='ltr'>Et</span> 
     </span>
     <span class='ocr_line' id='line_1_43' title="bbox 199 2449 873 2495; baseline 0.001 -14"><span class='ocrx_word' id='word_1_221' title='bbox 199 2462 268 2495; x_wconf 83' lang='lat' dir='ltr'>quoe</span> <span class='ocrx_word' id='word_1_222' title='bbox 280 2450 430 2493; x_wconf 81' lang='lat' dir='ltr'>pumiceis</span> <span class='ocrx_word' id='word_1_223' title='bbox 442 2476 452 2489; x_wconf 88' lang='lat'><strong><em>,</em></strong></span> <span class='ocrx_word' id='word_1_224' title='bbox 468 2457 533 2482; x_wconf 87' lang='lat' dir='ltr'>etc.</span> <span class='ocrx_word' id='word_1_225' title='bbox 547 2449 592 2482; x_wconf 91' lang='lat' dir='ltr'>Et</span> <span class='ocrx_word' id='word_1_226' title='bbox 607 2449 743 2482; x_wconf 80' lang='lat' dir='ltr'>Baianae</span> <span class='ocrx_word' id='word_1_227' title='bbox 760 2461 873 2495; x_wconf 85' lang='lat' dir='ltr'>aquae,</span> 
     </span>
     <span class='ocr_line' id='line_1_44' title="bbox 199 2500 877 2547; baseline 0.001 -13"><span class='ocrx_word' id='word_1_228' title='bbox 199 2514 276 2547; x_wconf 80' lang='lat' dir='ltr'>quae</span> <span class='ocrx_word' id='word_1_229' title='bbox 303 2501 446 2547; x_wconf 88' lang='lat' dir='ltr'>quidem</span> <span class='ocrx_word' id='word_1_230' title='bbox 477 2500 596 2536; x_wconf 75' lang='lat' dir='ltr'>calidae</span> <span class='ocrx_word' id='word_1_231' title='bbox 630 2510 734 2543; x_wconf 85' lang='lat' dir='ltr'>sunt,</span> <span class='ocrx_word' id='word_1_232' title='bbox 765 2510 877 2536; x_wconf 86' lang='lat' dir='ltr'>scatu-</span> 
     </span>
     <span class='ocr_line' id='line_1_45' title="bbox 198 2555 878 2601; baseline 0.001 -14"><span class='ocrx_word' id='word_1_233' title='bbox 198 2555 332 2588; x_wconf 85' lang='lat' dir='ltr'>rientes</span> <span class='ocrx_word' id='word_1_234' title='bbox 359 2568 377 2588; x_wconf 92' lang='lat' dir='ltr'>e</span> <span class='ocrx_word' id='word_1_235' title='bbox 408 2555 606 2600; x_wconf 88' lang='lat' dir='ltr'>pumicibus</span> <span class='ocrx_word' id='word_1_236' title='bbox 639 2555 712 2588; x_wconf 83' lang='lat' dir='ltr'>sive</span> <span class='ocrx_word' id='word_1_237' title='bbox 739 2555 878 2601; x_wconf 85' lang='lat' dir='ltr'>tophis,</span> 
     </span>
     <span class='ocr_line' id='line_1_46' title="bbox 199 2607 877 2654; baseline 0.001 -14"><span class='ocrx_word' id='word_1_238' title='bbox 199 2607 268 2641; x_wconf 89' lang='lat' dir='ltr'>hoc</span> <span class='ocrx_word' id='word_1_239' title='bbox 287 2616 353 2647; x_wconf 84' lang='lat' dir='ltr'>est,</span> <span class='ocrx_word' id='word_1_240' title='bbox 371 2607 479 2641; x_wconf 75' lang='lat' dir='ltr'>exesis</span> <span class='ocrx_word' id='word_1_241' title='bbox 492 2615 526 2641; x_wconf 92' lang='lat' dir='ltr'>et</span> <span class='ocrx_word' id='word_1_242' title='bbox 541 2608 734 2653; x_wconf 82' lang='lat' dir='ltr'>spongiosis</span> <span class='ocrx_word' id='word_1_243' title='bbox 750 2607 877 2654; x_wconf 78' lang='lat' dir='ltr'>lapidi-</span> 
     </span>
     <span class='ocr_line' id='line_1_47' title="bbox 200 2660 877 2706; baseline 0.003 -14"><span class='ocrx_word' id='word_1_244' title='bbox 200 2661 265 2694; x_wconf 73' lang='lat' dir='ltr'>bus</span> <span class='ocrx_word' id='word_1_245' title='bbox 285 2672 322 2694; x_wconf 85' lang='lat' dir='ltr'>ac</span> <span class='ocrx_word' id='word_1_246' title='bbox 344 2661 530 2706; x_wconf 85' lang='lat' dir='ltr'>speluncis.</span> <span class='ocrx_word' id='word_1_247' title='bbox 562 2661 652 2695; x_wconf 82' lang='lat' dir='ltr'>Baiae</span> <span class='ocrx_word' id='word_1_248' title='bbox 679 2660 722 2694; x_wconf 81' lang='lat' dir='ltr'>ad</span> <span class='ocrx_word' id='word_1_249' title='bbox 744 2660 877 2695; x_wconf 68' lang='lat' dir='ltr'>radices</span> 
     </span>
    </p>
   </div>
   <div class='ocr_carea' id='block_1_10' title="bbox 925 1330 1619 2695">
    <p class='ocr_par' dir='ltr' id='par_1_13' title="bbox 926 1330 1607 1478">
     <span class='ocr_line' id='line_1_48' title="bbox 927 1330 1607 1380; baseline 0.009 -16"><span class='ocrx_word' id='word_1_250' title='bbox 927 1332 1078 1371; x_wconf 74' lang='lat' dir='ltr'>montis,</span> <span class='ocrx_word' id='word_1_251' title='bbox 1108 1330 1145 1364; x_wconf 87' lang='lat' dir='ltr'>in</span> <span class='ocrx_word' id='word_1_252' title='bbox 1163 1331 1282 1366; x_wconf 88' lang='lat' dir='ltr'>littore</span> <span class='ocrx_word' id='word_1_253' title='bbox 1310 1333 1488 1380; x_wconf 83' lang='lat' dir='ltr'>Campano</span> <span class='ocrx_word' id='word_1_254' title='bbox 1509 1336 1582 1370; x_wconf 79' lang='lat' dir='ltr'>sitae</span> <span class='ocrx_word' id='word_1_255' title='bbox 1599 1364 1607 1377; x_wconf 89' lang='lat'>‚</span> 
     </span>
     <span class='ocr_line' id='line_1_49' title="bbox 927 1385 1606 1431; baseline 0.009 -13"><span class='ocrx_word' id='word_1_256' title='bbox 927 1385 1020 1418; x_wconf 85' lang='lat' dir='ltr'>inter</span> <span class='ocrx_word' id='word_1_257' title='bbox 1030 1385 1193 1419; x_wconf 85' lang='lat' dir='ltr'>Puteolos</span> <span class='ocrx_word' id='word_1_258' title='bbox 1206 1393 1239 1419; x_wconf 89' lang='lat' dir='ltr'>et</span> <span class='ocrx_word' id='word_1_259' title='bbox 1249 1386 1426 1420; x_wconf 82' lang='lat' dir='ltr'>Misenum</span> <span class='ocrx_word' id='word_1_260' title='bbox 1438 1398 1606 1431; x_wconf 81' lang='lat' dir='ltr'>montem3</span> 
     </span>
     <span class='ocr_line' id='line_1_50' title="bbox 926 1437 1561 1478; baseline 0.008 -7"><span class='ocrx_word' id='word_1_261' title='bbox 926 1437 1034 1471; x_wconf 87' lang='lat' dir='ltr'>hodie</span> <span class='ocrx_word' id='word_1_262' title='bbox 1055 1439 1156 1478; x_wconf 76' lang='lat' dir='ltr'>Baia,</span> <span class='ocrx_word' id='word_1_263' title='bbox 1178 1439 1276 1472; x_wconf 85' lang='lat' dir='ltr'>locus</span> <span class='ocrx_word' id='word_1_264' title='bbox 1294 1441 1561 1476; x_wconf 68' lang='lat' dir='ltr'>amoenissimus.</span> 
     </span>
    </p>

    <p class='ocr_par' dir='ltr' id='par_1_14' title="bbox 925 1490 1613 2436">
     <span class='ocr_line' id='line_1_51' title="bbox 983 1490 1609 1541; baseline 0.01 -18"><span class='ocrx_word' id='word_1_265' title='bbox 983 1490 1001 1523; x_wconf 86' lang='lat'>3</span> <span class='ocrx_word' id='word_1_266' title='bbox 1009 1518 1016 1525; x_wconf 97' lang='lat'>.</span> <span class='ocrx_word' id='word_1_267' title='bbox 1028 1492 1064 1525; x_wconf 88' lang='lat' dir='ltr'><em>A</em></span> <span class='ocrx_word' id='word_1_268' title='bbox 1066 1494 1147 1536; x_wconf 73' lang='lat' dir='ltr'>rgaei</span> <span class='ocrx_word' id='word_1_269' title='bbox 1158 1491 1269 1525; x_wconf 85' lang='lat' dir='ltr'>codex</span> <span class='ocrx_word' id='word_1_270' title='bbox 1286 1493 1489 1530; x_wconf 83' lang='lat' dir='ltr'>Pulmanni.</span> <span class='ocrx_word' id='word_1_271' title='bbox 1500 1497 1609 1541; x_wconf 57' lang='lat' dir='ltr'>Arg-oi</span> 
     </span>
     <span class='ocr_line' id='line_1_52' title="bbox 927 1544 1609 1590; baseline 0.009 -13"><span class='ocrx_word' id='word_1_272' title='bbox 927 1544 1066 1578; x_wconf 80' lang='lat' dir='ltr'>Thuan.</span> <span class='ocrx_word' id='word_1_273' title='bbox 1087 1545 1239 1590; x_wconf 74' lang='lat' dir='ltr'>Argolici</span> <span class='ocrx_word' id='word_1_274' title='bbox 1255 1545 1365 1580; x_wconf 85' lang='lat' dir='ltr'>codex</span> <span class='ocrx_word' id='word_1_275' title='bbox 1387 1548 1466 1581; x_wconf 82' lang='lat' dir='ltr'>Vat.</span> <span class='ocrx_word' id='word_1_276' title='bbox 1480 1551 1609 1583; x_wconf 85' lang='lat' dir='ltr'>—Ar-</span> 
     </span>
     <span class='ocr_line' id='line_1_53' title="bbox 925 1599 1608 1646; baseline 0.013 -17"><span class='ocrx_word' id='word_1_277' title='bbox 925 1600 992 1642; x_wconf 68' lang='lat' dir='ltr'>givi</span> <span class='ocrx_word' id='word_1_278' title='bbox 1011 1611 1138 1643; x_wconf 76' lang='lat' dir='ltr'>regnum</span> <span class='ocrx_word' id='word_1_279' title='bbox 1142 1624 1204 1632; x_wconf 91' lang='grc'><strong>.....</strong></span> <span class='ocrx_word' id='word_1_280' title='bbox 1217 1599 1331 1633; x_wconf 71' lang='lat' dir='ltr'>coloni.</span> <span class='ocrx_word' id='word_1_281' title='bbox 1348 1600 1404 1633; x_wconf 86' lang='lat' dir='ltr'>Sic</span> <span class='ocrx_word' id='word_1_282' title='bbox 1420 1601 1586 1638; x_wconf 82' lang='lat' dir='ltr'>Horatius</span> <span class='ocrx_word' id='word_1_283' title='bbox 1598 1631 1608 1646; x_wconf 92' lang='lat'>‚</span> 
     </span>
     <span class='ocr_line' id='line_1_54' title="bbox 926 1651 1606 1702; baseline 0.012 -19"><span class='ocrx_word' id='word_1_284' title='bbox 926 1651 988 1684; x_wconf 89' lang='lat' dir='ltr'>lib.</span> <span class='ocrx_word' id='word_1_285' title='bbox 1010 1652 1027 1684; x_wconf 93' lang='grc' dir='ltr'><strong>Ι</strong></span> <span class='ocrx_word' id='word_1_286' title='bbox 1041 1677 1049 1693; x_wconf 89' lang='grc'><em>,</em></span> <span class='ocrx_word' id='word_1_287' title='bbox 1074 1651 1133 1684; x_wconf 86' lang='lat' dir='ltr'>od.</span> <span class='ocrx_word' id='word_1_288' title='bbox 1158 1654 1178 1685; x_wconf 88' lang='lat'>6</span> <span class='ocrx_word' id='word_1_289' title='bbox 1203 1663 1212 1685; x_wconf 76' lang='grc' dir='ltr'><strong><em>ε</em></strong></span> <span class='ocrx_word' id='word_1_290' title='bbox 1243 1670 1256 1682; x_wconf 70' lang='grc' dir='ltr'>«ι</span> <span class='ocrx_word' id='word_1_291' title='bbox 1272 1653 1385 1687; x_wconf 86' lang='lat' dir='ltr'>Tibur</span> <span class='ocrx_word' id='word_1_292' title='bbox 1404 1656 1517 1700; x_wconf 84' lang='lat' dir='ltr'>Argeo</span> <span class='ocrx_word' id='word_1_293' title='bbox 1538 1669 1606 1702; x_wconf 85' lang='lat' dir='ltr'>po-</span> 
     </span>
     <span class='ocr_line' id='line_1_55' title="bbox 927 1704 1607 1744; baseline 0.01 -8"><span class='ocrx_word' id='word_1_294' title='bbox 927 1704 1033 1737; x_wconf 89' lang='lat' dir='ltr'>situm</span> <span class='ocrx_word' id='word_1_295' title='bbox 1052 1705 1194 1738; x_wconf 86' lang='lat' dir='ltr'>colono.</span> <span class='ocrx_word' id='word_1_296' title='bbox 1210 1722 1222 1734; x_wconf 80' lang='lat' dir='ltr'>n</span> <span class='ocrx_word' id='word_1_297' title='bbox 1247 1706 1288 1738; x_wconf 89' lang='lat' dir='ltr'>Iu</span> <span class='ocrx_word' id='word_1_298' title='bbox 1312 1707 1447 1741; x_wconf 89' lang='lat' dir='ltr'>Tibure</span> <span class='ocrx_word' id='word_1_299' title='bbox 1469 1710 1562 1742; x_wconf 86' lang='lat' dir='ltr'>euim</span> <span class='ocrx_word' id='word_1_300' title='bbox 1588 1723 1607 1744; x_wconf 80' lang='lat' dir='ltr'>a</span> 
     </span>
     <span class='ocr_line' id='line_1_56' title="bbox 928 1757 1607 1803; baseline 0.009 -13"><span class='ocrx_word' id='word_1_301' title='bbox 928 1769 964 1790; x_wconf 88' lang='lat' dir='ltr'>se</span> <span class='ocrx_word' id='word_1_302' title='bbox 980 1757 1123 1791; x_wconf 86' lang='lat' dir='ltr'>condito</span> <span class='ocrx_word' id='word_1_303' title='bbox 1139 1759 1298 1803; x_wconf 82' lang='lat' dir='ltr'>regnavit</span> <span class='ocrx_word' id='word_1_304' title='bbox 1309 1760 1456 1794; x_wconf 80' lang='lat' dir='ltr'>Catillus</span> <span class='ocrx_word' id='word_1_305' title='bbox 1473 1775 1492 1795; x_wconf 91' lang='lat' dir='ltr'>e</span> <span class='ocrx_word' id='word_1_306' title='bbox 1508 1763 1607 1796; x_wconf 82' lang='lat' dir='ltr'>Grae-</span> 
     </span>
     <span class='ocr_line' id='line_1_57' title="bbox 928 1810 1607 1860; baseline 0.01 -18"><span class='ocrx_word' id='word_1_307' title='bbox 928 1810 980 1843; x_wconf 80' lang='lat' dir='ltr'>cia</span> <span class='ocrx_word' id='word_1_308' title='bbox 1009 1811 1152 1844; x_wconf 81' lang='lat' dir='ltr'>veniens</span> <span class='ocrx_word' id='word_1_309' title='bbox 1176 1823 1184 1844; x_wconf 72' lang='grc' dir='ltr'><strong><em>ε</em></strong></span> <span class='ocrx_word' id='word_1_310' title='bbox 1211 1812 1277 1845; x_wconf 86' lang='lat' dir='ltr'>fuit</span> <span class='ocrx_word' id='word_1_311' title='bbox 1311 1813 1370 1846; x_wconf 85' lang='lat' dir='ltr'>ille</span> <span class='ocrx_word' id='word_1_312' title='bbox 1403 1815 1607 1860; x_wconf 78' lang='lat' dir='ltr'>Amphiarai</span> 
     </span>
     <span class='ocr_line' id='line_1_58' title="bbox 929 1863 1607 1910; baseline 0.01 -14"><span class='ocrx_word' id='word_1_313' title='bbox 929 1863 1021 1897; x_wconf 87' lang='lat' dir='ltr'>filius</span> <span class='ocrx_word' id='word_1_314' title='bbox 1035 1889 1043 1904; x_wconf 94' lang='lat'>‚</span> <span class='ocrx_word' id='word_1_315' title='bbox 1061 1872 1199 1910; x_wconf 82' lang='lat' dir='ltr'>tresque</span> <span class='ocrx_word' id='word_1_316' title='bbox 1212 1864 1302 1898; x_wconf 85' lang='lat' dir='ltr'>filios</span> <span class='ocrx_word' id='word_1_317' title='bbox 1317 1866 1353 1899; x_wconf 89' lang='lat' dir='ltr'>iu</span> <span class='ocrx_word' id='word_1_318' title='bbox 1374 1867 1472 1900; x_wconf 78' lang='lat' dir='ltr'>Italia</span> <span class='ocrx_word' id='word_1_319' title='bbox 1491 1882 1607 1903; x_wconf 84' lang='lat' dir='ltr'>susce-</span> 
     </span>
     <span class='ocr_line' id='line_1_59' title="bbox 929 1917 1607 1965; baseline 0.012 -17"><span class='ocrx_word' id='word_1_320' title='bbox 929 1917 1000 1962; x_wconf 88' lang='lat' dir='ltr'>pit,</span> <span class='ocrx_word' id='word_1_321' title='bbox 1023 1917 1214 1950; x_wconf 88' lang='lat' dir='ltr'>Tiburtum</span> <span class='ocrx_word' id='word_1_322' title='bbox 1228 1942 1238 1958; x_wconf 92' lang='lat'>,</span> <span class='ocrx_word' id='word_1_323' title='bbox 1260 1931 1278 1951; x_wconf 87' lang='lat' dir='ltr'>a</span> <span class='ocrx_word' id='word_1_324' title='bbox 1299 1932 1370 1965; x_wconf 88' lang='lat' dir='ltr'>quo</span> <span class='ocrx_word' id='word_1_325' title='bbox 1390 1933 1519 1954; x_wconf 86' lang='lat' dir='ltr'>nomen</span> <span class='ocrx_word' id='word_1_326' title='bbox 1545 1924 1607 1956; x_wconf 78' lang='lat' dir='ltr'>Ti-</span> 
     </span>
     <span class='ocr_line' id='line_1_60' title="bbox 929 1970 1609 2013; baseline 0.009 -11"><span class='ocrx_word' id='word_1_327' title='bbox 929 1970 1081 2003; x_wconf 83' lang='lat' dir='ltr'>burtinae</span> <span class='ocrx_word' id='word_1_328' title='bbox 1101 1971 1179 2003; x_wconf 83' lang='lat' dir='ltr'>urbi</span> <span class='ocrx_word' id='word_1_329' title='bbox 1196 1971 1297 2013; x_wconf 87' lang='lat' dir='ltr'>fecit,</span> <span class='ocrx_word' id='word_1_330' title='bbox 1319 1973 1445 2006; x_wconf 85' lang='lat' dir='ltr'>Coram</span> <span class='ocrx_word' id='word_1_331' title='bbox 1461 1987 1521 2008; x_wconf 87' lang='lat' dir='ltr'>seu</span> <span class='ocrx_word' id='word_1_332' title='bbox 1539 1977 1609 2010; x_wconf 86' lang='lat' dir='ltr'>Co-</span> 
     </span>
     <span class='ocr_line' id='line_1_61' title="bbox 929 2023 1609 2065; baseline 0.013 -10"><span class='ocrx_word' id='word_1_333' title='bbox 929 2035 1044 2056; x_wconf 88' lang='lat' dir='ltr'>racem</span> <span class='ocrx_word' id='word_1_334' title='bbox 1056 2049 1065 2065; x_wconf 81' lang='lat'>,</span> <span class='ocrx_word' id='word_1_335' title='bbox 1077 2032 1111 2056; x_wconf 88' lang='lat' dir='ltr'>et</span> <span class='ocrx_word' id='word_1_336' title='bbox 1124 2023 1301 2058; x_wconf 81' lang='lat' dir='ltr'>Catillum.</span> <span class='ocrx_word' id='word_1_337' title='bbox 1317 2025 1402 2059; x_wconf 74' lang='lat' dir='ltr'>Vid.</span> <span class='ocrx_word' id='word_1_338' title='bbox 1422 2027 1505 2061; x_wconf 82' lang='lat' dir='ltr'>Stat.</span> <span class='ocrx_word' id='word_1_339' title='bbox 1525 2029 1609 2065; x_wconf 70' lang='lat' dir='ltr'>Silv.</span> 
     </span>
     <span class='ocr_line' id='line_1_62' title="bbox 930 2076 1611 2118; baseline 0.013 -10"><span class='ocrx_word' id='word_1_340' title='bbox 930 2076 992 2110; x_wconf 88' lang='lat' dir='ltr'>lib.</span> <span class='ocrx_word' id='word_1_341' title='bbox 1010 2078 1046 2117; x_wconf 92' lang='lat' dir='ltr'>I,</span> <span class='ocrx_word' id='word_1_342' title='bbox 1072 2077 1108 2109; x_wconf 85' lang='lat' dir='ltr'>in</span> <span class='ocrx_word' id='word_1_343' title='bbox 1128 2077 1318 2111; x_wconf 85' lang='lat' dir='ltr'>Tiburtino</span> <span class='ocrx_word' id='word_1_344' title='bbox 1335 2079 1471 2114; x_wconf 82' lang='lat' dir='ltr'>Manlii.</span> <span class='ocrx_word' id='word_1_345' title='bbox 1497 2082 1611 2118; x_wconf 89' lang='lat' dir='ltr'>Tibur</span> 
     </span>
     <span class='ocr_line' id='line_1_63' title="bbox 931 2131 1611 2172; baseline 0.013 -10"><span class='ocrx_word' id='word_1_346' title='bbox 931 2142 1031 2163; x_wconf 88' lang='lat' dir='ltr'>nunc</span> <span class='ocrx_word' id='word_1_347' title='bbox 1065 2139 1117 2164; x_wconf 86' lang='lat' dir='ltr'>est</span> <span class='ocrx_word' id='word_1_348' title='bbox 1147 2131 1260 2164; x_wconf 64' lang='lat' dir='ltr'>Tivolc&#39;.</span> <span class='ocrx_word' id='word_1_349' title='bbox 1289 2152 1344 2158; x_wconf 86' lang='lat'><strong>—</strong></span> <span class='ocrx_word' id='word_1_350' title='bbox 1372 2133 1498 2167; x_wconf 78' lang='lat' dir='ltr'>Coloni.</span> <span class='ocrx_word' id='word_1_351' title='bbox 1529 2136 1611 2172; x_wconf 87' lang='lat' dir='ltr'>Non</span> 
     </span>
     <span class='ocr_line' id='line_1_64' title="bbox 931 2183 1612 2232; baseline 0.009 -16"><span class='ocrx_word' id='word_1_352' title='bbox 931 2183 990 2216; x_wconf 83' lang='lat' dir='ltr'>hic</span> <span class='ocrx_word' id='word_1_353' title='bbox 1016 2184 1166 2217; x_wconf 85' lang='lat' dir='ltr'>sumitur</span> <span class='ocrx_word' id='word_1_354' title='bbox 1195 2185 1322 2217; x_wconf 76' lang='lat' dir='ltr'>colonus</span> <span class='ocrx_word' id='word_1_355' title='bbox 1349 2199 1414 2231; x_wconf 86' lang='lat' dir='ltr'>pro</span> <span class='ocrx_word' id='word_1_356' title='bbox 1442 2190 1585 2232; x_wconf 74' lang='lat' dir='ltr'>agricola</span> <span class='ocrx_word' id='word_1_357' title='bbox 1600 2205 1612 2230; x_wconf 86' lang='lat'>,-</span> 
     </span>
     <span class='ocr_line' id='line_1_65' title="bbox 932 2235 1611 2285; baseline 0.009 -15"><span class='ocrx_word' id='word_1_358' title='bbox 932 2235 993 2270; x_wconf 87' lang='lat' dir='ltr'>sed</span> <span class='ocrx_word' id='word_1_359' title='bbox 1006 2236 1188 2270; x_wconf 86' lang='lat' dir='ltr'>hominem</span> <span class='ocrx_word' id='word_1_360' title='bbox 1203 2237 1384 2282; x_wconf 81' lang='lat' dir='ltr'>significat,</span> <span class='ocrx_word' id='word_1_361' title='bbox 1399 2241 1461 2285; x_wconf 85' lang='lat' dir='ltr'>qui</span> <span class='ocrx_word' id='word_1_362' title='bbox 1476 2254 1516 2274; x_wconf 86' lang='lat' dir='ltr'>ex</span> <span class='ocrx_word' id='word_1_363' title='bbox 1532 2243 1611 2276; x_wconf 83' lang='lat' dir='ltr'>lon·</span> 
     </span>
     <span class='ocr_line' id='line_1_66' title="bbox 932 2289 1612 2335; baseline 0.013 -14"><span class='ocrx_word' id='word_1_364' title='bbox 932 2289 1062 2335; x_wconf 83' lang='lat' dir='ltr'>ginqua</span> <span class='ocrx_word' id='word_1_365' title='bbox 1078 2290 1220 2335; x_wconf 83' lang='lat' dir='ltr'>regione</span> <span class='ocrx_word' id='word_1_366' title='bbox 1234 2291 1332 2324; x_wconf 79' lang='lat' dir='ltr'>venit</span> <span class='ocrx_word' id='word_1_367' title='bbox 1347 2291 1390 2324; x_wconf 84' lang='lat' dir='ltr'>ad</span> <span class='ocrx_word' id='word_1_368' title='bbox 1411 2294 1529 2328; x_wconf 89' lang='lat' dir='ltr'>locum</span> <span class='ocrx_word' id='word_1_369' title='bbox 1549 2297 1612 2330; x_wconf 78' lang='lat' dir='ltr'>ali-</span> 
     </span>
     <span class='ocr_line' id='line_1_67' title="bbox 934 2342 1613 2390; baseline 0.013 -15"><span class='ocrx_word' id='word_1_370' title='bbox 934 2355 1039 2388; x_wconf 85' lang='lat' dir='ltr'>quem</span> <span class='ocrx_word' id='word_1_371' title='bbox 1063 2342 1314 2380; x_wconf 85' lang='lat' dir='ltr'>incolendum,</span> <span class='ocrx_word' id='word_1_372' title='bbox 1339 2353 1373 2378; x_wconf 84' lang='lat' dir='ltr'>et</span> <span class='ocrx_word' id='word_1_373' title='bbox 1390 2346 1513 2390; x_wconf 82' lang='lat' dir='ltr'>gallico</span> <span class='ocrx_word' id='word_1_374' title='bbox 1541 2362 1613 2384; x_wconf 81' lang='lat' dir='ltr'>ser-</span> 
     </span>
     <span class='ocr_line' id='line_1_68' title="bbox 937 2396 1272 2436; baseline 0.003 -8"><span class='ocrx_word' id='word_1_375' title='bbox 937 2408 1043 2428; x_wconf 89' lang='lat' dir='ltr'>mone</span> <span class='ocrx_word' id='word_1_376' title='bbox 1055 2421 1064 2436; x_wconf 93' lang='lat'>,</span> <span class='ocrx_word' id='word_1_377' title='bbox 1086 2396 1185 2428; x_wconf 77' lang='lat' dir='ltr'>colon.</span> <span class='ocrx_word' id='word_1_378' title='bbox 1203 2396 1272 2429; x_wconf 83' lang='lat' dir='ltr'>Eo.</span> 
     </span>
    </p>

    <p class='ocr_par' dir='ltr' id='par_1_15' title="bbox 937 2449 1619 2695">
     <span class='ocr_line' id='line_1_69' title="bbox 992 2449 1615 2497; baseline 0.018 -18"><span class='ocrx_word' id='word_1_379' title='bbox 992 2452 1027 2490; x_wconf 78' lang='grc'>4.</span> <span class='ocrx_word' id='word_1_380' title='bbox 1051 2449 1123 2493; x_wconf 81' lang='lat' dir='ltr'>Quo</span> <span class='ocrx_word' id='word_1_381' title='bbox 1145 2458 1174 2481; x_wconf 84' lang='lat' dir='ltr'>te</span> <span class='ocrx_word' id='word_1_382' title='bbox 1197 2449 1243 2482; x_wconf 78' lang='lat' dir='ltr'>bis</span> <span class='ocrx_word' id='word_1_383' title='bbox 1261 2449 1416 2493; x_wconf 78' lang='lat' dir='ltr'>decimus,</span> <span class='ocrx_word' id='word_1_384' title='bbox 1439 2462 1504 2488; x_wconf 84' lang='lat' dir='ltr'>etc..</span> <span class='ocrx_word' id='word_1_385' title='bbox 1528 2456 1615 2497; x_wconf 70' lang='lat' dir='ltr'>Qum</span> 
     </span>
     <span class='ocr_line' id='line_1_70' title="bbox 938 2501 1614 2542; baseline 0.013 -8"><span class='ocrx_word' id='word_1_386' title='bbox 938 2509 997 2535; x_wconf 84' lang='lat' dir='ltr'>tua</span> <span class='ocrx_word' id='word_1_387' title='bbox 1016 2501 1097 2534; x_wconf 78' lang='lat' dir='ltr'>villa</span> <span class='ocrx_word' id='word_1_388' title='bbox 1117 2503 1305 2536; x_wconf 83' lang='lat' dir='ltr'>Tiburtina</span> <span class='ocrx_word' id='word_1_389' title='bbox 1334 2503 1438 2540; x_wconf 79' lang='lat' dir='ltr'>distat</span> <span class='ocrx_word' id='word_1_390' title='bbox 1462 2509 1504 2540; x_wconf 76' lang='lat' dir='ltr'>ab</span> <span class='ocrx_word' id='word_1_391' title='bbox 1526 2510 1614 2542; x_wconf 76' lang='lat' dir='ltr'>urbe</span> 
     </span>
     <span class='ocr_line' id='line_1_71' title="bbox 937 2554 1619 2608; baseline 0.015 -22"><span class='ocrx_word' id='word_1_392' title='bbox 937 2554 1062 2599; x_wconf 72' lang='lat' dir='ltr'>viginti</span> <span class='ocrx_word' id='word_1_393' title='bbox 1079 2555 1230 2589; x_wconf 87' lang='lat' dir='ltr'>millibus</span> <span class='ocrx_word' id='word_1_394' title='bbox 1251 2569 1426 2602; x_wconf 79' lang='lat' dir='ltr'>passuum.</span> <span class='ocrx_word' id='word_1_395' title='bbox 1449 2560 1526 2595; x_wconf 82' lang='lat' dir='ltr'>Hoc</span> <span class='ocrx_word' id='word_1_396' title='bbox 1542 2575 1619 2608; x_wconf 78' lang='lat' dir='ltr'>spa-</span> 
     </span>
     <span class='ocr_line' id='line_1_72' title="bbox 938 2608 1615 2656; baseline 0.01 -14"><span class='ocrx_word' id='word_1_397' title='bbox 938 2608 1029 2642; x_wconf 83' lang='lat' dir='ltr'>tium</span> <span class='ocrx_word' id='word_1_398' title='bbox 1050 2616 1102 2641; x_wconf 86' lang='lat' dir='ltr'>est</span> <span class='ocrx_word' id='word_1_399' title='bbox 1121 2608 1301 2644; x_wconf 76' lang='lat' dir='ltr'>leucarum</span> <span class='ocrx_word' id='word_1_400' title='bbox 1327 2612 1527 2656; x_wconf 83' lang='lat' dir='ltr'>gallicarum</span> <span class='ocrx_word' id='word_1_401' title='bbox 1556 2616 1615 2649; x_wconf 78' lang='lat' dir='ltr'>ad-</span> 
     </span>
     <span class='ocr_line' id='line_1_73' title="bbox 938 2659 1194 2695; baseline 0.004 -1"><span class='ocrx_word' id='word_1_402' title='bbox 938 2659 1082 2694; x_wconf 73' lang='lat' dir='ltr'>modum</span> <span class='ocrx_word' id='word_1_403' title='bbox 1105 2670 1194 2695; x_wconf 83' lang='lat' dir='ltr'>octo.</span> 
     </span>
    </p>
   </div>
  </div>
 </body>
</html>
