2061 3288
388 191 827 237 TESTIMONIA
871 190 959 232 DE
998 188 1382 231 MARTIALE.
1513 201 1595 231 mn

439 295 515 334 Sed
532 308 580 332 ne
597 303 769 344 tempore
785 306 862 329 non
882 300 946 329 tuo
964 290 1145 328 disertam

442 357 572 394 Pulses
591 355 698 393 ebria
710 356 867 405 januam
882 383 890 400 ‚
907 353 1047 390 videto.

442 421 560 455 Totas
576 418 642 454 dat
660 417 801 453 tetricae
818 416 898 453 dies
914 415 1099 452 Minervae
1113 444 1122 461 ,

423 482 543 525 xDum
564 489 716 516 centum
737 478 863 515 studet
881 476 1038 513 auribus
1054 477 1224 513 virorum

443 545 548 588 Hoc,
566 541 670 592 quod
692 542 829 577 saecula
846 539 1068 591 posterique
1088 539 1235 589 possint

442 604 600 654 Arpinis
618 616 773 653 quoque
793 614 1017 651 comparare
1034 601 1186 637 chartis.

444 670 554 706 Seras
573 667 690 704 tutior
707 665 779 703 ibis
796 665 843 703 ad
862 666 1036 702 lucernas
1052 679 1059 700 ε

444 732 535 767 Haec
554 729 650 766 hora
672 737 729 765 est
750 738 834 774 tua,
855 740 974 778 quum
994 725 1086 762 furit
1102 728 1236 774 Lyaeus
1249 753 1257 768 ‚

443 795 572 839 Quum
595 799 726 842 regnat
746 803 850 836 rosa,
869 801 987 839 quum
1012 788 1168 825 madent
1184 786 1311 836 capilli
1328 801 1334 821 :

447 856 556 890 Tunc
575 867 634 891 me
651 853 712 890 vel
733 851 845 903 rigidi
863 852 987 901 legant
1005 852 1179 887 Catones.

183 968 402 1011 Meritone
423 984 546 1022 eum,
564 969 636 1028 qui
659 967 744 1011 hoc
764 965 818 1009 de
836 982 906 1009 me
927 965 1122 1025 scripsit,
1144 972 1186 1006 et
1210 972 1315 1005 tune
1338 960 1480 1004 dimisi
1499 961 1602 1003 ami-

183 1039 376 1093 cissime,
397 1048 441 1082 et
459 1055 577 1083 nunc
590 1075 601 1094 ,
618 1048 667 1082 ut
686 1038 997 1081 amicissimum
1014 1070 1024 1086 ,
1050 1034 1308 1079 defunctum
1332 1049 1424 1076 esse
1444 1030 1571 1075 doleo
1591 1030 1608 1073 ἶ)

184 1109 321 1154 Dedit
356 1110 471 1153 enim
502 1109 608 1153 mihi
642 1118 855 1170 quantum
884 1108 1073 1151 maxime
1104 1106 1248 1167 potuit
1272 1122 1280 1146 .·
1305 1104 1488 1147 daturus
1515 1120 1585 1146 am

185 1179 299 1241 plius
317 1216 328 1237 ‚
350 1181 383 1224 si
404 1181 627 1241 potuisset.
652 1180 843 1223 Tametsi
865 1178 970 1239 quid
991 1178 1158 1221 homini
1180 1185 1323 1237 potest
1349 1174 1442 1218 dari
1468 1174 1606 1234 majus

185 1267 317 1311 quam
346 1250 485 1312 gloria
503 1286 514 1305 ‚
542 1250 654 1305 laus,
685 1261 728 1294 et
757 1248 1010 1294 aeternitas?
1039 1251 1096 1292 At
1131 1265 1221 1291 non
1256 1256 1386 1290 erunt
1422 1255 1608 1297 aeterna‚

185 1339 281 1383 quae
303 1320 499 1383 scripsit?
518 1321 620 1365 Non
647 1331 775 1365 erunt
802 1320 985 1363 fortasse
1005 1337 1012 1361 τ
1036 1319 1107 1363 ille
1124 1328 1272 1361 tamen
1294 1318 1465 1378 scripsit
1480 1353 1490 1368 ,
1514 1326 1608 1359 tan·

187 1409 317 1453 quam
347 1393 507 1437 futura.
543 1392 666 1436 Vale.

188 1546 343 1590 AElc'us
373 1548 648 1607 Spartianus
663 1581 674 1599 ‚
701 1548 747 1588 m
778 1547 826 1588 L.
859 1546 1055 1588 (l'esiom'z'
1085 1541 1342 1594 Commodi,
1379 1543 1469 1583 sive
1498 1540 1616 1583 sElic'

781 1618 891 1659 Veri
913 1618 1022 1659 vita.

260 1756 383 1800 Idem
409 1756 556 1799 Ovidii
579 1756 712 1800 libros
745 1758 954 1799 Amorum
984 1756 1027 1797 in
1053 1753 1165 1797 lecto
1187 1769 1361 1813 semper
1381 1751 1612 1806 habuisse3

191 1827 304 1871 idem
320 1827 568 1871 Martialem
587 1827 1010 1888 Epigrammaticum
1034 1834 1208 1885 poetam
1230 1822 1463 1884 Virgilium
1486 1838 1612 1866 suum

193 1898 348 1943 dixisse
365 1935 375 1955 ,
402 1898 552 1942 fertur.

320 2050 472 2094 AElz'us
492 2049 780 2112 Lampridilcs
795 2085 806 2103 ,
835 2053 880 2092 in
906 2047 1170 2092 Alexandri
1194 2050 1344 2090 Severi
1363 2047 1474 2088 vita.

268 2191 484 2250 Leporem
507 2190 701 2250 quotidie
724 2189 902 2244 habuit,
922 2189 1201 2232 venationem
1222 2186 1495 2246 frequentem
1510 2219 1521 2238 ,
1544 2184 1615 2227 sed

198 2276 293 2304 eam
324 2277 424 2304 eum
457 2262 605 2304 amicis
633 2261 882 2315 dividebat,
915 2269 958 2304 et
991 2259 1058 2302 his
1096 2258 1283 2302 maxime
1317 2273 1426 2317 quos
1458 2255 1622 2299 sciebat

197 2348 275 2392 per
313 2348 357 2375 se
389 2348 479 2375 non
503 2331 678 2375 habere.
710 2332 805 2375 Nee
835 2331 1042 2374 divitibus
1068 2330 1302 2390 quicquam
1336 2326 1487 2370 talium
1518 2343 1621 2369 mu-

198 2419 351 2446 nerum
379 2403 518 2457 misit,
543 2402 617 2446 sed
646 2402 701 2445 ab
730 2403 796 2446 his
826 2418 998 2462 semper
1028 2401 1210 2461 accepit.
1239 2401 1295 2443 Et
1320 2398 1435 2459 quod
1460 2396 1529 2441 ille
1556 2397 1617 2440 le-

200 2490 352 2534 porem
383 2473 575 2534 quotidie
609 2473 817 2524 liaberet,
845 2472 970 2531 jocus
1003 2473 1199 2532 poeticus
1230 2471 1429 2522 emersit,
1459 2468 1622 2512 idcirco

199 2544 316 2604 quod
348 2544 471 2588 multi
506 2554 670 2605 septem
710 2543 860 2588 dicbus
900 2542 1106 2603 pulchros
1140 2559 1232 2586 esse
1263 2541 1417 2585 dicunt
1449 2556 1522 2584 eos
1552 2541 1626 2600 qui

200 2614 391 2676 leporem
416 2615 708 2669 comederint,
730 2625 778 2658 ut
800 2614 1010 2659 Martialis
1035 2615 1177 2675 Coqui
1199 2614 1468 2674 epigramma
1494 2612 1625 2670 signi-

1326 2692 1378 2744 d}
