2061 3288
546 201 608 242 M.
636 200 778 243 VAL.
817 200 1208 246 MARTIALIS
1405 221 1584 252 Lxxxni

169 300 266 335 cata
288 306 312 333 a
332 287 575 350 scaligero,
607 286 810 332 laudatur
831 297 871 331 et
902 288 943 330 in
973 287 1125 332 caelum
1155 289 1341 334 effertur
1370 308 1394 335 a
1425 296 1589 340 Casau-

170 362 310 414 bono,
342 360 416 404 sed
439 360 595 403 merito
623 358 932 419 perstringitur
955 374 980 402 a
1003 361 1230 421 Monnoyo
1256 362 1300 404 in
1316 363 1591 426 Menagianis

170 442 199 476 t.
225 449 238 476 1
254 467 266 487 .,
288 449 328 493 p.
355 428 453 476 325
470 457 538 462 ——
555 427 679 482 336,
705 428 772 472 ed.
796 430 928 473 Paris.
953 431 1122 475 Inserta
1150 433 1281 476 etiam
1310 436 1590 495 reperiuntur

170 503 262 547 haec
289 503 619 563 Epigrammata
644 502 686 544 in
716 500 880 560 majore
910 499 1100 545 editione
1126 503 1321 547 Parisina
1351 505 1562 552 Martialis
1579 544 1591 563 ‚

169 590 270 618 cum
288 573 379 617 aliis
393 571 585 633 ejusdem
604 571 1007 633 Epigrammatibus
1027 588 1052 616 a
1066 575 1221 617 Franc.
1239 575 1427 621 Morello
1450 586 1589 623 trans-

169 643 295 688 latis.¹
329 645 501 704 Nempe
531 652 575 687 et
601 642 813 687 Morellus
838 642 926 703 jam
958 653 1057 687 ante
1090 644 1360 706 Scaligerum
1390 648 1589 708 quaedam

169 714 382 759 Martialis
413 729 552 776 graece
574 723 790 768 verterat,
815 714 1048 775 separatim
1079 714 1135 758 ab
1165 716 1261 776 ipso
1298 716 1468 763 duabus
1498 719 1590 780 pla-

170 786 283 848 gulis
311 785 427 830 edita
455 785 569 829 circa
605 802 704 828 ann.
736 783 879 830 1600.
898 784 981 828 Sed
1003 785 1115 829 male
1137 787 1295 831 omissa
1318 799 1419 833 sunt
1438 800 1591 835 aucto-

170 875 267 901 rum
291 857 467 902 nomina
489 856 533 899 in
554 855 742 899 editione
763 855 1004 900 Parisiensi.
1027 857 1240 901 Pauciora
1260 859 1591 921 Epigrammata

170 928 319 972 itidem
343 929 386 971 in
410 943 657 972 sermonem
681 928 885 971 Graecum
909 927 1227 972 transtulerunt
1247 930 1399 975 Dousa
1425 932 1591 992 major,

169 1001 325 1044 Eman.
352 999 592 1054 Martinus,
613 998 844 1059 Menagius
860 1033 871 1053 ,
894 996 976 1041 alii.

240 1070 451 1114 Hadriani
477 1068 733 1114 Beverlandi
756 1078 869 1113 notae
897 1068 1069 1112 ineditae
1088 1069 1143 1113 ad
1164 1070 1413 1115 Martialem
1441 1082 1484 1117 et
1508 1076 1532 1118 J
1537 1091 1591 1118 u-

171 1141 368 1186 venalem
396 1141 519 1185 MSS.
549 1149 851 1184 memorantur
878 1139 920 1183 in
946 1139 1142 1184 Novellis
1170 1142 1370 1203 Reipubl.
1393 1141 1592 1189 literaria}

170 1229 238 1256 an.
274 1214 424 1273 1699,
443 1221 475 1255 t.
512 1228 552 1265 1,
583 1228 623 1272 p.
649 1210 763 1265 468.
786 1210 946 1254 Nescio
974 1227 1103 1271 quem
1129 1212 1344 1257 Martialis
1375 1215 1591 1276 interpre-

170 1293 257 1327 tem
281 1283 393 1326 ridet
421 1282 624 1326 Barthius
643 1281 699 1324 ad
716 1282 924 1335 Statium,
941 1291 969 1324 t.
1000 1297 1014 1324 1
1029 1316 1040 1334 ‚
1067 1298 1108 1342 p.
1133 1281 1247 1343 473.
1268 1284 1516 1329 Marcilium
1538 1302 1591 1330 an

171 1352 464 1398 Scriverium?
484 1353 557 1413 qui
577 1351 796 1412 Scaligero
816 1352 859 1394 in
882 1351 1086 1412 Epistolis
1107 1352 1267 1396 dicitur
1288 1355 1500 1400 Lentulus
1514 1393 1525 1404 ,
1552 1367 1596 1401 et

172 1426 216 1468 in
234 1442 322 1486 quo
339 1423 446 1468 nihil
468 1423 631 1477 ornati⁷
652 1421 758 1466 nihil
780 1421 884 1465 culti
907 1423 1087 1483 reperiri
1109 1424 1168 1466 ait
1185 1424 1436 1470 Holstenius
1456 1411 1593 1488 Epist.

171 1495 226 1539 ad
258 1494 630 1540 Elmenhorstium
658 1488 789 1554 (post
815 1488 1066 1547 Gudianas>
1104 1511 1145 1554 p.
1174 1510 1288 1555 920.
1324 1495 1520 1542 Salmasii
1554 1509 1598 1543 et

171 1567 469 1611 IsaaciVossii
499 1564 760 1609 editionibus
788 1563 877 1607 fata
908 1563 1223 1608 intercessere.²

245 1811 460 1855 Recensui
496 1808 748 1853 Editionum
779 1806 1043 1868 praecedenti
1068 1823 1208 1868 pauca
1235 1807 1289 1852 de
1319 1826 1441 1854 more
1465 1811 1597 1872 subji-

174 1883 313 1926 cimus
331 1917 342 1933 ‚
375 1897 470 1942 quae
498 1878 566 1923 vel
597 1895 622 1923 a
649 1878 894 1939 Bipontinis
922 1879 1213 1938 praetermissa
1244 1889 1370 1935 sunt,
1398 1880 1467 1924 vel
1499 1892 1599 1942 post

175 1952 420 1997 Martialem
453 1951 508 1994 ab
538 1951 588 1994 iis
616 1949 780 1993 editum
812 1948 1027 2009 prodiere.

245 2024 308 2066 M.
328 2025 380 2067 V.
408 2020 645 2075 Martialis,
677 2021 768 2063 sine
793 2006 910 2063 anno
930 2051 940 2071 ,
977 2018 1074 2062 loco
1096 2054 1107 2073 ,
1138 2028 1181 2062 et
1215 2021 1392 2064 nomine
1421 2022 1599 2067 editoris

176 2104 251 2139 aut
272 2092 558 2155 typographi,
582 2093 624 2146 [2.
647 2089 754 2135 Bibl.
774 2090 1088 2151 Spenceriana‚
1119 2088 1203 2132 vol.
1228 2105 1262 2134 11
1278 2125 1290 2145 ,
1311 2107 1351 2150 p.
1383 2108 1397 2135 1
1413 2090 1488 2153 75.

235 2231 264 2251 1.
287 2217 335 2249 La
357 2214 530 2261 premiere
551 2212 685 2247 edition
706 2212 750 2246 de
768 2213 800 2245 la
820 2211 1023 2246 traduction
1043 2223 1196 2256 grecque
1221 2210 1281 2244 des
1302 2213 1532 2258 epigramm&
1554 2215 1598 2250 de

182 2270 321 2304 Martia!
336 2282 398 2314 par
410 2269 480 2301 Jos.
500 2266 663 2311 Scaliger,
680 2273 784 2312 parnt
799 2278 879 2299 sous
897 2277 937 2298 ce
954 2265 1034 2297 titre
1053 2276 1060 2297 ι
1083 2264 1295 2309 Anthologia
1318 2267 1597 2311 epigrammaton

184 2322 354 2357 Martialis
370 2323 442 2354 Jos.
466 2320 616 2364 Scaliger
632 2319 706 2352 Jul.
727 2319 812 2352 Caes.
837 2318 876 2351 F.
896 2318 1003 2351 vertit
1025 2329 1144 2362 graece.
1170 2317 1294 2350 Petrus
1315 2318 1510 2354 Scriverius
1537 2334 1601 2367 pu-

183 2377 336 2410 blicavit.
352 2373 544 2408 E.rcudebat
562 2371 718 2418 Guyotius
735 2373 814 2418 (ipis
829 2371 1092 2415 Raplzelengicmis
1109 2367 1232 2414 (Lugd.
1252 2371 1370 2405 Batav.
1389 2386 1442 2406 seu
1455 2374 1598 2408 Antaei·-

180 2425 289 2476 pice),
324 2428 439 2466 1603,
462 2426 588 2465 ill-12,
618 2437 699 2470 voy.
730 2425 762 2456 le
793 2424 902 2457 Catal.
928 2422 971 2456 de
999 2424 1029 2455 la
1055 2423 1302 2468 Bibliotheque
1331 2424 1414 2459 d'un
1444 2436 1599 2462 amatem-

184 2482 256 2520 (M.
279 2477 498 2519 Renouard).
523 2479 634 2517 Paris,
672 2479 787 2519 1819,
809 2485 833 2510 t.
855 2491 873 2509 2
889 2503 897 2517 ‚
918 2489 953 2521 p.
981 2488 1064 2519 297.
1096 2476 1144 2508 Le
1174 2477 1321 2509 Lecteur
1350 2486 1513 2513 trouvera
1541 2494 1597 2515 ces

186 2536 389 2569 differentes
406 2532 622 2566 traductions
640 2542 805 2575 grecques
824 2529 909 2562 dans
929 2537 1017 2561 cette
1038 2527 1234 2562 edition-ci.
1257 2530 1295 2562 B.

241 2602 272 2621 a.
294 2588 324 2620 Il
345 2587 450 2620 existe
469 2597 537 2618 une
559 2582 755 2616 traduczion
778 2581 826 2615 (lu
848 2583 937 2614 livre
962 2581 1023 2614 des
1043 2581 1252 2626 Spectat-les,
1276 2595 1318 2615 en
1342 2584 1518 2628 polonais,
1536 2599 1597 2631 par

188 2640 318 2686 Joseph
337 2638 597 2674 Minazewiscz,
617 2636 788 2668 Varsovie
803 2658 811 2667 .
838 2634 934 2679 1759
949 2661 957 2673 ‚
973 2628 1064 2673 in-J‘ff
1081 2643 1114 2666 et
1140 2637 1236 2678 17(ῐὸ
1252 2657 1261 2671 ,
1284 2630 1388 2669 in-8‘'.
1411 2638 1449 2669 B.

1316 2706 1354 2748 f.
