2061 3288
431 249 1027 295 EPIGRAMMATUM
1065 249 1191 292 L1B.
1229 248 1292 291 II.

148 339 266 374 statim
286 351 324 373 ac
345 338 467 371 factam
487 337 552 370 sibi
573 349 706 370 coenam
730 335 828 369 audi·

150 393 202 426 vit
220 392 336 426 tacuit.
361 409 373 420 »-
396 391 548 423 Ramires.
568 409 621 417 —-
634 390 708 423 Hoc
726 389 827 422 volui.

151 446 270 478 Verba
292 453 371 478 sunt
397 443 588 481 recitatoris
609 443 664 476 vel
689 441 830 489 patroni

151 497 395 544 respondentis
413 496 715 531 acclamationibus
734 496 828 529 Selii.

153 552 219 585 vel
238 551 354 597 potius
376 563 455 584 cum
476 550 630 585 Grutero
654 549 828 583 existima-

1469 264 1485 293 1
1498 248 1563 310 93

889 348 962 368 rem
989 335 1062 369 haec
1087 348 1157 368 esse
1187 335 1270 368 Selii
1296 348 1436 382 quoque
1461 336 1566 370 verba

889 387 1036 423 dicentis
1055 400 1062 421 :
1086 389 1164 422 Non
1196 388 1294 422 aliter
1315 401 1333 422 a
1352 397 1386 422 te
1407 390 1567 435 perorari

889 442 1003 483 volui,
1022 449 1086 475 etc.
1101 441 1168 475 En.
1181 457 1234 464 —
1250 442 1354 476 Facta
1364 450 1419 474 est.
1432 441 1567 476 Eodem

890 508 994 529 sensu
1010 494 1241 538 diciturfacta
1253 502 1300 528 est
1313 508 1400 528 σαντα
1413 523 1421 535 ,
1443 508 1513 541 quo
1530 496 1566 529 in

890 549 1001 595 epigr.
1018 547 1167 595 praeced.
1183 562 1215 583 v.
1236 549 1255 582 3
1270 576 1279 591 ‚
1298 562 1360 582 rem
1377 550 1513 592 factam.

723 686 1007 742 XXVIII.

630 845 683 872 JN
728 823 1101 873 SEX-rumim*

226 970 410 1015 RmETo
439 967 651 1023 multum,
675 968 749 1029 qui
775 976 839 1022 te,
867 966 1067 1024 Seniue,
1093 969 1308 1013 cinaedum

298 1041 494 1095 Dixerit,
519 1049 563 1083 et
587 1039 770 1100 digitum
797 1039 1010 1100 porrigito
1037 1039 1242 1084 medium.

228 1112 309 1156 Sed
338 1128 417 1155 nec
439 1110 606 1172 paedico
628 1126 673 1154 es
689 1146 699 1166 ,
722 1126 802 1154 nec
826 1119 873 1153 tu
888 1145 899 1166 ‚
924 1108 1099 1154 Sextille
1114 1146 1125 1166 ‚
1147 1110 1340 1155 fututor:

300 1181 434 1226 Calda
460 1184 501 1225 V
505 1179 703 1225 etustillae
729 1197 808 1224 nec
836 1181 914 1224 tibi
940 1180 1079 1225 bucca
1104 1180 1258 1242 placet.

230 1255 295 1297 Ex
322 1254 411 1297 istis
434 1251 539 1296 nihil
564 1269 632 1307 es,
655 1251 813 1305 fateor,
838 1250 1012 1295 Sextille
1035 1269 1044 1296 :
1071 1252 1175 1312 quid
1198 1269 1303 1313 ergo
1329 1253 1406 1298 es?
1560 1277 1573 1299 ⁵

300 1324 460 1367 Nescio
488 1340 496 1365 τ
522 1323 595 1366 sed
621 1332 668 1366 tu
692 1323 772 1366 scis
801 1339 868 1365 res
894 1339 1118 1383 superesse
1144 1323 1263 1367 duas.

216 1458 229 1473 ³
243 1464 283 1496 In
299 1463 402 1507 hujus
417 1462 674 1508 epigrammatis
687 1462 838 1495 lectione

162 1517 259 1550 nulla
277 1517 425 1549 varietas
441 1524 579 1561 reperta
600 1524 650 1548 est
666 1514 702 1548 in
721 1527 838 1548 exem-

162 1570 339 1615 plaribus,
361 1578 419 1603 aut
441 1569 577 1614 scriptis
605 1576 664 1601 aut
694 1568 838 1601 excusis.

223 1635 253 1656 1.
272 1623 398 1656 Rideto.
421 1622 519 1656 Licet
534 1622 595 1655 tibi
615 1629 840 1655 contemnere

165 1688 245 1710 eum
268 1676 329 1721 qui
349 1683 382 1709 te
402 1674 628 1721 appellaverit
645 1673 841 1716 cinaedum,

165 1737 201 1762 et
227 1729 263 1761 in
295 1729 395 1761 illum
422 1728 539 1773 ipsum
572 1735 777 1772 retorquere
805 1725 841 1760 id

166 1781 365 1815 convicium
381 1807 389 1822 ‚
414 1789 580 1826 porrecto
602 1779 716 1813 medio
734 1779 844 1825 digito

167 1835 288 1868 infami
309 1842 343 1868 et
369 1846 498 1879 verpe,
521 1833 581 1879 qui
605 1833 735 1867 caeteris
760 1845 842 1866 con-

168 1887 286 1922 tractis
299 1887 525 1932 curvatisque
536 1887 702 1932 Priapum
722 1898 846 1931 reprae·

169 1949 307 1975 sentans
331 1941 368 1973 in
394 1939 610 1973 cinaedorum
631 1947 665 1972 et
686 1939 844 1972 mollium

170 2002 289 2027 notam
320 1992 583 2027 extendebatur.
610 1991 695 2026 Vid.
724 1992 785 2025 lib.
807 1993 843 2031 I,

172 2048 281 2093 epigr.
304 2059 393 2080 xc111
409 2072 418 2087 ‚
438 2059 473 2079 v.
500 2059 531 2079 2.

228 2105 260 2141 4.
284 2099 386 2133 Calda
407 2099 595 2132 letustillfe.
616 2097 660 2131 Id
679 2107 749 2135 est,
771 2098 848 2131 vul-

172 2166 231 2194 va,
258 2153 338 2198 quia
365 2165 436 2186 non
465 2165 499 2186 es
527 2152 762 2197 cunnilingus.
792 2150 848 2185 Sic

174 2206 361 2239 Domitius.
383 2205 453 2238 Alii
479 2203 523 2238 de
550 2205 726 2238 fellatione
752 2204 848 2237 hunc

174 2271 313 2292 versum
327 2257 700 2303 intelligunt.—Hunc
710 2270 849 2291 sensum

175 2312 347 2357 effingunt
375 2319 499 2357 sponte
523 2310 692 2344 Martialis
721 2310 825 2344 verba
840 2337 849 2352 ‚

177 2373 216 2398 ut
239 2377 319 2398 vere
342 2362 541 2397 mirandum
563 2363 608 2397 sit
628 2363 791 2409 cuiquam
813 2364 849 2397 in

176 2426 329 2452 mentem
369 2417 489 2450 venire
528 2416 680 2462 potuisse
723 2417 848 2449 buccam

898 1460 1021 1495 eodem
1046 1475 1148 1496 sensu
1185 1463 1334 1509 intelligi
1359 1477 1397 1498 ac
1425 1466 1575 1499 vulvam.

899 1515 1034 1561 Nempe
1061 1515 1199 1549 Horatii
1225 1516 1328 1551 Satir.
1360 1519 1396 1560 I,
1429 1531 1465 1560 1,
1502 1533 1547 1554 20
1565 1545 1576 1560 ‚

904 1586 917 1597 u
935 1568 1076 1614 Jupiter
1103 1569 1220 1603 ambas
1241 1571 1355 1605 Iratus
1371 1572 1496 1606 buccas
1521 1573 1576 1607 in-

898 1620 959 1654 flet
975 1639 987 1651 n
1007 1633 1014 1654 :
1037 1630 1071 1655 et
1086 1622 1176 1655 nihil
1197 1623 1234 1656 in
1250 1624 1317 1658 hoc
1339 1637 1444 1658 sensu
1461 1625 1576 1661 dubii.

899 1674 1093 1720 Epitheton
1130 1676 1222 1709 calda
1263 1690 1361 1722 aeque
1412 1680 1579 1714 convenit

901 1727 1005 1761 huccae
1023 1742 1034 1761 .·
1054 1728 1144 1762 nihil
1164 1737 1215 1763 est
1230 1730 1336 1776 igitur
1358 1743 1421 1765 cur
1438 1745 1579 1766 sensum

901 1792 978 1814 voc.
995 1782 1189 1815 naturalem
1207 1782 1249 1816 ad
1265 1792 1380 1828 partes
1395 1785 1579 1820 inferiores

902 1833 1083 1876 deflectas3
1105 1848 1217 1880 quum
1245 1836 1406 1882 inprimis
1433 1840 1579 1885 proprie

902 1887 1020 1920 buccae
1042 1887 1111 1921 sint
1136 1900 1216 1933 pars
1240 1901 1409 1934 genarum
1430 1892 1579 1926 interior

905 1938 948 1972 ad
973 1940 1130 1985 linguam
1159 1950 1194 1974 et
1221 1941 1341 1975 dentes
1369 1944 1555 1989 respiciens
1571 1972 1580 1987 ‚

906 2004 972 2025 nec
1002 1992 1195 2039 quidquam
1221 1994 1336 2028 simile
1360 1996 1398 2029 in
1423 1997 1582 2042 partibus

907 2044 1081 2091 pudendis
1115 2059 1261 2092 usquam
1297 2049 1580 2093 deprehenderis.

908 2097 991 2132 Vid.
1009 2099 1070 2133 lib.
1091 2100 1145 2132 111
1157 2122 1167 2139 ,
1190 2100 1299 2146 epigr.
1316 2113 1418 2136 xc111.
1433 2103 1500 2137 Eo.

963 2154 997 2185 6.
1017 2152 1079 2185 Res
1093 2153 1182 2186 duas.
1200 2153 1359 2187 Fellandi
1375 2163 1409 2188 et
1424 2155 1582 2202 lingendi'

909 2205 1168 2250 turpitudinem
1195 2206 1446 2253 interpretatur
1466 2210 1585 2243 Rami-

906 2258 1027 2292 resius.
1044 2259 1114 2292 Alii
1126 2260 1416 2294 masturbatorem
1426 2262 1480 2296 vel
1497 2263 1586 2296 irru-

907 2319 1078 2345 matorem
1097 2313 1195 2358 argui
1215 2312 1397 2347 Sextillum
1413 2316 1583 2350 sentiunt.

907 2364 1029 2398 Potest
1038 2365 1140 2398 etiam
1151 2366 1283 2410 pathici
1294 2367 1419 2401 vitium
1429 2369 1583 2403 hocloco

908 2417 1021 2451 innui.
1032 2417 1116 2452 Vid.
1128 2418 1189 2452 lib.
1202 2420 1266 2461 IV,
1279 2420 1388 2465 epigr.
1402 2422 1583 2456 xmrrEn.

1293 2764 1348 2810 13
