<?xml version="1.0" encoding="UTF-8"?>
<!DOCTYPE html PUBLIC "-//W3C//DTD XHTML 1.0 Transitional//EN"
    "http://www.w3.org/TR/xhtml1/DTD/xhtml1-transitional.dtd">
<html xmlns="http://www.w3.org/1999/xhtml" xml:lang="en" lang="en">
 <head>
  <title>
</title>
<meta http-equiv="Content-Type" content="text/html;charset=utf-8" />
  <meta name='ocr-system' content='tesseract 3.04.00' />
  <meta name='ocr-capabilities' content='ocr_page ocr_carea ocr_par ocr_line ocrx_word'/>
</head>
<body>
  <div class='ocr_page' id='page_1' title='image "./epigrammata01martuoft_0648.png"; bbox 0 0 2061 3288; ppageno 0'>
   <div class='ocr_carea' id='block_1_1' title="bbox 460 198 556 257">
    <p class='ocr_par' dir='ltr' id='par_1_1' title="bbox 460 198 556 257">
     <span class='ocr_line' id='line_1_1' title="bbox 460 198 556 257; baseline 0 -5"><span class='ocrx_word' id='word_1_1' title='bbox 460 198 556 257; x_wconf 65' lang='lat'>472</span> 
     </span>
    </p>
   </div>
   <div class='ocr_carea' id='block_1_2' title="bbox 837 196 1499 241">
    <p class='ocr_par' dir='ltr' id='par_1_2' title="bbox 837 196 1499 241">
     <span class='ocr_line' id='line_1_2' title="bbox 837 196 1499 241; baseline 0.003 -2"><span class='ocrx_word' id='word_1_2' title='bbox 837 197 898 239; x_wconf 83' lang='lat' dir='ltr'>M.</span> <span class='ocrx_word' id='word_1_3' title='bbox 928 196 1068 240; x_wconf 86' lang='lat' dir='ltr'>VAL.</span> <span class='ocrx_word' id='word_1_4' title='bbox 1108 197 1499 241; x_wconf 83' lang='lat' dir='ltr'><strong>MARTIALIS</strong></span> 
     </span>
    </p>
   </div>
   <div class='ocr_carea' id='block_1_3' title="bbox 527 282 1644 486">
    <p class='ocr_par' dir='ltr' id='par_1_3' title="bbox 527 282 1644 486">
     <span class='ocr_line' id='line_1_3' title="bbox 597 282 1644 330; baseline 0.002 -2"><span class='ocrx_word' id='word_1_5' title='bbox 597 285 690 328; x_wconf 85' lang='lat' dir='ltr'>Nec</span> <span class='ocrx_word' id='word_1_6' title='bbox 719 284 862 327; x_wconf 83' lang='lat' dir='ltr'>minor</span> <span class='ocrx_word' id='word_1_7' title='bbox 887 282 1102 328; x_wconf 86' lang='lat' dir='ltr'>Alcestem</span> <span class='ocrx_word' id='word_1_8' title='bbox 1130 284 1244 327; x_wconf 82' lang='lat' dir='ltr'>fama</span> <span class='ocrx_word' id='word_1_9' title='bbox 1271 285 1350 328; x_wconf 85' lang='lat' dir='ltr'>sub</span> <span class='ocrx_word' id='word_1_10' title='bbox 1379 296 1494 329; x_wconf 82' lang='lat' dir='ltr'>astra</span> <span class='ocrx_word' id='word_1_11' title='bbox 1522 286 1644 330; x_wconf 79' lang='lat' dir='ltr'>ferat.</span> 
     </span>
     <span class='ocr_line' id='line_1_4' title="bbox 527 353 1551 416; baseline 0.004 -19"><span class='ocrx_word' id='word_1_12' title='bbox 527 356 593 397; x_wconf 88' lang='lat' dir='ltr'>Tu</span> <span class='ocrx_word' id='word_1_13' title='bbox 624 353 809 397; x_wconf 80' lang='lat' dir='ltr'>melius:</span> <span class='ocrx_word' id='word_1_14' title='bbox 842 365 963 398; x_wconf 84' lang='lat' dir='ltr'>certo</span> <span class='ocrx_word' id='word_1_15' title='bbox 993 355 1189 398; x_wconf 82' lang='lat' dir='ltr'>meruisti</span> <span class='ocrx_word' id='word_1_16' title='bbox 1219 356 1403 416; x_wconf 86' lang='lat' dir='ltr'>pignore</span> <span class='ocrx_word' id='word_1_17' title='bbox 1428 357 1551 412; x_wconf 73' lang='lat' dir='ltr'>vitae,</span> 
     </span>
     <span class='ocr_line' id='line_1_5' title="bbox 598 424 1626 486; baseline 0.003 -19"><span class='ocrx_word' id='word_1_18' title='bbox 598 425 660 468; x_wconf 88' lang='lat' dir='ltr'>Ut</span> <span class='ocrx_word' id='word_1_19' title='bbox 690 424 767 468; x_wconf 78' lang='lat' dir='ltr'>tibi</span> <span class='ocrx_word' id='word_1_20' title='bbox 797 441 885 468; x_wconf 90' lang='lat' dir='ltr'>non</span> <span class='ocrx_word' id='word_1_21' title='bbox 916 435 1028 469; x_wconf 86' lang='lat' dir='ltr'>esset</span> <span class='ocrx_word' id='word_1_22' title='bbox 1050 435 1191 469; x_wconf 83' lang='lat' dir='ltr'>morte</span> <span class='ocrx_word' id='word_1_23' title='bbox 1213 425 1467 486; x_wconf 83' lang='lat' dir='ltr'>probandus</span> <span class='ocrx_word' id='word_1_24' title='bbox 1490 443 1626 470; x_wconf 84' lang='lat' dir='ltr'>amor.</span> 
     </span>
    </p>
   </div>
   <div class='ocr_carea' id='block_1_4' title="bbox 459 564 1137 664">
    <p class='ocr_par' dir='ltr' id='par_1_4' title="bbox 459 564 1137 664">
     <span class='ocr_line' id='line_1_6' title="bbox 468 564 1136 610; baseline 0.003 -14"><span class='ocrx_word' id='word_1_25' title='bbox 468 583 480 596; x_wconf 63' lang='grc' dir='ltr'><strong><em>κ</em></strong></span> <span class='ocrx_word' id='word_1_26' title='bbox 510 564 635 610; x_wconf 70' lang='lat' dir='ltr'>Accipe</span> <span class='ocrx_word' id='word_1_27' title='bbox 672 576 728 597; x_wconf 84' lang='lat' dir='ltr'>ine</span> <span class='ocrx_word' id='word_1_28' title='bbox 741 590 751 605; x_wconf 89' lang='lat'>,</span> <span class='ocrx_word' id='word_1_29' title='bbox 783 565 950 609; x_wconf 82' lang='lat' dir='ltr'>Capaneu</span> <span class='ocrx_word' id='word_1_30' title='bbox 967 578 976 605; x_wconf 79' lang='lat'><em>3</em></span> <span class='ocrx_word' id='word_1_31' title='bbox 1002 565 1136 598; x_wconf 83' lang='lat' dir='ltr'>cineres</span> 
     </span>
     <span class='ocr_line' id='line_1_7' title="bbox 459 617 1137 664; baseline -0.001 -13"><span class='ocrx_word' id='word_1_32' title='bbox 459 618 685 651; x_wconf 86' lang='lat' dir='ltr'>miscebimur</span> <span class='ocrx_word' id='word_1_33' title='bbox 698 644 706 659; x_wconf 94' lang='lat'>,</span> <span class='ocrx_word' id='word_1_34' title='bbox 727 617 844 664; x_wconf 86' lang='lat' dir='ltr'>inquit</span> <span class='ocrx_word' id='word_1_35' title='bbox 858 618 997 663; x_wconf 83' lang='lat' dir='ltr'>Iphias;</span> <span class='ocrx_word' id='word_1_36' title='bbox 1015 618 1051 650; x_wconf 91' lang='lat' dir='ltr'>in</span> <span class='ocrx_word' id='word_1_37' title='bbox 1066 631 1137 651; x_wconf 89' lang='lat' dir='ltr'>me-</span> 
     </span>
    </p>
   </div>
   <div class='ocr_carea' id='block_1_5' title="bbox 460 669 1146 728">
    <p class='ocr_par' dir='ltr' id='par_1_5' title="bbox 460 669 1146 728">
     <span class='ocr_line' id='line_1_8' title="bbox 460 669 1146 728; baseline 0.001 -25"><span class='ocrx_word' id='word_1_38' title='bbox 460 671 536 704; x_wconf 88' lang='lat' dir='ltr'>dios</span> <span class='ocrx_word' id='word_1_39' title='bbox 568 669 779 717; x_wconf 85' lang='lat' dir='ltr'><strong>desiluitque</strong></span> <span class='ocrx_word' id='word_1_40' title='bbox 813 683 927 716; x_wconf 85' lang='lat' dir='ltr'>rogos.</span> <span class='ocrx_word' id='word_1_41' title='bbox 948 688 962 701; x_wconf 71' lang='grc' dir='ltr'>ι</span> <span class='ocrx_word' id='word_1_42' title='bbox 983 670 1076 705; x_wconf 84' lang='lat' dir='ltr'>Vide</span> <span class='ocrx_word' id='word_1_43' title='bbox 1104 680 1146 728; x_wconf 62' lang='lat' dir='ltr'>et.</span> 
     </span>
    </p>
   </div>
   <div class='ocr_carea' id='block_1_6' title="bbox 457 722 1138 1249">
    <p class='ocr_par' dir='ltr' id='par_1_6' title="bbox 460 722 912 757">
     <span class='ocr_line' id='line_1_9' title="bbox 460 722 912 757; baseline 0 0"><span class='ocrx_word' id='word_1_44' title='bbox 460 726 545 757; x_wconf 82' lang='lat' dir='ltr'>Stat.</span> <span class='ocrx_word' id='word_1_45' title='bbox 562 722 733 757; x_wconf 85' lang='lat' dir='ltr'>Thebaid.</span> <span class='ocrx_word' id='word_1_46' title='bbox 750 724 811 757; x_wconf 83' lang='lat' dir='ltr'>lib.</span> <span class='ocrx_word' id='word_1_47' title='bbox 830 725 912 757; x_wconf 87' lang='lat' dir='ltr'>XII.</span> 
     </span>
    </p>

    <p class='ocr_par' dir='ltr' id='par_1_7' title="bbox 457 776 1138 1249">
     <span class='ocr_line' id='line_1_10' title="bbox 513 776 1135 811; baseline -0.002 0"><span class='ocrx_word' id='word_1_48' title='bbox 513 777 618 811; x_wconf 83' lang='lat' dir='ltr'>6.Nec</span> <span class='ocrx_word' id='word_1_49' title='bbox 633 776 815 811; x_wconf 69' lang='lat' dir='ltr'>mismsAld.</span> <span class='ocrx_word' id='word_1_50' title='bbox 835 778 934 811; x_wconf 89' lang='lat' dir='ltr'>Junt.</span> <span class='ocrx_word' id='word_1_51' title='bbox 955 777 1036 811; x_wconf 90' lang='lat' dir='ltr'>Col.</span> <span class='ocrx_word' id='word_1_52' title='bbox 1053 789 1135 810; x_wconf 78' lang='lat' dir='ltr'>ann.</span> 
     </span>
     <span class='ocr_line' id='line_1_11' title="bbox 464 830 1138 872; baseline 0.003 -10"><span class='ocrx_word' id='word_1_53' title='bbox 464 830 527 864; x_wconf 82' lang='lat'>152</span> <span class='ocrx_word' id='word_1_54' title='bbox 537 833 644 872; x_wconf 83' lang='lat' dir='ltr'>8‚etc.</span> <span class='ocrx_word' id='word_1_55' title='bbox 659 851 710 859; x_wconf 91' lang='lat'>—-</span> <span class='ocrx_word' id='word_1_56' title='bbox 726 831 890 863; x_wconf 82' lang='lat' dir='ltr'>Alcestem.</span> <span class='ocrx_word' id='word_1_57' title='bbox 907 830 1010 864; x_wconf 85' lang='lat' dir='ltr'>Peliae</span> <span class='ocrx_word' id='word_1_58' title='bbox 1021 831 1087 864; x_wconf 88' lang='lat' dir='ltr'>fuit</span> <span class='ocrx_word' id='word_1_59' title='bbox 1100 831 1138 864; x_wconf 75' lang='lat' dir='ltr'>fi-</span> 
     </span>
     <span class='ocr_line' id='line_1_12' title="bbox 457 883 1135 929; baseline 0.004 -14"><span class='ocrx_word' id='word_1_60' title='bbox 457 883 501 916; x_wconf 76' lang='lat' dir='ltr'>lia</span> <span class='ocrx_word' id='word_1_61' title='bbox 513 909 522 925; x_wconf 88' lang='lat'>,</span> <span class='ocrx_word' id='word_1_62' title='bbox 535 893 569 917; x_wconf 84' lang='lat' dir='ltr'>et</span> <span class='ocrx_word' id='word_1_63' title='bbox 578 896 666 916; x_wconf 83' lang='lat' dir='ltr'>uxor</span> <span class='ocrx_word' id='word_1_64' title='bbox 680 883 821 917; x_wconf 85' lang='lat' dir='ltr'>Admeti</span> <span class='ocrx_word' id='word_1_65' title='bbox 833 884 924 929; x_wconf 85' lang='lat' dir='ltr'>regis</span> <span class='ocrx_word' id='word_1_66' title='bbox 934 883 1135 924; x_wconf 76' lang='lat' dir='ltr'><strong>Thessaliae,</strong></span> 
     </span>
     <span class='ocr_line' id='line_1_13' title="bbox 458 937 1136 982; baseline 0.001 -13"><span class='ocrx_word' id='word_1_67' title='bbox 458 949 524 982; x_wconf 89' lang='lat' dir='ltr'>pro</span> <span class='ocrx_word' id='word_1_68' title='bbox 553 949 623 982; x_wconf 85' lang='lat' dir='ltr'>quo</span> <span class='ocrx_word' id='word_1_69' title='bbox 645 937 767 970; x_wconf 81' lang='lat' dir='ltr'>lubens</span> <span class='ocrx_word' id='word_1_70' title='bbox 787 949 824 970; x_wconf 87' lang='lat' dir='ltr'>se</span> <span class='ocrx_word' id='word_1_71' title='bbox 851 938 959 970; x_wconf 88' lang='lat' dir='ltr'>morti</span> <span class='ocrx_word' id='word_1_72' title='bbox 984 937 1115 982; x_wconf 82' lang='lat' dir='ltr'>objecit</span> <span class='ocrx_word' id='word_1_73' title='bbox 1126 963 1136 979; x_wconf 94' lang='lat'>‚</span> 
     </span>
     <span class='ocr_line' id='line_1_14' title="bbox 457 989 1137 1036; baseline 0.003 -14"><span class='ocrx_word' id='word_1_74' title='bbox 457 1002 504 1035; x_wconf 88' lang='lat' dir='ltr'>qu</span> <span class='ocrx_word' id='word_1_75' title='bbox 511 1003 529 1023; x_wconf 93' lang='lat' dir='ltr'>u</span> <span class='ocrx_word' id='word_1_76' title='bbox 536 1003 570 1023; x_wconf 91' lang='lat' dir='ltr'><strong>m</strong></span> <span class='ocrx_word' id='word_1_77' title='bbox 578 989 769 1023; x_wconf 79' lang='lat' dir='ltr'>Oraculum</span> <span class='ocrx_word' id='word_1_78' title='bbox 779 989 1029 1036; x_wconf 82' lang='lat' dir='ltr'><strong>respondisset,</strong></span> <span class='ocrx_word' id='word_1_79' title='bbox 1038 992 1137 1024; x_wconf 88' lang='lat' dir='ltr'>brevi</span> 
     </span>
     <span class='ocr_line' id='line_1_15' title="bbox 459 1042 1136 1090; baseline 0.003 -15"><span class='ocrx_word' id='word_1_80' title='bbox 459 1042 650 1077; x_wconf 83' lang='lat' dir='ltr'>Admetum</span> <span class='ocrx_word' id='word_1_81' title='bbox 668 1044 879 1076; x_wconf 88' lang='lat' dir='ltr'>moriturum</span> <span class='ocrx_word' id='word_1_82' title='bbox 892 1070 901 1085; x_wconf 91' lang='lat'>‚</span> <span class='ocrx_word' id='word_1_83' title='bbox 924 1044 991 1077; x_wconf 88' lang='lat' dir='ltr'>nisi</span> <span class='ocrx_word' id='word_1_84' title='bbox 1012 1044 1136 1090; x_wconf 86' lang='lat' dir='ltr'>aliquis</span> 
     </span>
     <span class='ocr_line' id='line_1_16' title="bbox 457 1097 1135 1142; baseline 0.001 -13"><span class='ocrx_word' id='word_1_85' title='bbox 457 1109 497 1129; x_wconf 77' lang='lat' dir='ltr'>ex</span> <span class='ocrx_word' id='word_1_86' title='bbox 510 1097 724 1142; x_wconf 83' lang='lat' dir='ltr'>propinquis</span> <span class='ocrx_word' id='word_1_87' title='bbox 737 1110 802 1142; x_wconf 90' lang='lat' dir='ltr'>pro</span> <span class='ocrx_word' id='word_1_88' title='bbox 813 1109 854 1130; x_wconf 88' lang='lat' dir='ltr'>eo</span> <span class='ocrx_word' id='word_1_89' title='bbox 866 1105 1014 1130; x_wconf 89' lang='lat' dir='ltr'>mortem</span> <span class='ocrx_word' id='word_1_90' title='bbox 1026 1110 1135 1142; x_wconf 90' lang='lat' dir='ltr'>spon-</span> 
     </span>
     <span class='ocr_line' id='line_1_17' title="bbox 458 1149 1134 1196; baseline 0.004 -14"><span class='ocrx_word' id='word_1_91' title='bbox 458 1158 491 1183; x_wconf 86' lang='lat' dir='ltr'>te</span> <span class='ocrx_word' id='word_1_92' title='bbox 505 1159 701 1196; x_wconf 86' lang='lat' dir='ltr'>oppeteret.</span> <span class='ocrx_word' id='word_1_93' title='bbox 717 1149 822 1184; x_wconf 88' lang='lat' dir='ltr'>Ovid.</span> <span class='ocrx_word' id='word_1_94' title='bbox 838 1151 876 1184; x_wconf 92' lang='lat' dir='ltr'>P.</span> <span class='ocrx_word' id='word_1_95' title='bbox 890 1151 945 1183; x_wconf 90' lang='lat' dir='ltr'>III</span> <span class='ocrx_word' id='word_1_96' title='bbox 959 1173 968 1189; x_wconf 90' lang='lat'>‚</span> <span class='ocrx_word' id='word_1_97' title='bbox 986 1152 1021 1192; x_wconf 86' lang='grc' dir='ltr'>Ι,</span> <span class='ocrx_word' id='word_1_98' title='bbox 1041 1154 1109 1184; x_wconf 84' lang='lat'>106</span> <span class='ocrx_word' id='word_1_99' title='bbox 1126 1164 1134 1185; x_wconf 93' lang='lat'>:</span> 
     </span>
     <span class='ocr_line' id='line_1_18' title="bbox 459 1202 1135 1249; baseline 0.004 -15"><span class='ocrx_word' id='word_1_100' title='bbox 459 1221 471 1233; x_wconf 77' lang='lat' dir='ltr'>u</span> <span class='ocrx_word' id='word_1_101' title='bbox 489 1203 523 1236; x_wconf 82' lang='lat' dir='ltr'>Si</span> <span class='ocrx_word' id='word_1_102' title='bbox 538 1216 614 1237; x_wconf 73' lang='lat' dir='ltr'>inea</span> <span class='ocrx_word' id='word_1_103' title='bbox 626 1216 720 1237; x_wconf 86' lang='lat' dir='ltr'>mors</span> <span class='ocrx_word' id='word_1_104' title='bbox 729 1202 933 1237; x_wconf 80' lang='lat' dir='ltr'>redimenda</span> <span class='ocrx_word' id='word_1_105' title='bbox 947 1212 1024 1244; x_wconf 87' lang='lat' dir='ltr'>tua,</span> <span class='ocrx_word' id='word_1_106' title='bbox 1039 1204 1135 1249; x_wconf 86' lang='lat' dir='ltr'>quod</span> 
     </span>
    </p>
   </div>
   <div class='ocr_carea' id='block_1_7' title="bbox 455 1256 1156 1302">
    <p class='ocr_par' dir='ltr' id='par_1_8' title="bbox 455 1256 1156 1302">
     <span class='ocr_line' id='line_1_19' title="bbox 455 1256 1156 1302; baseline 0.003 -13"><span class='ocrx_word' id='word_1_107' title='bbox 455 1257 664 1298; x_wconf 81' lang='lat' dir='ltr'>abominor,</span> <span class='ocrx_word' id='word_1_108' title='bbox 686 1265 796 1298; x_wconf 76' lang='lat' dir='ltr'>esset,</span> <span class='ocrx_word' id='word_1_109' title='bbox 818 1256 959 1291; x_wconf 85' lang='lat' dir='ltr'>Admeti</span> <span class='ocrx_word' id='word_1_110' title='bbox 982 1259 1132 1302; x_wconf 81' lang='lat' dir='ltr'>conjux,</span> <span class='ocrx_word' id='word_1_111' title='bbox 1153 1278 1156 1281; x_wconf 98' lang='lat'>-</span> 
     </span>
    </p>
   </div>
   <div class='ocr_carea' id='block_1_8' title="bbox 454 1310 1136 1557">
    <p class='ocr_par' dir='ltr' id='par_1_9' title="bbox 455 1310 1136 1462">
     <span class='ocr_line' id='line_1_20' title="bbox 455 1310 1136 1356; baseline 0.003 -14"><span class='ocrx_word' id='word_1_112' title='bbox 455 1321 557 1354; x_wconf 82' lang='lat' dir='ltr'>quam</span> <span class='ocrx_word' id='word_1_113' title='bbox 589 1310 783 1356; x_wconf 83' lang='lat' dir='ltr'>sequereris</span> <span class='ocrx_word' id='word_1_114' title='bbox 803 1337 812 1353; x_wconf 84' lang='lat'>,</span> <span class='ocrx_word' id='word_1_115' title='bbox 842 1321 925 1343; x_wconf 78' lang='lat' dir='ltr'>erat.</span> <span class='ocrx_word' id='word_1_116' title='bbox 952 1330 964 1339; x_wconf 85' lang='lat'><em>„</em></span> <span class='ocrx_word' id='word_1_117' title='bbox 991 1310 1074 1344; x_wconf 82' lang='lat' dir='ltr'>Vid.</span> <span class='ocrx_word' id='word_1_118' title='bbox 1101 1320 1136 1345; x_wconf 88' lang='lat' dir='ltr'>et</span> 
     </span>
     <span class='ocr_line' id='line_1_21' title="bbox 456 1362 1132 1409; baseline 0.004 -14"><span class='ocrx_word' id='word_1_119' title='bbox 456 1362 619 1408; x_wconf 86' lang='lat' dir='ltr'>Euripid.</span> <span class='ocrx_word' id='word_1_120' title='bbox 652 1363 824 1397; x_wconf 85' lang='lat' dir='ltr'>Admetus</span> <span class='ocrx_word' id='word_1_121' title='bbox 847 1365 990 1409; x_wconf 84' lang='lat' dir='ltr'>jamjam</span> <span class='ocrx_word' id='word_1_122' title='bbox 1015 1365 1132 1409; x_wconf 84' lang='lat' dir='ltr'>profe-</span> 
     </span>
     <span class='ocr_line' id='line_1_22' title="bbox 458 1415 1030 1462; baseline 0.003 -14"><span class='ocrx_word' id='word_1_123' title='bbox 458 1424 578 1450; x_wconf 83' lang='lat' dir='ltr'>cturus</span> <span class='ocrx_word' id='word_1_124' title='bbox 597 1415 640 1449; x_wconf 77' lang='lat' dir='ltr'>ad</span> <span class='ocrx_word' id='word_1_125' title='bbox 658 1417 776 1462; x_wconf 78' lang='lat' dir='ltr'>Trojae</span> <span class='ocrx_word' id='word_1_126' title='bbox 797 1416 1030 1450; x_wconf 82' lang='lat' dir='ltr'>obsidionem.</span> 
     </span>
    </p>

    <p class='ocr_par' dir='ltr' id='par_1_10' title="bbox 454 1469 1132 1557">
     <span class='ocr_line' id='line_1_23' title="bbox 510 1469 1132 1513; baseline 0.002 -11"><span class='ocrx_word' id='word_1_127' title='bbox 510 1482 543 1513; x_wconf 81' lang='lat'>7.</span> <span class='ocrx_word' id='word_1_128' title='bbox 570 1471 619 1503; x_wconf 77' lang='lat' dir='ltr'>Tu</span> <span class='ocrx_word' id='word_1_129' title='bbox 639 1471 745 1503; x_wconf 78' lang='lat' dir='ltr'>melias</span> <span class='ocrx_word' id='word_1_130' title='bbox 761 1478 841 1503; x_wconf 75' lang='lat' dir='ltr'>cer-te</span> <span class='ocrx_word' id='word_1_131' title='bbox 859 1470 895 1503; x_wconf 87' lang='lat' dir='ltr'>in</span> <span class='ocrx_word' id='word_1_132' title='bbox 916 1470 995 1504; x_wconf 82' lang='lat' dir='ltr'>iisd.</span> <span class='ocrx_word' id='word_1_133' title='bbox 1011 1469 1064 1504; x_wconf 89' lang='lat' dir='ltr'>ed.</span> <span class='ocrx_word' id='word_1_134' title='bbox 1083 1471 1132 1503; x_wconf 75' lang='lat' dir='ltr'>Tu</span> 
     </span>
     <span class='ocr_line' id='line_1_24' title="bbox 454 1523 1132 1557; baseline 0.001 -3"><span class='ocrx_word' id='word_1_135' title='bbox 454 1523 560 1555; x_wconf 70' lang='lat' dir='ltr'>melius</span> <span class='ocrx_word' id='word_1_136' title='bbox 577 1532 659 1555; x_wconf 71' lang='lat' dir='ltr'>cet-to</span> <span class='ocrx_word' id='word_1_137' title='bbox 679 1523 755 1556; x_wconf 86' lang='lat' dir='ltr'>cod.</span> <span class='ocrx_word' id='word_1_138' title='bbox 774 1524 880 1556; x_wconf 76' lang='lat' dir='ltr'>Palat.</span> <span class='ocrx_word' id='word_1_139' title='bbox 901 1532 935 1556; x_wconf 88' lang='lat' dir='ltr'>et</span> <span class='ocrx_word' id='word_1_140' title='bbox 950 1524 1132 1557; x_wconf 81' lang='lat' dir='ltr'>Beverlan-</span> 
     </span>
    </p>
   </div>
   <div class='ocr_carea' id='block_1_9' title="bbox 1192 564 1877 1556">
    <p class='ocr_par' dir='ltr' id='par_1_11' title="bbox 1192 564 1877 1556">
     <span class='ocr_line' id='line_1_25' title="bbox 1196 564 1876 610; baseline 0.001 -12"><span class='ocrx_word' id='word_1_141' title='bbox 1196 564 1233 598; x_wconf 90' lang='lat' dir='ltr'>di</span> <span class='ocrx_word' id='word_1_142' title='bbox 1255 565 1330 599; x_wconf 90' lang='lat' dir='ltr'>MS.</span> <span class='ocrx_word' id='word_1_143' title='bbox 1357 574 1391 599; x_wconf 86' lang='lat' dir='ltr'>et</span> <span class='ocrx_word' id='word_1_144' title='bbox 1412 566 1460 599; x_wconf 87' lang='lat' dir='ltr'>sic</span> <span class='ocrx_word' id='word_1_145' title='bbox 1485 566 1570 610; x_wconf 85' lang='lat' dir='ltr'>legit</span> <span class='ocrx_word' id='word_1_146' title='bbox 1591 566 1876 603; x_wconf 67' lang='lat' dir='ltr'>Musambertius,</span> 
     </span>
     <span class='ocr_line' id='line_1_26' title="bbox 1201 617 1873 652; baseline 0.001 -1"><span class='ocrx_word' id='word_1_147' title='bbox 1201 619 1233 651; x_wconf 91' lang='lat' dir='ltr'><em>T</em></span> <span class='ocrx_word' id='word_1_148' title='bbox 1232 632 1251 651; x_wconf 87' lang='grc' dir='ltr'><em>α</em></span> <span class='ocrx_word' id='word_1_149' title='bbox 1262 619 1370 652; x_wconf 79' lang='lat' dir='ltr'>melius</span> <span class='ocrx_word' id='word_1_150' title='bbox 1383 627 1468 651; x_wconf 84' lang='lat' dir='ltr'>certa</span> <span class='ocrx_word' id='word_1_151' title='bbox 1481 617 1538 652; x_wconf 86' lang='lat' dir='ltr'>ed.</span> <span class='ocrx_word' id='word_1_152' title='bbox 1555 619 1671 652; x_wconf 89' lang='lat' dir='ltr'>Colin.</span> <span class='ocrx_word' id='word_1_153' title='bbox 1687 619 1873 652; x_wconf 85' lang='lat' dir='ltr'>recentior.</span> 
     </span>
     <span class='ocr_line' id='line_1_27' title="bbox 1201 671 1877 718; baseline 0.001 -14"><span class='ocrx_word' id='word_1_154' title='bbox 1201 672 1251 704; x_wconf 83' lang='lat' dir='ltr'>Tu</span> <span class='ocrx_word' id='word_1_155' title='bbox 1286 673 1393 705; x_wconf 78' lang='lat' dir='ltr'>melius</span> <span class='ocrx_word' id='word_1_156' title='bbox 1429 679 1520 704; x_wconf 66' lang='grc' dir='ltr'>εει-ἵζε</span> <span class='ocrx_word' id='word_1_157' title='bbox 1553 671 1740 717; x_wconf 86' lang='lat' dir='ltr'>legendum</span> <span class='ocrx_word' id='word_1_158' title='bbox 1775 680 1877 718; x_wconf 77' lang='lat' dir='ltr'>putat</span> 
     </span>
     <span class='ocr_line' id='line_1_28' title="bbox 1195 724 1873 770; baseline 0 -12"><span class='ocrx_word' id='word_1_159' title='bbox 1195 725 1420 758; x_wconf 85' lang='lat' dir='ltr'>Ramiresius.</span> <span class='ocrx_word' id='word_1_160' title='bbox 1442 726 1486 758; x_wconf 91' lang='lat' dir='ltr'>At</span> <span class='ocrx_word' id='word_1_161' title='bbox 1501 728 1639 770; x_wconf 75' lang='lat' dir='ltr'>pignora</span> <span class='ocrx_word' id='word_1_162' title='bbox 1658 727 1737 758; x_wconf 72' lang='lat' dir='ltr'>vitae</span> <span class='ocrx_word' id='word_1_163' title='bbox 1759 724 1873 758; x_wconf 84' lang='lat' dir='ltr'>codex</span> 
     </span>
     <span class='ocr_line' id='line_1_29' title="bbox 1195 777 1877 823; baseline 0.001 -13"><span class='ocrx_word' id='word_1_164' title='bbox 1195 778 1398 812; x_wconf 85' lang='lat' dir='ltr'>Pulmanni.</span> <span class='ocrx_word' id='word_1_165' title='bbox 1412 799 1465 804; x_wconf 86' lang='lat'>-——</span> <span class='ocrx_word' id='word_1_166' title='bbox 1483 777 1577 811; x_wconf 77' lang='lat' dir='ltr'>Certo</span> <span class='ocrx_word' id='word_1_167' title='bbox 1595 780 1734 811; x_wconf 76' lang='lat' dir='ltr'>meruisti</span> <span class='ocrx_word' id='word_1_168' title='bbox 1743 781 1877 823; x_wconf 74' lang='lat' dir='ltr'>pignore</span> 
     </span>
     <span class='ocr_line' id='line_1_30' title="bbox 1195 830 1876 865; baseline 0.001 -2"><span class='ocrx_word' id='word_1_169' title='bbox 1195 834 1283 864; x_wconf 68' lang='lat' dir='ltr'>vitae.</span> <span class='ocrx_word' id='word_1_170' title='bbox 1317 832 1450 864; x_wconf 88' lang='lat' dir='ltr'>Vivens</span> <span class='ocrx_word' id='word_1_171' title='bbox 1488 839 1558 864; x_wconf 85' lang='lat' dir='ltr'>tam</span> <span class='ocrx_word' id='word_1_172' title='bbox 1586 840 1720 865; x_wconf 87' lang='lat' dir='ltr'>certum</span> <span class='ocrx_word' id='word_1_173' title='bbox 1747 830 1876 864; x_wconf 83' lang='lat' dir='ltr'>dedisti</span> 
     </span>
     <span class='ocr_line' id='line_1_31' title="bbox 1194 884 1877 930; baseline 0 -14"><span class='ocrx_word' id='word_1_174' title='bbox 1194 885 1334 929; x_wconf 78' lang='lat' dir='ltr'>pietatis</span> <span class='ocrx_word' id='word_1_175' title='bbox 1370 884 1500 930; x_wconf 86' lang='lat' dir='ltr'>pignus</span> <span class='ocrx_word' id='word_1_176' title='bbox 1519 911 1528 926; x_wconf 85' lang='lat'>‚</span> <span class='ocrx_word' id='word_1_177' title='bbox 1563 885 1690 930; x_wconf 90' lang='lat' dir='ltr'>opibus</span> <span class='ocrx_word' id='word_1_178' title='bbox 1722 884 1877 930; x_wconf 81' lang='lat' dir='ltr'>paternis</span> 
     </span>
     <span class='ocr_line' id='line_1_32' title="bbox 1195 937 1876 978; baseline -0.001 -8"><span class='ocrx_word' id='word_1_179' title='bbox 1195 950 1274 971; x_wconf 87' lang='lat' dir='ltr'>cum</span> <span class='ocrx_word' id='word_1_180' title='bbox 1299 938 1376 971; x_wconf 87' lang='lat' dir='ltr'>viro</span> <span class='ocrx_word' id='word_1_181' title='bbox 1404 938 1692 978; x_wconf 83' lang='lat' dir='ltr'>communicatis,</span> <span class='ocrx_word' id='word_1_182' title='bbox 1722 946 1762 971; x_wconf 91' lang='lat' dir='ltr'>ut</span> <span class='ocrx_word' id='word_1_183' title='bbox 1794 937 1876 971; x_wconf 79' lang='lat' dir='ltr'>satis</span> 
     </span>
     <span class='ocr_line' id='line_1_33' title="bbox 1194 990 1875 1036; baseline 0.001 -13"><span class='ocrx_word' id='word_1_184' title='bbox 1194 990 1253 1023; x_wconf 81' lang='lat' dir='ltr'>illa</span> <span class='ocrx_word' id='word_1_185' title='bbox 1272 991 1316 1024; x_wconf 89' lang='lat' dir='ltr'>sit</span> <span class='ocrx_word' id='word_1_186' title='bbox 1342 992 1510 1036; x_wconf 83' lang='lat' dir='ltr'>probata,</span> <span class='ocrx_word' id='word_1_187' title='bbox 1536 1004 1600 1024; x_wconf 90' lang='lat' dir='ltr'>nec</span> <span class='ocrx_word' id='word_1_188' title='bbox 1627 990 1784 1036; x_wconf 80' lang='lat' dir='ltr'>indigeat</span> <span class='ocrx_word' id='word_1_189' title='bbox 1811 991 1875 1024; x_wconf 88' lang='lat' dir='ltr'>mi-</span> 
     </span>
     <span class='ocr_line' id='line_1_34' title="bbox 1196 1043 1877 1077; baseline 0 0"><span class='ocrx_word' id='word_1_190' title='bbox 1196 1056 1270 1077; x_wconf 85' lang='lat' dir='ltr'>sera</span> <span class='ocrx_word' id='word_1_191' title='bbox 1295 1045 1420 1077; x_wconf 84' lang='lat' dir='ltr'>mortis</span> <span class='ocrx_word' id='word_1_192' title='bbox 1447 1043 1652 1077; x_wconf 87' lang='lat' dir='ltr'>conditione</span> <span class='ocrx_word' id='word_1_193' title='bbox 1681 1052 1722 1077; x_wconf 84' lang='lat' dir='ltr'>ut</span> <span class='ocrx_word' id='word_1_194' title='bbox 1747 1044 1877 1077; x_wconf 88' lang='lat' dir='ltr'>certius</span> 
     </span>
     <span class='ocr_line' id='line_1_35' title="bbox 1194 1097 1876 1142; baseline 0 -12"><span class='ocrx_word' id='word_1_195' title='bbox 1194 1098 1375 1142; x_wconf 88' lang='lat' dir='ltr'>probetur.</span> <span class='ocrx_word' id='word_1_196' title='bbox 1397 1098 1477 1131; x_wconf 86' lang='lat' dir='ltr'>Lib.</span> <span class='ocrx_word' id='word_1_197' title='bbox 1499 1099 1516 1130; x_wconf 93' lang='lat' dir='ltr'>I</span> <span class='ocrx_word' id='word_1_198' title='bbox 1529 1123 1538 1138; x_wconf 82' lang='lat'>‚</span> <span class='ocrx_word' id='word_1_199' title='bbox 1556 1098 1664 1142; x_wconf 85' lang='lat' dir='ltr'>epigr.</span> <span class='ocrx_word' id='word_1_200' title='bbox 1682 1109 1703 1141; x_wconf 86' lang='lat'>9</span> <span class='ocrx_word' id='word_1_201' title='bbox 1722 1109 1730 1130; x_wconf 78' lang='lat'>2</span> <span class='ocrx_word' id='word_1_202' title='bbox 1750 1115 1764 1127; x_wconf 77' lang='grc' dir='ltr'>α</span> <span class='ocrx_word' id='word_1_203' title='bbox 1783 1097 1876 1130; x_wconf 88' lang='lat' dir='ltr'>Nolo</span> 
     </span>
     <span class='ocr_line' id='line_1_36' title="bbox 1194 1150 1876 1196; baseline 0 -13"><span class='ocrx_word' id='word_1_204' title='bbox 1194 1151 1311 1184; x_wconf 87' lang='lat' dir='ltr'>virum</span> <span class='ocrx_word' id='word_1_205' title='bbox 1340 1151 1434 1184; x_wconf 81' lang='lat' dir='ltr'>facili</span> <span class='ocrx_word' id='word_1_206' title='bbox 1461 1150 1603 1184; x_wconf 80' lang='lat' dir='ltr'>redimit</span> <span class='ocrx_word' id='word_1_207' title='bbox 1624 1151 1684 1196; x_wconf 90' lang='lat' dir='ltr'>qui</span> <span class='ocrx_word' id='word_1_208' title='bbox 1710 1150 1876 1195; x_wconf 85' lang='lat' dir='ltr'>sanguine</span> 
     </span>
     <span class='ocr_line' id='line_1_37' title="bbox 1194 1202 1876 1249; baseline 0 -13"><span class='ocrx_word' id='word_1_209' title='bbox 1194 1204 1300 1236; x_wconf 82' lang='lat' dir='ltr'>vitam</span> <span class='ocrx_word' id='word_1_210' title='bbox 1317 1218 1323 1236; x_wconf 88' lang='lat'>:</span> <span class='ocrx_word' id='word_1_211' title='bbox 1347 1205 1452 1238; x_wconf 90' lang='lat' dir='ltr'>Hunc</span> <span class='ocrx_word' id='word_1_212' title='bbox 1470 1204 1550 1237; x_wconf 86' lang='lat' dir='ltr'>volo</span> <span class='ocrx_word' id='word_1_213' title='bbox 1573 1202 1707 1237; x_wconf 83' lang='lat' dir='ltr'>laudari</span> <span class='ocrx_word' id='word_1_214' title='bbox 1723 1204 1784 1249; x_wconf 88' lang='lat' dir='ltr'>qui</span> <span class='ocrx_word' id='word_1_215' title='bbox 1803 1204 1876 1237; x_wconf 88' lang='lat' dir='ltr'>sine</span> 
     </span>
     <span class='ocr_line' id='line_1_38' title="bbox 1195 1257 1875 1303; baseline -0.001 -13"><span class='ocrx_word' id='word_1_216' title='bbox 1195 1266 1307 1290; x_wconf 89' lang='lat' dir='ltr'>morte</span> <span class='ocrx_word' id='word_1_217' title='bbox 1333 1266 1447 1303; x_wconf 81' lang='lat' dir='ltr'>potest</span> <span class='ocrx_word' id='word_1_218' title='bbox 1469 1275 1482 1287; x_wconf 68' lang='grc' dir='ltr'>»ι</span> <span class='ocrx_word' id='word_1_219' title='bbox 1502 1271 1510 1299; x_wconf 89' lang='grc'>;</span> <span class='ocrx_word' id='word_1_220' title='bbox 1536 1265 1572 1290; x_wconf 79' lang='lat' dir='ltr'>et.</span> <span class='ocrx_word' id='word_1_221' title='bbox 1589 1258 1649 1290; x_wconf 87' lang='lat' dir='ltr'>lib.</span> <span class='ocrx_word' id='word_1_222' title='bbox 1678 1257 1737 1296; x_wconf 91' lang='lat' dir='ltr'>II,</span> <span class='ocrx_word' id='word_1_223' title='bbox 1765 1257 1875 1302; x_wconf 86' lang='lat' dir='ltr'>epigr.</span> 
     </span>
     <span class='ocr_line' id='line_1_39' title="bbox 1195 1310 1876 1355; baseline -0.001 -11"><span class='ocrx_word' id='word_1_224' title='bbox 1195 1323 1272 1344; x_wconf 77' lang='lat' dir='ltr'>Lvn</span> <span class='ocrx_word' id='word_1_225' title='bbox 1289 1335 1299 1351; x_wconf 83' lang='lat'>,</span> <span class='ocrx_word' id='word_1_226' title='bbox 1322 1324 1371 1344; x_wconf 84' lang='lat' dir='ltr'>vs.</span> <span class='ocrx_word' id='word_1_227' title='bbox 1408 1311 1451 1344; x_wconf 76' lang='lat'>5:</span> <span class='ocrx_word' id='word_1_228' title='bbox 1473 1326 1485 1338; x_wconf 68' lang='grc' dir='ltr'>ιι</span> <span class='ocrx_word' id='word_1_229' title='bbox 1507 1311 1626 1344; x_wconf 85' lang='lat' dir='ltr'>Rebus</span> <span class='ocrx_word' id='word_1_230' title='bbox 1651 1310 1690 1342; x_wconf 87' lang='lat' dir='ltr'>in</span> <span class='ocrx_word' id='word_1_231' title='bbox 1722 1310 1876 1355; x_wconf 86' lang='lat' dir='ltr'>angustis</span> 
     </span>
     <span class='ocr_line' id='line_1_40' title="bbox 1195 1363 1801 1398; baseline -0.002 -2"><span class='ocrx_word' id='word_1_232' title='bbox 1195 1364 1295 1397; x_wconf 79' lang='lat' dir='ltr'>facile</span> <span class='ocrx_word' id='word_1_233' title='bbox 1322 1373 1374 1398; x_wconf 88' lang='lat' dir='ltr'>est</span> <span class='ocrx_word' id='word_1_234' title='bbox 1399 1373 1623 1397; x_wconf 87' lang='lat' dir='ltr'>contemnere</span> <span class='ocrx_word' id='word_1_235' title='bbox 1644 1363 1763 1396; x_wconf 84' lang='lat' dir='ltr'>vitam.</span> <span class='ocrx_word' id='word_1_236' title='bbox 1787 1380 1801 1392; x_wconf 78' lang='grc'><em>»</em></span> 
     </span>
     <span class='ocr_line' id='line_1_41' title="bbox 1194 1417 1874 1463; baseline -0.004 -13"><span class='ocrx_word' id='word_1_237' title='bbox 1194 1418 1407 1451; x_wconf 78' lang='lat' dir='ltr'>Ramiresius</span> <span class='ocrx_word' id='word_1_238' title='bbox 1423 1417 1508 1463; x_wconf 84' lang='lat' dir='ltr'>legit</span> <span class='ocrx_word' id='word_1_239' title='bbox 1518 1425 1623 1455; x_wconf 76' lang='lat' dir='ltr'>cet-tce,</span> <span class='ocrx_word' id='word_1_240' title='bbox 1638 1424 1672 1449; x_wconf 89' lang='lat' dir='ltr'>et</span> <span class='ocrx_word' id='word_1_241' title='bbox 1692 1418 1793 1448; x_wconf 67' lang='lat' dir='ltr'>vitam</span> <span class='ocrx_word' id='word_1_242' title='bbox 1806 1429 1874 1448; x_wconf 80' lang='lat' dir='ltr'>cer-</span> 
     </span>
     <span class='ocr_line' id='line_1_42' title="bbox 1194 1468 1874 1515; baseline -0.001 -13"><span class='ocrx_word' id='word_1_243' title='bbox 1194 1479 1256 1502; x_wconf 72' lang='lat' dir='ltr'>tam</span> <span class='ocrx_word' id='word_1_244' title='bbox 1290 1470 1453 1515; x_wconf 81' lang='lat' dir='ltr'>intelligit</span> <span class='ocrx_word' id='word_1_245' title='bbox 1486 1471 1594 1503; x_wconf 83' lang='lat' dir='ltr'>vitam</span> <span class='ocrx_word' id='word_1_246' title='bbox 1625 1482 1698 1502; x_wconf 90' lang='lat' dir='ltr'>non</span> <span class='ocrx_word' id='word_1_247' title='bbox 1731 1468 1874 1515; x_wconf 67' lang='lat' dir='ltr'>pericli,-</span> 
     </span>
     <span class='ocr_line' id='line_1_43' title="bbox 1192 1532 1336 1556; baseline 0 0"><span class='ocrx_word' id='word_1_248' title='bbox 1192 1532 1336 1556; x_wconf 81' lang='lat' dir='ltr'>tantem.</span> 
     </span>
    </p>
   </div>
   <div class='ocr_carea' id='block_1_10' title="bbox 1823 1381 1875 1389">
    <p class='ocr_par' dir='ltr' id='par_1_12' title="bbox 1823 1381 1875 1389">
     <span class='ocr_line' id='line_1_44' title="bbox 1823 1381 1875 1389; baseline 0.038 -2"><span class='ocrx_word' id='word_1_249' title='bbox 1823 1381 1875 1389; x_wconf 60' lang='grc' dir='ltr'>-η</span> 
     </span>
    </p>
   </div>
   <div class='ocr_carea' id='block_1_11' title="bbox 1003 1661 1304 1715">
    <p class='ocr_par' dir='ltr' id='par_1_13' title="bbox 1003 1661 1304 1715">
     <span class='ocr_line' id='line_1_45' title="bbox 1003 1661 1304 1715; baseline -0.003 0"><span class='ocrx_word' id='word_1_250' title='bbox 1003 1661 1304 1715; x_wconf 86' lang='lat' dir='ltr'>LXXVI.</span> 
     </span>
    </p>
   </div>
   <div class='ocr_carea' id='block_1_12' title="bbox 851 1797 1475 1847">
    <p class='ocr_par' dir='ltr' id='par_1_14' title="bbox 851 1797 1475 1847">
     <span class='ocr_line' id='line_1_46' title="bbox 851 1797 1475 1847; baseline -0.005 0"><span class='ocrx_word' id='word_1_251' title='bbox 851 1820 906 1847; x_wconf 77' lang='lat' dir='ltr'>IN</span> <span class='ocrx_word' id='word_1_252' title='bbox 947 1819 1167 1847; x_wconf 71' lang='lat' dir='ltr'><strong>AVARUM</strong></span> <span class='ocrx_word' id='word_1_253' title='bbox 1207 1797 1475 1847; x_wconf 47' lang='grc' dir='ltr'>ΑΜιευΜ.44</span> 
     </span>
    </p>
   </div>
   <div class='ocr_carea' id='block_1_13' title="bbox 521 1942 1583 2072">
    <p class='ocr_par' dir='ltr' id='par_1_15' title="bbox 521 1942 1583 2072">
     <span class='ocr_line' id='line_1_47' title="bbox 521 1942 1552 2003; baseline -0.003 -16"><span class='ocrx_word' id='word_1_254' title='bbox 521 1945 704 1987; x_wconf 75' lang='lat' dir='ltr'>MlLLlA</span> <span class='ocrx_word' id='word_1_255' title='bbox 730 1943 885 1986; x_wconf 84' lang='lat' dir='ltr'>misisti</span> <span class='ocrx_word' id='word_1_256' title='bbox 909 1942 1017 1986; x_wconf 85' lang='lat' dir='ltr'>mihi</span> <span class='ocrx_word' id='word_1_257' title='bbox 1039 1959 1134 1991; x_wconf 66' lang='lat' dir='ltr'>sex,</span> <span class='ocrx_word' id='word_1_258' title='bbox 1156 1943 1220 1986; x_wconf 84' lang='lat' dir='ltr'>bis</span> <span class='ocrx_word' id='word_1_259' title='bbox 1243 1958 1344 1985; x_wconf 85' lang='lat' dir='ltr'>sena</span> <span class='ocrx_word' id='word_1_260' title='bbox 1365 1942 1552 2003; x_wconf 88' lang='lat' dir='ltr'>petenti;</span> 
     </span>
     <span class='ocr_line' id='line_1_48' title="bbox 589 2012 1583 2072; baseline -0.002 -14"><span class='ocrx_word' id='word_1_261' title='bbox 589 2015 653 2058; x_wconf 83' lang='lat' dir='ltr'>Ut</span> <span class='ocrx_word' id='word_1_262' title='bbox 684 2014 749 2057; x_wconf 91' lang='lat' dir='ltr'>bis</span> <span class='ocrx_word' id='word_1_263' title='bbox 779 2030 882 2058; x_wconf 80' lang='lat' dir='ltr'>sena</span> <span class='ocrx_word' id='word_1_264' title='bbox 912 2013 1071 2069; x_wconf 73' lang='lat' dir='ltr'>feram,</span> <span class='ocrx_word' id='word_1_265' title='bbox 1097 2013 1161 2057; x_wconf 83' lang='lat' dir='ltr'>bis</span> <span class='ocrx_word' id='word_1_266' title='bbox 1193 2012 1395 2056; x_wconf 84' lang='lat' dir='ltr'>duodena</span> <span class='ocrx_word' id='word_1_267' title='bbox 1423 2021 1583 2072; x_wconf 85' lang='lat' dir='ltr'>petam.</span> 
     </span>
    </p>
   </div>
   <div class='ocr_carea' id='block_1_14' title="bbox 447 2152 1127 2575">
    <p class='ocr_par' dir='ltr' id='par_1_16' title="bbox 447 2152 1127 2575">
     <span class='ocr_line' id='line_1_49' title="bbox 504 2152 1126 2201; baseline 0 -12"><span class='ocrx_word' id='word_1_268' title='bbox 504 2152 517 2166; x_wconf 68' lang='lat'>*</span> <span class='ocrx_word' id='word_1_269' title='bbox 534 2157 677 2190; x_wconf 81' lang='lat' dir='ltr'>Dixerat</span> <span class='ocrx_word' id='word_1_270' title='bbox 697 2156 866 2191; x_wconf 64' lang='lat' dir='ltr'>Martinus</span> <span class='ocrx_word' id='word_1_271' title='bbox 879 2156 940 2189; x_wconf 85' lang='lat' dir='ltr'>lib.</span> <span class='ocrx_word' id='word_1_272' title='bbox 956 2156 972 2187; x_wconf 92' lang='lat' dir='ltr'>I</span> <span class='ocrx_word' id='word_1_273' title='bbox 989 2182 998 2198; x_wconf 87' lang='lat'>‚</span> <span class='ocrx_word' id='word_1_274' title='bbox 1016 2156 1126 2201; x_wconf 83' lang='lat' dir='ltr'>epigr.</span> 
     </span>
     <span class='ocr_line' id='line_1_50' title="bbox 452 2208 1126 2249; baseline -0.003 -6"><span class='ocrx_word' id='word_1_275' title='bbox 452 2222 558 2243; x_wconf 72' lang='lat' dir='ltr'><strong>Lxxw</strong></span> <span class='ocrx_word' id='word_1_276' title='bbox 576 2222 584 2244; x_wconf 87' lang='lat'>:</span> <span class='ocrx_word' id='word_1_277' title='bbox 605 2227 618 2239; x_wconf 69' lang='grc' dir='ltr'>α</span> <span class='ocrx_word' id='word_1_278' title='bbox 646 2209 843 2243; x_wconf 87' lang='lat' dir='ltr'>Dimidium</span> <span class='ocrx_word' id='word_1_279' title='bbox 865 2208 997 2242; x_wconf 87' lang='lat' dir='ltr'>donare</span> <span class='ocrx_word' id='word_1_280' title='bbox 1016 2209 1126 2249; x_wconf 86' lang='lat' dir='ltr'>Lino,</span> 
     </span>
     <span class='ocr_line' id='line_1_51' title="bbox 449 2262 1126 2308; baseline -0.001 -12"><span class='ocrx_word' id='word_1_281' title='bbox 449 2275 555 2308; x_wconf 80' lang='lat' dir='ltr'>quam</span> <span class='ocrx_word' id='word_1_282' title='bbox 578 2262 722 2296; x_wconf 88' lang='lat' dir='ltr'>credere</span> <span class='ocrx_word' id='word_1_283' title='bbox 743 2271 856 2296; x_wconf 89' lang='lat' dir='ltr'>totum</span> <span class='ocrx_word' id='word_1_284' title='bbox 879 2262 950 2303; x_wconf 89' lang='lat' dir='ltr'>Qui</span> <span class='ocrx_word' id='word_1_285' title='bbox 972 2263 1126 2303; x_wconf 84' lang='lat' dir='ltr'>mavult,</span> 
     </span>
     <span class='ocr_line' id='line_1_52' title="bbox 449 2315 1126 2362; baseline -0.001 -13"><span class='ocrx_word' id='word_1_286' title='bbox 449 2316 581 2349; x_wconf 82' lang='lat' dir='ltr'>mavult</span> <span class='ocrx_word' id='word_1_287' title='bbox 612 2315 759 2362; x_wconf 84' lang='lat' dir='ltr'>perdere</span> <span class='ocrx_word' id='word_1_288' title='bbox 789 2315 989 2349; x_wconf 81' lang='lat' dir='ltr'>dimidium.</span> <span class='ocrx_word' id='word_1_289' title='bbox 1016 2333 1029 2345; x_wconf 68' lang='lat' dir='ltr'>n</span> <span class='ocrx_word' id='word_1_290' title='bbox 1060 2316 1126 2348; x_wconf 83' lang='lat' dir='ltr'>Hic</span> 
     </span>
     <span class='ocr_line' id='line_1_53' title="bbox 448 2369 1127 2414; baseline 0.001 -13"><span class='ocrx_word' id='word_1_291' title='bbox 448 2378 563 2402; x_wconf 82' lang='lat' dir='ltr'>autem</span> <span class='ocrx_word' id='word_1_292' title='bbox 584 2382 705 2403; x_wconf 83' lang='lat' dir='ltr'>avarus</span> <span class='ocrx_word' id='word_1_293' title='bbox 723 2369 873 2409; x_wconf 75' lang='lat' dir='ltr'>amicus,</span> <span class='ocrx_word' id='word_1_294' title='bbox 894 2370 931 2402; x_wconf 90' lang='lat' dir='ltr'>in</span> <span class='ocrx_word' id='word_1_295' title='bbox 949 2381 1053 2414; x_wconf 82' lang='lat' dir='ltr'>quem</span> <span class='ocrx_word' id='word_1_296' title='bbox 1077 2377 1127 2402; x_wconf 87' lang='lat' dir='ltr'>est</span> 
     </span>
     <span class='ocr_line' id='line_1_54' title="bbox 447 2422 1124 2467; baseline 0 -13"><span class='ocrx_word' id='word_1_297' title='bbox 447 2422 514 2455; x_wconf 85' lang='lat' dir='ltr'>hoc</span> <span class='ocrx_word' id='word_1_298' title='bbox 525 2423 734 2467; x_wconf 84' lang='lat' dir='ltr'>epigramma</span> <span class='ocrx_word' id='word_1_299' title='bbox 745 2449 754 2462; x_wconf 75' lang='grc'>,</span> <span class='ocrx_word' id='word_1_300' title='bbox 770 2422 855 2456; x_wconf 87' lang='lat' dir='ltr'>illud</span> <span class='ocrx_word' id='word_1_301' title='bbox 864 2422 929 2455; x_wconf 81' lang='lat' dir='ltr'>sihi</span> <span class='ocrx_word' id='word_1_302' title='bbox 941 2422 1124 2455; x_wconf 84' lang='lat' dir='ltr'>consilium</span> 
     </span>
     <span class='ocr_line' id='line_1_55' title="bbox 448 2475 1121 2517; baseline 0.001 -10"><span class='ocrx_word' id='word_1_303' title='bbox 448 2476 534 2508; x_wconf 84' lang='lat' dir='ltr'>utile</span> <span class='ocrx_word' id='word_1_304' title='bbox 557 2475 786 2517; x_wconf 75' lang='lat' dir='ltr'>existimavit,</span> <span class='ocrx_word' id='word_1_305' title='bbox 817 2485 851 2510; x_wconf 89' lang='lat' dir='ltr'>et</span> <span class='ocrx_word' id='word_1_306' title='bbox 878 2476 945 2509; x_wconf 85' lang='lat' dir='ltr'>sibi</span> <span class='ocrx_word' id='word_1_307' title='bbox 976 2487 1121 2514; x_wconf 77' lang='lat' dir='ltr'>cavens,</span> 
     </span>
     <span class='ocr_line' id='line_1_56' title="bbox 448 2527 1125 2575; baseline 0.003 -15"><span class='ocrx_word' id='word_1_308' title='bbox 448 2527 635 2565; x_wconf 73' lang='lat' dir='ltr'>duodecim</span> <span class='ocrx_word' id='word_1_309' title='bbox 654 2529 762 2564; x_wconf 77' lang='lat' dir='ltr'>millia</span> <span class='ocrx_word' id='word_1_310' title='bbox 781 2530 916 2575; x_wconf 78' lang='lat' dir='ltr'>petenti</span> <span class='ocrx_word' id='word_1_311' title='bbox 933 2529 1050 2563; x_wconf 70' lang='lat' dir='ltr'>Poetae</span> <span class='ocrx_word' id='word_1_312' title='bbox 1067 2541 1125 2562; x_wconf 78' lang='lat' dir='ltr'>sex</span> 
     </span>
    </p>
   </div>
   <div class='ocr_carea' id='block_1_15' title="bbox 1185 2154 1869 2564">
    <p class='ocr_par' dir='ltr' id='par_1_17' title="bbox 1185 2154 1869 2456">
     <span class='ocr_line' id='line_1_57' title="bbox 1186 2154 1868 2200; baseline 0.001 -12"><span class='ocrx_word' id='word_1_313' title='bbox 1186 2156 1294 2188; x_wconf 81' lang='lat' dir='ltr'>millia</span> <span class='ocrx_word' id='word_1_314' title='bbox 1312 2155 1405 2188; x_wconf 87' lang='lat' dir='ltr'>misit</span> <span class='ocrx_word' id='word_1_315' title='bbox 1421 2167 1428 2188; x_wconf 91' lang='lat'>:</span> <span class='ocrx_word' id='word_1_316' title='bbox 1445 2154 1506 2188; x_wconf 85' lang='lat' dir='ltr'>sed</span> <span class='ocrx_word' id='word_1_317' title='bbox 1528 2167 1598 2200; x_wconf 92' lang='lat' dir='ltr'>quo</span> <span class='ocrx_word' id='word_1_318' title='bbox 1621 2167 1701 2188; x_wconf 88' lang='lat' dir='ltr'>eum</span> <span class='ocrx_word' id='word_1_319' title='bbox 1725 2154 1868 2189; x_wconf 81' lang='lat' dir='ltr'>deludat</span> 
     </span>
     <span class='ocr_line' id='line_1_58' title="bbox 1187 2206 1869 2249; baseline 0 -7"><span class='ocrx_word' id='word_1_320' title='bbox 1187 2209 1336 2242; x_wconf 81' lang='lat' dir='ltr'>artificio</span> <span class='ocrx_word' id='word_1_321' title='bbox 1368 2209 1504 2242; x_wconf 83' lang='lat' dir='ltr'>invenit</span> <span class='ocrx_word' id='word_1_322' title='bbox 1526 2209 1655 2249; x_wconf 84' lang='lat' dir='ltr'>Poeta,</span> <span class='ocrx_word' id='word_1_323' title='bbox 1686 2206 1807 2242; x_wconf 87' lang='lat' dir='ltr'>dicens</span> <span class='ocrx_word' id='word_1_324' title='bbox 1833 2222 1869 2245; x_wconf 83' lang='lat' dir='ltr'>se</span> 
     </span>
     <span class='ocr_line' id='line_1_59' title="bbox 1188 2261 1869 2308; baseline -0.001 -13"><span class='ocrx_word' id='word_1_325' title='bbox 1188 2262 1336 2308; x_wconf 83' lang='lat' dir='ltr'>duplum</span> <span class='ocrx_word' id='word_1_326' title='bbox 1365 2275 1531 2303; x_wconf 83' lang='lat' dir='ltr'>summae,</span> <span class='ocrx_word' id='word_1_327' title='bbox 1564 2274 1633 2307; x_wconf 85' lang='lat' dir='ltr'>qua</span> <span class='ocrx_word' id='word_1_328' title='bbox 1660 2261 1728 2295; x_wconf 84' lang='lat' dir='ltr'>sihi</span> <span class='ocrx_word' id='word_1_329' title='bbox 1754 2262 1869 2295; x_wconf 83' lang='lat' dir='ltr'>fuerat</span> 
     </span>
     <span class='ocr_line' id='line_1_60' title="bbox 1187 2315 1865 2361; baseline 0 -13"><span class='ocrx_word' id='word_1_330' title='bbox 1187 2328 1276 2360; x_wconf 81' lang='lat' dir='ltr'>opus</span> <span class='ocrx_word' id='word_1_331' title='bbox 1289 2342 1297 2356; x_wconf 92' lang='lat'><strong>‚</strong></span> <span class='ocrx_word' id='word_1_332' title='bbox 1315 2316 1397 2348; x_wconf 82' lang='lat' dir='ltr'>alias</span> <span class='ocrx_word' id='word_1_333' title='bbox 1411 2315 1627 2361; x_wconf 76' lang='lat' dir='ltr'>petiturum,</span> <span class='ocrx_word' id='word_1_334' title='bbox 1645 2323 1684 2348; x_wconf 90' lang='lat' dir='ltr'>ut</span> <span class='ocrx_word' id='word_1_335' title='bbox 1694 2327 1865 2348; x_wconf 85' lang='lat' dir='ltr'>summam</span> 
     </span>
     <span class='ocr_line' id='line_1_61' title="bbox 1185 2368 1868 2414; baseline 0 -13"><span class='ocrx_word' id='word_1_336' title='bbox 1185 2368 1311 2402; x_wconf 84' lang='lat' dir='ltr'>habeat</span> <span class='ocrx_word' id='word_1_337' title='bbox 1347 2369 1542 2414; x_wconf 85' lang='lat' dir='ltr'>integram,</span> <span class='ocrx_word' id='word_1_338' title='bbox 1575 2381 1679 2414; x_wconf 83' lang='lat' dir='ltr'>quam</span> <span class='ocrx_word' id='word_1_339' title='bbox 1717 2369 1868 2402; x_wconf 79' lang='lat' dir='ltr'>voluerit</span> 
     </span>
     <span class='ocr_line' id='line_1_62' title="bbox 1186 2422 1326 2456; baseline 0.014 -2"><span class='ocrx_word' id='word_1_340' title='bbox 1186 2422 1326 2456; x_wconf 79' lang='lat' dir='ltr'>habere.</span> 
     </span>
    </p>

    <p class='ocr_par' dir='ltr' id='par_1_18' title="bbox 1185 2474 1865 2564">
     <span class='ocr_line' id='line_1_63' title="bbox 1239 2474 1865 2520; baseline 0 -12"><span class='ocrx_word' id='word_1_341' title='bbox 1239 2491 1290 2497; x_wconf 89' lang='grc'>-</span> <span class='ocrx_word' id='word_1_342' title='bbox 1308 2476 1345 2509; x_wconf 77' lang='lat' dir='ltr'>In</span> <span class='ocrx_word' id='word_1_343' title='bbox 1368 2475 1533 2508; x_wconf 80' lang='lat' dir='ltr'>Bissenam</span> <span class='ocrx_word' id='word_1_344' title='bbox 1555 2474 1738 2520; x_wconf 78' lang='lat' dir='ltr'>inscriptio</span> <span class='ocrx_word' id='word_1_345' title='bbox 1760 2482 1811 2508; x_wconf 74' lang='lat' dir='ltr'>est</span> <span class='ocrx_word' id='word_1_346' title='bbox 1829 2474 1865 2508; x_wconf 88' lang='lat' dir='ltr'>in</span> 
     </span>
     <span class='ocr_line' id='line_1_64' title="bbox 1185 2528 1541 2564; baseline 0 -3"><span class='ocrx_word' id='word_1_347' title='bbox 1185 2528 1304 2562; x_wconf 83' lang='lat' dir='ltr'>codice</span> <span class='ocrx_word' id='word_1_348' title='bbox 1325 2529 1541 2564; x_wconf 71' lang='lat' dir='ltr'>Florentino,</span> 
     </span>
    </p>
   </div>
  </div>
 </body>
</html>
