2061 3288
448 316 580 360 legerat
599 311 768 358 μίστυλλόν
786 316 817 344 τ’
837 311 900 356 ἄρα
920 310 1046 350 τᾶλλα,
1071 309 1127 343 καὶ
1147 339 1151 348 ,

452 365 537 413 ἀμφ’
550 364 702 400 ὂὲελοῖσιν
724 365 872 410 ἕπε,ιραν;
891 362 1038 396 secabant
1055 375 1129 395 sane

452 427 485 456 et
497 420 563 452 alia
575 418 744 462 (flet-cula)
759 419 791 450 in
803 418 910 461 frusta
921 444 929 457 ,
948 424 980 448 et
995 416 1130 449 verubus

476 473 619 518 gebarzt;
640 484 704 505 nec
726 479 799 504 erat
824 470 944 516 potior
962 470 1050 502 ratio
1069 481 1131 502 cur

454 526 613 572 primum
655 523 819 558 carminis
856 523 1003 556 verbum
1035 535 1134 555 usur-

450 587 586 625 passet,
613 590 717 623 quam
738 576 934 622 sequentia,
956 587 1032 621 quae
1053 583 1135 608 sunt

460 637 491 665 τ’
512 632 574 677 ἄρα
594 630 713 664 τᾶλλα.
742 632 904 663 Attamen
926 628 1135 662 AEmilianus

452 684 595 718 videtur
623 684 730 717 fuisse
760 691 902 728 argutus
924 683 1031 715 honio
1045 708 1054 723 ,
1074 681 1134 726 qui

453 738 590 783 quoties
612 737 756 770 vocabat
775 748 900 770 cocum
923 747 1043 776 sunm,
1065 735 1134 768 Mi-

452 791 557 838 stylle,
569 790 822 824 utebaturvoce
830 789 1022 834 imperante
1033 787 1133 821 verbi

829 225 891 269 M.
916 224 1057 269 VAL.
1096 223 1486 267 MARTIALIS

1187 310 1348 355 μιστύλλω
1361 335 1370 351 ,
1385 309 1454 342 hoc
1476 316 1527 342 est
1537 334 1547 350 ‚
1568 320 1647 342 seco
1660 334 1670 350 ‚
1684 320 1757 355 quo
1774 309 1865 344 face-

1186 371 1242 396 tus
1260 371 1348 396 esset
1360 365 1459 408 jocus
1474 389 1483 403 ‚
1504 370 1543 395 ut
1562 362 1698 408 quoties
1722 371 1863 396 vocaret

1188 428 1312 449 cocum
1327 441 1337 458 ‚
1364 416 1556 462 imperaret
1580 415 1684 448 etiam
1708 424 1748 449 ut
1775 416 1866 449 scin-

1189 467 1289 502 deret
1324 469 1481 515 opsonia.
1520 469 1652 502 Similis
1683 477 1735 502 est
1766 470 1865 514 jocus

1191 521 1287 567 apud
1311 522 1529 556 Petronium.
1553 537 1566 549 (ι
1582 520 1692 555 Vides
1704 548 1712 563 ‚
1728 523 1846 567 inquit
1857 547 1867 562 ‚

1192 575 1293 608 illum
1322 576 1383 620 qui
1414 576 1600 621 opsonium
1626 575 1763 621 carpit?
1789 575 1869 608 Car-

1193 640 1260 674 pus
1290 637 1459 670 vocatur‚
1487 629 1603 674 itaque
1634 629 1869 674 quotiescum-

1194 693 1262 726 que
1282 681 1471 715 Trimalcio
1490 681 1576 715 dicit
1596 682 1727 727 Carpe,
1745 680 1866 714 eodem

1192 735 1302 767 verbo
1321 743 1356 768 et
1377 744 1480 768 vocat
1495 743 1530 767 et
1556 734 1750 780 imperat‚»
1773 732 1869 780 quod

1193 787 1340 821 faciebat
1361 796 1395 821 et
1417 788 1633 821 AEmilianus.

1092 923 1227 979 LII.

967 1068 1034 1095 AD
1075 1066 1360 1095 LEPOREM.

521 1196 630 1240 NON
660 1194 766 1238 facit
794 1192 849 1236 ad
876 1207 1015 1236 saevos
1041 1192 1214 1245 cervix,
1244 1191 1327 1235 nisi
1354 1191 1519 1251 prima,
1545 1190 1704 1235 leones.

596 1264 715 1323 Quid
744 1264 856 1325 fugis
881 1263 962 1306 lios
989 1261 1162 1317 dentes,
1185 1262 1412 1305 ambitiose
1440 1260 1585 1322 lepus!

527 1336 700 1380 Scilicet
727 1352 751 1378 a
782 1335 954 1394 magnis
982 1332 1035 1376 ad
1066 1342 1106 1376 te
1132 1332 1394 1377 descendere
1420 1334 1580 1389 tauris,

596 1410 680 1463 Et,
708 1422 805 1467 quae
832 1422 922 1448 non
949 1414 1157 1459 cernunt,
1187 1404 1388 1465 frangere
1418 1402 1530 1448 colla
1559 1402 1724 1447 velint?

527 1476 817 1539 Desperanda
843 1476 923 1519 tibi
952 1485 1017 1518 est
1041 1475 1226 1535 ingentis
1253 1474 1391 1536 gloria
1417 1474 1492 1518 fati
1518 1491 1525 1517 :
1859 1493 1873 1516 5

597 1550 700 1593 Non
729 1557 853 1609 potes
883 1546 968 1589 hoc
998 1546 1139 1589 tenuis
1169 1544 1316 1606 praeda
1346 1545 1424 1588 sub
1455 1546 1582 1589 hoste
1612 1545 1738 1588 mori.

517 1700 548 1720 1.
566 1686 748 1730 Nousacit.
766 1684 847 1718 Non
864 1682 1029 1717 convenit
1042 1683 1136 1716 leoni

461 1741 527 1775 nisi
540 1748 644 1786 caput
657 1748 839 1773 taurorum
851 1764 859 1778 ‚
873 1749 1038 1783 aprorum
1049 1762 1058 1777 ‚
1073 1745 1137 1769 etc.

462 1792 546 1827 Vid.
570 1794 677 1839 epigr.
697 1804 793 1830 xxlu
815 1802 930 1836 supra.
951 1811 1002 1816 —-
1016 1790 1139 1822 Prima.

462 1847 504 1880 Id
531 1855 602 1887 est,
622 1846 816 1892 primarum
838 1852 872 1877 et
896 1843 1069 1876 nobilium
1090 1843 1140 1875 fe-

463 1913 593 1933 rarum.

520 1967 552 1987 2.
574 1952 760 1986 Ambitiose,
782 1950 853 1992 Qui
871 1949 979 1983 ambis
994 1948 1142 1994 gloriam

465 2005 639 2052 pereundi
655 2018 673 2038 a
686 2005 798 2037 leone.
819 2003 875 2036 Sic
893 2003 1015 2048 vulpes
1030 2002 1141 2039 leoni,

467 2058 561 2105 apud
575 2058 788 2092 Fontanium
802 2083 811 2097 ‚
826 2057 888 2089 lib.
903 2056 974 2088 VII
988 2082 996 2098 ‚
1011 2055 1078 2088 fab.
1100 2068 1113 2087 1
1132 2066 1140 2087 ;

639 2121 711 2145 Vous
726 2119 783 2144 leur
799 2120 855 2143 sites
867 2137 872 2147 ,
891 2119 1024 2151 seigneur,

503 2168 543 2192 Eu
558 2167 595 2191 les
611 2173 735 2200 eroquant
747 2186 753 2197 ,
775 2166 908 2198 beaucoup
929 2164 1079 2188 d'honnmu:
1094 2163 1143 2194 En-

522 2220 555 2257 4.
567 2215 636 2248 Alii
651 2215 749 2247 velint
760 2214 833 2247 sine
851 2210 1122 2257 interrogatione
1136 2226 1144 2253 ;

467 2281 530 2302 nos
550 2268 697 2313 legimus
712 2294 722 2309 ,
735 2268 890 2312 frangere
911 2266 992 2298 colla
1014 2267 1140 2297 welints»

468 2321 732 2365 interrogatorie
744 2347 751 2361 ‚
772 2329 811 2353 ut
830 2318 969 2352 monuit
987 2319 1140 2351 Musam·

466 2375 555 2407 bert.
567 2375 604 2407 in
618 2374 738 2407 libello
751 2381 873 2406 contra
893 2371 1138 2405 Ramiresiuni.

1197 1684 1325 1717 ——Non
1333 1691 1459 1716 cernunt
1464 1710 1471 1717 .
1482 1684 1632 1728 Propter
1639 1683 1859 1728 exiguitatem
1866 1709 1873 1716 .

1253 1736 1286 1770 5.
1308 1737 1448 1781 Ingentis
1460 1738 1538 1780 fizti.
1556 1736 1630 1769 Hoc
1646 1745 1717 1779 est,
1732 1737 1873 1769 mortis:

1197 1789 1293 1823 vinci
1321 1790 1453 1836 quippe
1480 1804 1500 1823 a
1531 1790 1678 1823 fortibus
1705 1789 1876 1822 nonnulla

1197 1843 1272 1876 laus
1304 1852 1364 1876 est.
1395 1844 1451 1876 Sic
1480 1843 1585 1876 Ovid.
1611 1843 1672 1876 lib.
1696 1843 1742 1883 V,
1762 1843 1874 1875 Meta-

1198 1897 1339 1941 morph.
1364 1909 1377 1929 1
1389 1908 1430 1940 91
1451 1909 1459 1930 :
1481 1914 1494 1926 «
1512 1897 1639 1941 Magna
1654 1896 1742 1929 feres
1757 1895 1876 1929 tacitas

1200 1949 1319 1982 solatia
1340 1949 1462 1982 mortis
1484 1948 1528 1983 ad
1550 1949 1689 1982 umbras
1701 1975 1710 1992 ‚
1728 1949 1758 1981 A
1777 1956 1874 1982 tanto

1198 2001 1364 2035 cecidisse
1385 2002 1472 2035 viro.
1489 2020 1502 2031 n
1526 2000 1610 2034 vid.
1632 2002 1692 2034 lib.
1718 2001 1873 2046 Spectac.

1200 2056 1308 2100 epigr.
1331 2067 1429 2088 xxxn
1458 2077 1508 2082 ——
1538 2053 1701 2088 Conferri
1728 2062 1875 2100 possunt

1200 2121 1279 2141 cnm
1292 2108 1356 2141 isto
1367 2108 1616 2153 epigrammate
1634 2108 1744 2140 multa
1759 2108 1876 2153 hujus-

1203 2174 1241 2194 ce
1260 2161 1341 2193 libri
1355 2187 1364 2201 ,
1380 2161 1416 2193 in
1438 2161 1563 2206 quibus
1585 2160 1756 2193 Martialis
1777 2159 1875 2193 omni

1203 2212 1309 2247 modo
1325 2213 1418 2247 idem
1436 2222 1681 2260 argumentum
1699 2221 1874 2246 retractat.

1200 2266 1284 2299 Yid.
1314 2268 1422 2313 epigr.
1456 2280 1528 2309 vn,
1551 2279 1614 2307 xv,
1642 2278 1734 2300 xx111
1751 2293 1760 2309 ‚
1782 2279 1849 2300 XLV
1867 2291 1876 2306 ,

1200 2332 1283 2352 xm‘1
1300 2346 1308 2360 ,
1331 2333 1412 2353 xmx
1426 2346 1435 2362 ‚
1461 2329 1494 2354 et
1519 2320 1607 2353 infra
1626 2319 1734 2365 epigr.
1760 2331 1819 2352 th
1838 2326 1873 2351 et

1202 2385 1253 2406 cv.
1274 2374 1339 2406 Fu.
