2061 3288
475 202 571 257 304

846 203 907 245 Μ.
935 203 1074 246 VAL.
1115 203 1506 246 MARTIALIS

1074 353 1266 410 XLV.

998 513 1063 540 DE
1120 494 1358 542 EODEM*

541 640 752 682 FUGERIT
783 652 839 680 an
864 652 1035 681 mensas
1061 637 1250 682 Phoebus
1278 654 1534 700 coenamque
1561 641 1777 702 Thyestae,

608 709 772 769 Ignoro
797 725 805 750 :
829 706 1019 768 fugimus
1043 724 1122 752 nos
1141 742 1153 763 ,
1173 709 1408 770 Ligurine,
1431 719 1566 754 tuam.

538 777 617 823 Illa
640 778 815 839 quidem
836 777 954 822 lauta
974 788 1057 835 est,
1081 778 1351 840 dapibusque
1372 781 1582 826 instructa
1603 782 1799 844 superbis
1821 799 1829 825 :

610 849 696 893 Sed
720 848 828 893 nihil
849 849 1030 893 omnino
1045 884 1056 903 ‚
1082 859 1123 893 te
1148 851 1382 906 recitante,
1408 850 1562 912 placet.

538 918 655 964 Nolo
679 920 785 963 mihi
811 936 948 980 ponas
979 920 1239 977 rhombum,
1263 921 1502 966 mullumve
1529 923 1727 967 bilibrem
1749 941 1758 966 ε
1869 942 1882 965 ⁵

607 992 701 1035 Nec
724 989 825 1058 yolo
847 989 1037 1047 boletos,
1063 1001 1207 1035 ostrea
1233 991 1335 1037 nolo
1358 1010 1367 1035 :
1391 1003 1498 1037 tace.

521 1126 535 1140 ⁴¹
548 1129 709 1176 Ejusdem
727 1139 777 1164 est
795 1143 874 1164 cum
894 1130 1074 1177 superiore
1096 1144 1147 1165 ar-

468 1184 645 1229 gumenti,
664 1196 734 1230 quo
752 1185 934 1219 renunciat
961 1197 1067 1218 coenae
1090 1186 1148 1218 Li-

469 1237 583 1283 gurini
601 1263 609 1279 ‚
630 1237 726 1283 quod
746 1238 868 1271 acerba
886 1246 918 1271 et
935 1238 1080 1271 molesta
1098 1251 1151 1271 re-

469 1290 635 1324 citatione
661 1291 824 1324 convivas
853 1299 983 1325 enecet.
1004 1290 1090 1324 Vid.
1116 1300 1149 1325 et

470 1343 553 1377 infr.
573 1343 682 1389 epigr.
701 1357 722 1377 L

527 1411 556 1430 1.
579 1397 723 1443 Thyestis
744 1395 823 1430 Ald.
853 1397 952 1429 Junt.
977 1397 1094 1431 Colin.
1115 1405 1149 1430 et

470 1449 546 1483 aliae
577 1458 661 1483 vett.
691 1472 744 1476 —
775 1451 910 1494 Fugerit
943 1463 984 1481 an
1016 1463 1146 1483 mensas.

471 1502 641 1548 Thyestes
659 1503 752 1535 filius
767 1503 832 1535 fuit
847 1503 986 1547 Pelopis
1004 1516 1044 1535 cx
1060 1503 1148 1548 Hip-

470 1554 634 1601 podamia
647 1581 655 1596 ‚
672 1564 774 1600 atque
789 1568 899 1600 nepos
916 1555 1052 1588 Tantali
1067 1581 1075 1596 ,
1088 1555 1149 1600 qui

472 1621 616 1641 uxorem
636 1609 750 1641 fratris
770 1608 823 1641 sui
838 1608 933 1641 Atrei
954 1608 990 1640 in
1013 1607 1149 1641 adulte-

472 1661 563 1694 rium
583 1662 726 1707 pellexit
738 1687 746 1703 ,
767 1669 871 1706 atque
889 1673 929 1694 ex
945 1673 983 1693 ea
998 1661 1149 1706 suscepit

472 1714 586 1755 filios,
618 1727 707 1760 quos·
733 1716 857 1747 Atreus
892 1714 928 1746 in
955 1713 1148 1747 vindictam

472 1768 557 1801 tanti
572 1767 708 1801 sceleris
727 1766 839 1800 eidem
854 1767 1016 1813 Thyestae
1035 1779 1149 1800 come-

473 1819 607 1854 dendos
634 1821 805 1866 apposuit.
830 1821 1018 1866 Propterea
1040 1828 1151 1866 poetae

473 1873 612 1919 fingunt
635 1874 751 1907 Solem
780 1874 928 1907 horrore
958 1881 1060 1906 tantae
1085 1874 1150 1906 im-

474 1927 650 1960 manitatis
687 1927 892 1972 expalluisse
909 1953 918 1968 ,
945 1934 1151 1972 mutatoque

473 1980 580 2013 solito
599 1993 702 2013 cursu
716 2005 725 2019 ‚
740 1979 884 2013 rediisse
901 1978 944 2012 ad
963 1981 1149 2012 Auroram.

475 2032 568 2066 Vide
596 2033 761 2067 Senecam
794 2033 829 2066 in
865 2033 1010 2078 Thyest.
1038 2041 1071 2066 et
1101 2032 1151 2065 ibi

475 2096 721 2132 argumentum
743 2086 919 2119 Farnabii.
942 2084 1025 2120 Vid.
1047 2085 1151 2119 etiam

475 2152 576 2172 versu
598 2144 697 2185 774:
733 2158 746 2169 «
767 2140 798 2172 Ο
828 2139 957 2171 Phoebe
990 2138 1125 2183 patiens
1143 2165 1151 2180 ,

479 2192 608 2238 fugeris
641 2202 735 2227 retro
758 2193 855 2233 licet,
877 2190 1072 2237 Medioque
1093 2205 1153 2224 ru-

478 2254 579 2290 ptum
597 2247 756 2279 merseris
772 2246 853 2279 caelo
870 2244 984 2286 diem,
999 2244 1084 2278 Sero
1095 2257 1152 2278 oc-

478 2298 606 2332 cidisti.
616 2317 628 2328 »
636 2298 752 2331 Viden
759 2298 803 2331 da
813 2307 862 2332 est
873 2297 1034 2343 tragoedia
1049 2310 1155 2343 quam

479 2352 615 2396 scripsit
637 2352 849 2385 carminibus
864 2351 994 2397 gallicis
1012 2351 1155 2384 Nostras

483 2404 661 2444 Cre'lu'llmz,
684 2407 782 2438 Atrc'e
812 2413 844 2437 et
868 2405 1027 2451 Tlrieste;
1055 2412 1089 2436 et
1120 2404 1155 2436 in

477 2457 601 2502 primis
621 2458 785 2491 sublimes
802 2458 852 2491 illi
871 2470 990 2491 versus
1002 2483 1011 2498 ,
1029 2458 1155 2502 quibus

481 2509 595 2542 Solem
637 2511 820 2557 compellat
861 2511 1126 2555 Clytemnaestra
1147 2536 1156 2549 ,

1206 1140 1273 1167 act.
1302 1134 1354 1175 V,
1385 1146 1432 1167 sc.
1465 1138 1485 1174 4
1500 1159 1510 1175 ,
1545 1134 1639 1180 apud
1668 1133 1885 1180 Iphigeniam

1209 1187 1346 1220 Racinii
1364 1187 1478 1233 magni
1499 1201 1507 1221 ε

1210 1257 1241 1280 Et
1254 1258 1306 1285 toi,
1317 1255 1391 1280 soleil
1401 1275 1407 1284 ‚
1422 1263 1447 1279 et
1465 1258 1499 1280 toi
1514 1275 1520 1285 ‚
1538 1257 1582 1290 qui
1600 1257 1663 1279 dans
1677 1262 1740 1280 cette
1753 1254 1857 1280 contre'e

1211 1302 1356 1327 Reconnais
1376 1302 1502 1326 l'he'ritier
1516 1309 1540 1326 et
1557 1301 1580 1325 le
1595 1303 1647 1326 vrai
1660 1301 1698 1325 fils
1712 1302 1835 1330 d'Atree3

1211 1349 1260 1373 Τοί
1273 1367 1279 1378 ,
1299 1350 1343 1382 qui

1210 1395 1322 1420 Recule!
1342 1396 1372 1420 ils
1385 1396 1447 1420 t'ont
1457 1396 1544 1429 appris
1561 1405 1587 1419 ce
1600 1396 1699 1419 funeste
1713 1395 1823 1419 chemin.
1835 1396 1884 1419 En.

1360 1351 1441 1373 n'osus
1456 1350 1489 1373 du
1505 1348 1567 1382 pere
1586 1348 1693 1372 erlairer
1710 1348 1734 1372 le
1748 1348 1841 1377 festia,

1265 1463 1297 1483 2.
1319 1450 1473 1494 Fugimus
1493 1462 1558 1482 nos.
1579 1449 1631 1481 Ne
1647 1462 1813 1494 cogamur
1828 1461 1885 1482 au-

1208 1502 1284 1536 dire
1306 1512 1340 1536 te
1362 1502 1578 1535 recitantem.
1596 1502 1718 1547 Epigr.
1740 1515 1760 1534 L
1781 1501 1884 1535 infra.

1265 1557 1296 1588 5.
1320 1555 1506 1588 lemhum.
1526 1555 1659 1588 Gallice
1674 1584 1684 1597 ‚
1703 1555 1817 1587 turbor.
1834 1576 1886 1580 —

1208 1608 1356 1642 Illullum.
1382 1609 1530 1648 Gallice,
1554 1607 1700 1641 huz-beau.
1729 1629 1780 1634 ——-
1804 1608 1885 1640 Bili-

1210 1661 1303 1694 brem.
1315 1661 1418 1694 Mulli
1428 1661 1572 1694 bilibres
1586 1673 1711 1705 magno
1724 1661 1758 1693 in
1771 1660 1886 1706 pretio

1209 1722 1328 1754 erant,
1352 1722 1538 1759 propterea
1568 1713 1664 1758 quod
1691 1712 1728 1747 id
1748 1712 1887 1758 pondus

1209 1780 1288 1800 raro
1313 1766 1536 1800 excedebant.
1562 1766 1657 1799 Vide
1679 1778 1756 1812 quae
1777 1765 1887 1799 adno-

1210 1820 1362 1853 tavimus
1375 1846 1384 1860 ,
1394 1820 1456 1853 lib.
1470 1820 1505 1852 II
1520 1845 1528 1860 ‚
1549 1819 1752 1865 epigramm.
1771 1830 1864 1853 XLIII
1877 1844 1886 1860 ‚

1209 1885 1260 1907 vs.
1291 1885 1347 1907 11.
1367 1873 1490 1907 Horat.
1519 1873 1622 1905 satir.
1647 1872 1706 1905 lib.
1741 1885 1781 1905 11
1799 1898 1808 1914 ‚
1835 1884 1885 1905 vs.

1213 1926 1258 1960 33
1282 1939 1289 1959 ;
1317 1944 1329 1955 «
1350 1924 1511 1967 Laudas,
1542 1925 1683 1966 insane,
1713 1924 1886 1957 trilibrem

1210 1980 1371 2011 mullum.
1393 1996 1407 2008 »
1431 1978 1651 2012 Recitatione
1684 1978 1887 2023 importuna

1210 2031 1387 2065 fastidium
1421 2031 1513 2077 paris
1546 2032 1706 2064 ciborum
1735 2030 1886 2076 exquisi-

1211 2085 1427 2118 tissimorum
1451 2082 1464 2123 (
1483 2084 1574 2117 inter
1597 2096 1684 2129 quos
1704 2082 1796 2129 apud
1814 2084 1886 2115 Ve-

1212 2146 1300 2171 teres
1313 2164 1321 2178 ‚
1343 2138 1513 2171 rhombus
1526 2163 1535 2178 ‚
1551 2137 1701 2177 mullus,
1720 2136 1828 2169 boleti
1849 2144 1885 2169 et

1212 2185 1352 2234 ostrea).
1371 2191 1437 2223 ΕΙ).

1268 2247 1303 2278 6.
1337 2244 1475 2277 Boletos.
1507 2243 1648 2288 Fungos
1673 2241 1863 2288 exquisitos
1878 2267 1886 2283 ‚

1214 2310 1300 2342 quos
1319 2305 1460 2341 argento
1477 2304 1510 2329 et
1529 2308 1615 2329 auro
1634 2296 1773 2341 praefert
1793 2295 1887 2327 Mar-

1216 2351 1318 2383 tialis.
1336 2349 1421 2383 Vid.
1448 2349 1507 2382 lib.
1529 2351 1565 2389 I,
1585 2349 1788 2394 epigramm.
1808 2359 1866 2380 xxr
1879 2373 1887 2387 ,

1215 2417 1247 2436 V.
1269 2418 1301 2436 2.
1320 2424 1372 2430 —-
1396 2403 1488 2435 Tace.
1504 2402 1597 2434 Volo
1619 2409 1753 2434 tantum
1777 2408 1816 2433 ut
1837 2409 1887 2432 ta·

1216 2469 1301 2489 ceas.
1331 2454 1419 2488 Vide
1442 2456 1503 2488 lib.
1527 2456 1573 2495 V,
1597 2455 1705 2500 epigr.
1730 2465 1886 2491 Lxxvnt,

1216 2522 1249 2542 v.
1272 2510 1316 2543 25
1332 2521 1340 2549 ;
1354 2517 1387 2542 et
1400 2508 1460 2542 lib.
1477 2508 1528 2540 XI
1540 2535 1549 2549 ,
1567 2507 1676 2553 epigr.
1695 2518 1768 2547 Lu,
1782 2519 1814 2538 v.
1829 2507 1884 2538 16.
