2061 3288
453 232 540 279 152
811 232 873 275 M.
901 233 1041 276 VAL.
1082 233 1475 278 MARTIALIS

656 321 766 377 Quis
787 319 1034 381 spectacula
1056 337 1144 364 non
1169 331 1293 382 putet
1314 321 1544 366 Deorum?

657 393 762 436 Haec
784 392 936 436 transit
962 400 1131 446 tamen⁷
1157 401 1203 435 ut
1223 393 1416 449 minora,
1440 392 1631 454 quisquis

653 464 850 506 Venatus
874 461 1060 506 humiles
1081 461 1200 506 videt
1223 462 1420 520 leonum,

658 533 783 590 Quos
806 531 934 577 velox
954 532 1153 593 leporum
1178 534 1310 577 timor
1334 533 1496 595 fatigat.

660 605 922 659 Dimittunt‚
943 613 1169 665 repetunt,
1190 614 1425 666 amantque
1448 614 1599 666 captos
1614 639 1625 659 ‚
1834 622 1862 646 ιε,

660 677 717 719 Et
739 676 935 719 securior
958 685 1023 719 est
1042 675 1086 717 in
1111 691 1186 719 ore
1211 675 1381 737 praeda;

661 748 805 790 Laxos
828 747 897 790 cui
917 746 1021 790 dare
1043 746 1300 807 perviosque
1325 747 1457 790 rictus

664 817 892 873 Gaudent,
915 827 958 861 et
978 816 1154 861 timidos
1178 827 1327 861 tenere
1351 816 1521 872 dentes,

658 887 839 932 Mollem
861 888 1062 949 frangere
1087 887 1192 932 dum
1213 888 1350 949 pudet
1370 889 1589 948 rapinam,

662 959 816 1003 Stratis
841 975 976 1020 quum
1001 958 1134 1003 modo
1156 960 1353 1003 venerint
1372 959 1581 1019 J'uvencis.

659 1032 765 1074 Haee
786 1028 1015 1074 clementia
1038 1047 1127 1074 non
1152 1040 1332 1091 paratur
1354 1040 1467 1085 arte,

659 1100 744 1145 Sed
766 1111 929 1145 norunt
953 1102 1022 1145 eui
1049 1101 1239 1145 serviant
1264 1101 1423 1145 leones.

452 1241 536 1263 nere
545 1227 753 1275 gladiatorio
763 1254 773 1270 ,
786 1227 958 1274 quosdam
972 1227 1133 1261 incondi-
1193 1240 1322 1262 vencos
1331 1227 1584 1261 interemerint.
1594 1225 1677 1260 Vid.
1687 1226 1796 1272 epigr.
1806 1237 1870 1264 LII,

454 1292 507 1317 tos
526 1290 641 1316 motus
662 1280 822 1321 edidere,
842 1281 1041 1315 saltantium
1061 1293 1134 1314 mo·
1193 1294 1227 1315 v.
1254 1282 1272 1314 3
1294 1307 1303 1322 ,
1327 1289 1360 1314 et
1377 1281 1485 1326 epigr.
1507 1292 1566 1314 LXI
1584 1306 1592 1321 ‚
1609 1293 1642 1313 v.
1668 1284 1686 1320 4
1701 1304 1710 1321 ‚
1728 1291 1842 1325 supra.

454 1335 513 1369 do.
530 1352 544 1365 ι)
567 1335 781 1380 Elephantos
799 1334 966 1380 intellige.
1250 1347 1310 1367 22.
1342 1335 1384 1366 In
1415 1334 1483 1367 hoc
1515 1346 1616 1367 versu
1649 1333 1796 1366 verbum
1821 1334 1872 1364 cui

513 1402 526 1422 1
539 1401 570 1422 2.
589 1389 671 1421 Haec
685 1391 810 1421 transit.
827 1388 953 1421 Sensus
970 1396 1019 1421 est
1036 1399 1044 1420 :
1059 1387 1135 1420 haec
1194 1384 1419 1428 ὃισσυλλαβῶς
1440 1385 1640 1432 legendum.
1661 1386 1707 1419 At
1727 1385 1764 1418 in
1784 1385 1873 1418 Jun-

456 1442 571 1475 omnia
598 1449 739 1487 superat
762 1442 923 1487 leporum
947 1441 1043 1474 lusus
1070 1452 1135 1485 per
1195 1440 1409 1488 tina-nostra
1426 1439 1575 1485 margini
1592 1437 1781 1484 ascriptum
1797 1445 1871 1471 est:

454 1496 564 1528 rictus
581 1495 736 1527 leonum.
1201 1510 1214 1522 «
1238 1492 1296 1525 dni
1314 1492 1448 1525 indolem
1467 1493 1585 1532 leones,
1602 1490 1710 1525 codex
1729 1502 1870 1524 mensu»

514 1561 528 1582 1
540 1548 572 1581 3.
596 1548 752 1580 Humiles.
774 1546 881 1588 Quasi
899 1545 1061 1579 leonibus
1081 1545 1135 1578 in·
1195 1546 1219 1579 i.
1234 1558 1264 1579 e.
1279 1545 1345 1579 Sed
1355 1554 1470 1578 norunt
1482 1546 1602 1578 domini
1613 1544 1748 1578 indolem
1762 1545 1873 1577 leones.

457 1600 592 1646 dignos.
1197 1599 1315 1632 Verba
1334 1595 1392 1631 diei
1413 1606 1446 1632 et
1467 1601 1518 1631 cui
1535 1610 1636 1643 paene
1653 1597 1778 1631 similia
1796 1604 1877 1630 sunt

515 1666 528 1686 1
540 1658 572 1692 4.
585 1654 740 1699 Leporum
754 1655 857 1686 timor.
870 1653 1056 1698 Eleganter
1069 1663 1137 1697 pro
1198 1652 1234 1684 in
1256 1651 1408 1698 antiquis
1430 1651 1653 1684 membranis.
1667 1672 1719 1677 ——
1739 1650 1800 1683 Cui
1811 1663 1876 1682 ser·

458 1709 574 1753 lepores
592 1707 703 1740 timidi.
1193 1708 1295 1738 viant.
1318 1704 1446 1739 Caesari
1459 1705 1532 1738 scil.
1548 1704 1746 1737 Domitiano
1758 1728 1767 1744 ‚
1779 1704 1878 1749 cujus

516 1773 573 1803 19.
594 1761 775 1804 Frangere,
804 1758 842 1792 id
863 1766 932 1800 est,
961 1756 1135 1791 occidere.
1195 1758 1415 1792 clementiam
1431 1784 1440 1799 ,
1467 1758 1614 1790 numine
1642 1757 1717 1802 ejus
1743 1755 1875 1797 afflati,

458 1813 551 1847 Vide
569 1813 678 1860 epigr.
698 1825 793 1847 xx111
810 1837 819 1854 ‚
836 1825 870 1845 v.
891 1824 907 1844 2
925 1837 933 1853 ‚
953 1824 1068 1857 supra.
1195 1811 1378 1853 referunt;
1404 1811 1465 1844 lib.
1489 1810 1603 1857 Spect.
1633 1809 1743 1855 epigr.
1774 1820 1874 1843 xvn:

516 1879 574 1900 20.
611 1866 774 1899 Γσηιψὶηΐ.
815 1866 858 1898 In
896 1877 1050 1898 arenam.
1086 1886 1138 1890 —
1203 1882 1216 1894 «
1237 1863 1350 1899 Crede
1368 1864 1456 1897 mihi
1469 1890 1478 1905 ‚
1494 1876 1626 1897 numen
1645 1864 1749 1896 sentit
1768 1870 1803 1895 et
1820 1861 1879 1895 ille

459 1920 576 1953 Stratis
600 1921 752 1964 juvencis.
782 1919 917 1951 Leones
943 1917 1055 1964 pudet
1085 1917 1139 1950 in-
1200 1926 1310 1951 tuum.
1331 1936 1344 1948 »
1365 1918 1410 1951 Et
1429 1917 1538 1963 epigr.
1559 1928 1683 1950 xxxn:
1702 1933 1715 1944 «
1737 1915 1877 1948 Numen

458 1973 620 2006 terimere
646 1973 805 2018 lepores,
831 1984 940 2017 quum
963 1969 1068 2004 modo
1087 1972 1140 2015 ju·
1200 1971 1307 2004 habet
1321 1972 1456 2012 Caesar3
1478 1982 1571 2004 sacra
1593 1977 1643 2002 est
1659 1968 1729 2010 vis,
1745 1976 1809 2002 etc.
1834 1985 1847 1997 ιο

1088 2103 1249 2161 CVI.

985 2244 1051 2271 Al)
1090 2242 1348 2271 OVIDIUM.

530 2366 583 2407 IN
607 2364 919 2415 Nomentanis,
945 2362 1100 2417 Ovidi,
1125 2361 1243 2423 quod
1269 2363 1460 2405 nascitur
1486 2361 1624 2421 agris,

540 2481 748 2539 Incipevog
775 2474 927 2529 πεδίοις
958 2479 1011 2522 ἐνὶ
1041 2480 1347 2538 Νωμεντανοῖσι
1373 2477 1568 2529 meam),

520 2621 549 2641 1.
581 2607 749 2650 Quaedam
775 2608 983 2653 exemplaria
1013 2607 1143 2641 habent
1204 2615 1286 2639 tano
1302 2618 1383 2651 agro
1395 2630 1405 2645 ·›
1417 2617 1487 2637 non
1501 2601 1629 2648 procul
1648 2602 1689 2635 ab
1707 2601 1811 2642 urbe,
1829 2601 1880 2634 vi-

463 2665 556 2695 arvis.
571 2683 622 2688 ——
639 2662 676 2694 In
695 2661 910 2694 Nomentanis.
927 2662 967 2693 In
983 2660 1140 2694 Nomen·
1201 2671 1301 2692 neam
1322 2658 1472 2691 habebat
1490 2657 1614 2696 Poeta,
1633 2656 1732 2699 cujus
1752 2654 1876 2687 vinum
