2061 3288
459 232 522 277 92

823 217 885 261 M.
908 219 986 261 VA
1002 219 1051 261 L.
1092 219 1489 264 MARTIALIS

527 304 679 348 Tutior
702 305 746 347 in
774 303 863 348 sola
891 322 981 349 non
1006 315 1071 350 est
1096 323 1229 367 quum
1261 309 1398 352 currit
1422 325 1575 365 arena,
1860 327 1874 351 5

597 376 688 418 Nee
710 391 853 419 caveae
876 385 997 420 tanta
1019 377 1222 422 conditur
1245 378 1314 423 ille
1338 379 1437 423 fide.

527 446 570 488 Si
596 446 734 489 vitare
766 463 922 491 canum
951 464 1147 505 morsus,
1177 448 1300 510 lepus
1331 450 1553 511 improbe,
1575 451 1756 511 quaeris;

599 517 667 560 Ad
696 533 792 578 quae
817 517 1066 579 confugias,
1095 536 1171 563 ora
1197 519 1333 564 leonis
1354 521 1501 565 habes.

458 637 583 683 accipit
607 638 645 672 in
668 647 765 672 tanto
788 652 892 673 cursu
914 648 948 673 et
967 653 1111 674 recursu
1127 667 1135 683 ‚

456 691 614 735 ingressu
645 701 678 725 et
704 705 854 738 egressu.
889 693 1009 727 Minus
1034 694 1133 728 bene.

457 743 541 777 vid.
560 745 669 790 epigr.
690 758 745 779 vn
766 759 844 791 sup.
859 753 893 779 et
912 747 1021 780 multa
1042 748 1118 781 alia.

512 799 544 831 5.
578 799 693 831 Tutior
713 802 744 832 in
771 800 835 832 sole
858 800 959 833 Junt.
984 822 1036 826 —-
1057 801 1137 834 Sola

456 864 565 884 arena.
589 853 631 885 In
650 865 720 898 qua
742 865 813 885 non
835 862 916 887 sunt
935 853 1029 887 ferae.

1251 644 1284 675 6.
1305 641 1418 676 Caoeae
1425 641 1505 687 fide.
1524 642 1637 676 Cavea
1655 650 1706 676 est
1724 642 1821 676 locus
1838 642 1875 676 in

1196 707 1269 740 quo
1288 696 1447 738 aluntur,
1465 695 1760 741 continenturque
1782 695 1875 729 feroe.

1196 747 1325 781 Fidelis
1351 747 1482 781 dicitur
1507 749 1588 796 quia
1617 762 1671 782 eas
1700 748 1874 791 custodit,

1197 809 1355 847 tutasque
1373 802 1517 847 praebet.

1251 868 1285 899 7.
1309 855 1464 900 Improbe.
1483 855 1645 897 Lascive,
1664 853 1874 888 ludibunde.

1135 989 1197 1045 L.

456 1120 747 1150 LICINIANUM
787 1122 836 1149 IN
876 1120 1141 1150 H1SPAN1AM
1181 1122 1586 1152 PROFIClSCENTEM
1626 1123 1688 1152 AD

1726 1123 1874 1152 VITAM

679 1210 919 1240 RUSTJCAM
959 1212 1016 1240 ET
1055 1212 1304 1241 GENIALEM
1343 1212 1612 1241 HORTATUR.
1636 1191 1654 1210 ῃ

595 1313 686 1355 Vm
708 1311 938 1356 Celtiberis
959 1330 1048 1356 non
1072 1313 1254 1357 tacende
1280 1313 1502 1374 gentibus,

665 1385 925 1443 Nostraeque
951 1383 1043 1427 lans
1070 1385 1312 1445 Hispaniae,

594 1453 776 1497 Videbis
802 1453 956 1508 altam,
982 1455 1227 1509 Liciniamx,
1251 1453 1437 1498 Bilbilim
1453 1491 1464 1510 ,

667 1526 803 1585 Aquis
829 1535 872 1568 et
892 1526 1023 1568 armis
1048 1524 1264 1581 nobilem,

508 1649 525 1662 ’Υ
546 1651 607 1684 Ad
622 1652 786 1684 Liciamcm
814 1652 853 1683 de
883 1652 1052 1696 Hispania?
1087 1652 1133 1684 lo-

454 1706 498 1737 cis
525 1705 624 1738 Junt.
655 1717 709 1738 an.
742 1706 850 1738 1512.
880 1705 940 1738 Ad
962 1700 1105 1751 Lyciam-1
1122 1731 1131 1743 ,

455 1766 520 1791 etc.
532 1758 646 1791 Colin.
671 1770 684 1790 1
696 1758 712 1791 5
723 1759 780 1791 28.
796 1756 878 1791 Vid.
896 1758 1052 1790 Turneb.
1069 1757 1132 1789 lib.

456 1811 598 1851 XXIII,
612 1823 687 1856 cap.
708 1815 766 1851 24.
784 1811 999 1843 Ramiresius
1019 1818 1135 1843 censet

455 1864 504 1897 sic
525 1865 650 1897 lemma
675 1862 937 1897 emendandum
960 1876 1030 1897 esse
1050 1877 1056 1896 :
1078 1864 1139 1896 Ad

456 1917 620 1949 Licianum
631 1917 671 1949 tle
685 1919 755 1949 ‘vita
775 1919 891 1949 rustica
902 1931 913 1956 ,·
924 1916 1011 1950 illud
1023 1917 1115 1949 enim
1127 1943 1135 1958 ‚

457 1971 496 2002 de
515 1971 682 2015 Hispania>
701 1970 777 2003 locis
790 1998 798 2010 ,
819 1971 862 2003 ab
884 1971 1004 2015 aliquo
1026 1971 1135 2003 sciolo

456 2022 628 2057 additum.

504 2090 533 2110 1.
549 2076 724 2110 Celtiberis.
738 2076 904 2110 Celtiberi
917 2084 999 2109 sunt
1010 2076 1135 2121 Hispa-

457 2130 523 2162 niae
551 2130 820 2163 Tarraconensis
845 2130 967 2175 populi
988 2143 1003 2161 a
1027 2129 1135 2162 Gallis

457 2183 548 2216 circa
566 2183 781 2216 Garumnam
797 2182 1013 2228 positisrqni
1031 2182 1136 2216 Celtae

457 2237 684 2276 vocabantur,
695 2235 858 2277 oriundi,
877 2236 939 2280 qni
959 2248 1067 2280 quum
1079 2247 1137 2267 ve-

458 2290 571 2322 nissen
579 2289 641 2322 tad
651 2290 792 2322 Iberum
803 2289 978 2334 Hispaniae
989 2288 1135 2327 flumen,

457 2342 577 2388 ibique
614 2342 852 2375 consedissent
872 2368 880 2382 ‚
923 2340 1136 2374 addiderunt

459 2408 522 2428 suo
550 2396 686 2428 nomini
710 2408 843 2428 nomen
867 2395 1021 2427 fluminis
1041 2397 1137 2438 juxta

459 2448 555 2493 quod
569 2447 797 2481 consederant
809 2462 817 2489 3
832 2457 864 2481 et
877 2448 1043 2481 Celtiberi
1057 2456 1137 2480 sunt

460 2502 585 2534 vocati.
603 2502 705 2533 Nunc
731 2514 851 2546 inagna
880 2510 930 2534 est
951 2513 1030 2546 pars
1050 2503 1136 2533 Ara·

460 2555 573 2599 goniae
594 2563 627 2586 et
649 2554 815 2587 Castellae.
848 2576 889 2579 —-
904 2555 977 2587 Non
998 2554 1135 2587 tacende.

461 2607 658 2641 Clarissiine
674 2633 682 2646 ‚
704 2606 809 2640 ‹lecns
835 2615 868 2639 et
889 2608 1049 2640 columen
1072 2606 1135 2640 Hi-

461 2660 599 2706 spaniae.
609 2659 693 2693 Vid.
705 2659 815 2705 epigr.
830 2661 1006 2693 Lx11infra
1017 2685 1026 2701 ,
1042 2674 1074 2694 v.
1088 2672 1099 2693 1
1110 2673 1134 2693 1.

1249 1651 1281 1684 3.
1310 1653 1440 1684 Liciane
1461 1652 1495 1684 in
1518 1651 1650 1685 multis.
1679 1673 1732 1677 —
1760 1652 1875 1685 Altam

1194 1704 1350 1738 Bilbilim.
1389 1705 1568 1750 Hispaniae
1601 1705 1876 1738 Tarraconensis

1193 1757 1364 1803 oppidum
1385 1783 1392 1799 ‚
1423 1758 1594 1792 Martialis
1628 1766 1661 1791 et
1700 1757 1875 1791 Liciniani

1192 1811 1362 1856 patriam,
1385 1812 1483 1855 cujus
1501 1812 1585 1845 situs
1607 1809 1715 1844 hodie
1737 1811 1875 1855 ignora·

1194 1873 1271 1904 tur;
1292 1877 1420 1910 pagum
1445 1877 1516 1898 esse
1537 1876 1633 1897 nunc
1661 1862 1754 1909 apud
1774 1862 1875 1895 Cata-

1194 1918 1296 1962 lciwd
1330 1917 1482 1950 affirmat
1503 1916 1704 1959 Ferrarius,
1731 1916 1875 1949 nomine

1193 1971 1341 2003 Baubola
1360 1998 1368 2010 ‚
1393 1983 1454 2004 seu
1484 1970 1655 2003 Bamhola.
1683 1988 1735 1995 —·
1762 1969 1875 2014 Negat

1194 2032 1308 2056 autem
1334 2023 1502 2068 hispanus
1523 2024 1665 2055 Ramires
1684 2022 1722 2054 de
1738 2023 1871 2063 Prado,

1195 2075 1293 2121 quod
1318 2075 1506 2120 Gamla-‘rud
1528 2076 1563 2108 in
1586 2076 1693 2121 plano
1715 2075 1780 2117 sit,
1799 2075 1871 2108 Bil-

1194 2130 1275 2162 bilis
1298 2137 1415 2162 autem
1444 2130 1512 2161 alta
1539 2129 1664 2170 fuerit,
1687 2127 1723 2160 id
1745 2136 1816 2170 est,
1837 2128 1874 2161 in

1194 2190 1313 2215 monte
1351 2182 1425 2216 sita.
1457 2181 1551 2215 Vide
1584 2181 1628 2215 de
1661 2181 1845 2214 Liciniano
1859 2205 1869 2222 ‚

1194 2236 1284 2269 Plin.
1309 2235 1370 2268 lib.
1389 2236 1454 2276 IV,
1477 2236 1577 2280 epist.
1603 2247 1616 2268 1
1629 2248 1642 2268 1
1659 2247 1669 2275 ;
1687 2242 1721 2267 et
1742 2233 1787 2266 de
1802 2234 1874 2267 Bil-

1194 2289 1273 2328 hili,
1296 2289 1388 2322 Plin.
1411 2289 1473 2322 lib.
1491 2288 1668 2329 XXXIX,
1689 2299 1763 2332 cap.
1787 2291 1846 2327 14.

1252 2346 1285 2381 ά.
1301 2343 1405 2388 Aquis
1418 2350 1447 2373 et
1462 2345 1557 2373 armis
1570 2354 1640 2374 non
1654 2348 1770 2373 autem
1786 2342 1872 2384 equis

1194 2394 1381 2440 legendnm
1399 2403 1516 2428 censet
1529 2396 1670 2427 Ramires
1686 2393 1724 2425 de
1739 2392 1851 2425 Prado
1861 2419 1869 2432 ,

1196 2456 1229 2481 et
1255 2448 1418 2493 intelligit
1437 2448 1616 2487 Salonem,
1639 2446 1727 2478 infra
1752 2458 1786 2478 v.
1813 2457 1871 2478 12.

1196 2500 1289 2534 Vide
1301 2502 1360 2534 lib.
1373 2502 1438 2542 IV,
1455 2501 1563 2546 epigr.
1580 2512 1637 2539 LV,
1649 2508 1682 2532 et
1697 2499 1757 2531 lib.
1769 2499 1871 2538 XIV,

1195 2555 1304 2599 epigr.
1321 2566 1449 2586 xxxui.
1460 2574 1513 2579 -——
1525 2553 1630 2598 Aquis
1648 2559 1679 2583 et
1694 2554 1799 2584 armis.
1816 2550 1873 2583 Sic

1197 2620 1275 2640 cum
1292 2606 1483 2639 Ramiresio
1499 2605 1644 2650 legimus
1655 2629 1663 2642 ,
1685 2612 1760 2637 tum
1776 2603 1873 2649 quod

1196 2660 1479 2693 Bilbilitanorum
1500 2670 1671 2703 equorum
1695 2658 1791 2691 nulla
1813 2669 1872 2690 usa
