2061 3288
808 233 869 275 M.
897 234 1038 276 VAL.
1077 233 1470 277 MARTIALIS

1008 385 1258 442 XXIX.

945 542 1012 570 DE
1050 521 1312 571 ACERRAf

498 666 538 707 H
544 679 750 709 ESTERNO
779 665 930 710 foetere
955 682 1077 710 mero
1107 668 1181 727 qui
1208 665 1346 711 credit
1369 669 1601 721 Acerram,

564 734 746 780 Fallitur
772 753 781 779 :
808 737 851 780 in
875 735 1018 782 lucem
1044 754 1217 798 semper
1241 738 1403 782 Acerra
1428 737 1549 782 bibit.

483 868 498 883 ⁴¹
514 874 613 908 Nihil
630 874 666 908 in
686 875 754 909 hoc
775 875 1024 923 epigrammate
1049 889 1109 911 va-

431 927 524 960 riant
544 928 768 974 exemplaria.

488 993 519 1014 1.
540 981 707 1015 Acerram.
736 982 874 1016 Nomen
902 991 954 1017 est
977 983 1045 1017 viri
1070 984 1107 1016 in

431 1033 499 1066 hoc
524 1034 622 1076 loco;
649 1035 731 1068 alias
752 1036 975 1070 thuribulum
1002 1037 1109 1082 signi-

432 1086 522 1120 ficat.

487 1153 520 1173 2.
538 1140 576 1173 Ιιι
593 1140 699 1174 lucem.
722 1142 841 1187 Usque
858 1142 895 1175 in
914 1141 1021 1176 diem.
1036 1143 1108 1176 He-

429 1200 585 1226 sternum
612 1194 816 1228 convivium
838 1204 941 1229 nocte
963 1196 1107 1231 inchoa-

1132 921 1136 924 *
1168 885 1245 910 tum
1257 876 1436 922 protrahit
1449 876 1487 910 in
1501 889 1663 910 auroram
1675 902 1683 917 ‚
1695 874 1845 922 ideoque

1168 930 1342 964 hodierno
1361 943 1498 976 semper
1525 943 1621 963 mero
1641 930 1753 971 foetet,
1772 942 1844 962 non

1169 991 1304 1017 tantum
1333 983 1508 1017 hesterno,
1537 983 1593 1016 Sic
1623 983 1720 1028 quasi
1743 995 1846 1015 excu-

1170 1036 1279 1071 sando
1312 1037 1451 1082 gravius
1479 1043 1644 1070 accusat:
1665 1036 1725 1081 qui
1756 1043 1846 1068 totos

1170 1089 1242 1124 dies
1252 1099 1374 1136 potare
1384 1091 1549 1123 Acerram
1561 1088 1686 1129 credit,
1696 1088 1846 1128 fallitur3

1169 1152 1267 1189 potat
1295 1144 1396 1176 etiam
1419 1151 1507 1176 totas
1528 1150 1646 1176 noctes
1671 1141 1757 1174 bibo
1788 1141 1846 1174 ille

1169 1196 1361 1231 indefessus
1381 1208 1591 1241 semperque
1608 1207 1741 1229 recens.

1037 1331 1244 1388 XXX.

692 1475 760 1503 AD
798 1476 1178 1517 FIDENTINUM,
1217 1476 1585 1506 PLAGIARIUM.

505 1601 644 1643 FAMA
670 1600 805 1644 refert
830 1610 1004 1646 nostros
1031 1611 1098 1658 te,
1123 1601 1372 1657 Fidentine,
1394 1600 1562 1645 libellos

576 1671 679 1715 Non
708 1670 833 1715 aliter
858 1671 1044 1733 populo,
1069 1688 1200 1733 quam
1230 1673 1414 1717 recitare
1442 1681 1554 1715 tuos.

506 1742 550 1784 Si
577 1758 674 1786 mea
704 1744 770 1786 vis
801 1743 911 1797 dici,
941 1744 1072 1804 gratis
1103 1744 1181 1788 tibi
1213 1744 1408 1788 carmina
1432 1743 1613 1786 mittam.

576 1813 621 1856 Si
648 1813 732 1857 dici
759 1823 835 1858 tua
860 1815 950 1869 vis;
980 1814 1074 1859 haee
1100 1831 1218 1871 eme,
1246 1831 1302 1858 ne
1331 1830 1428 1858 mea
1459 1814 1557 1857 sint.

498 1964 511 1984 1
522 1978 529 1985 .
542 1951 604 1985 Est
612 1952 714 1997 jocus
726 1952 762 1985 in
779 1951 944 1987 eumdem
959 1951 1117 1986 Fidenti-

440 2017 525 2037 num
539 2005 746 2051 plagiarium
756 2032 764 2047 ‚
778 2019 882 2052 quem
896 2007 1014 2040 multis
1027 2006 1117 2039 infra

441 2059 476 2090 in
498 2058 585 2091 locis
602 2060 728 2104 pungit
745 2052 884 2093 Noster.
904 2059 989 2093 Vid.
1008 2060 1116 2105 epigr.

442 2124 549 2144 xxxlx
562 2136 572 2152 ‚
600 2124 692 2145 xL111
722 2121 756 2146 et
786 2125 870 2146 XLIV
881 2139 890 2155 ‚
919 2125 1054 2154 Lxx1113
1085 2121 1120 2146 et

442 2165 558 2197 forsan
575 2177 692 2206 van,
707 2165 767 2199 ubi
783 2166 1030 2212 fure1n,quem
1046 2178 1118 2199 non

443 2218 601 2251 nominat
610 2218 779 2252 Martialis
788 2244 798 2262 ,
809 2219 1037 2254 Fidentinum
1049 2231 1119 2254 esse

445 2271 569 2316 conjici
586 2280 714 2317 potest.
734 2272 801 2307 ΕΒ.

1236 1966 1252 1985 2
1270 1961 1303 1985 et
1316 1964 1365 1997 sq.
1383 1952 1455 1985 Nec
1467 1951 1502 1984 in
1514 1951 1581 1984 hoc
1592 1950 1782 1996 quicquam
1796 1962 1854 1982 va-

1176 2006 1269 2039 riant
1287 2013 1346 2038 aut
1367 2005 1592 2049 manuscripti
1612 2012 1670 2037 aut
1686 2003 1768 2036 libri
1789 2003 1856 2036 im-

1177 2059 1296 2104 pressi.
1307 2057 1375 2092 Sed
1383 2057 1740 2102 maleinterpungitur
1749 2056 1784 2088 in
1795 2055 1852 2089 ed.

1177 2111 1320 2157 Langii:
1332 2111 1370 2145 Sa·
1379 2111 1443 2143 dici
1453 2119 1506 2143 tua
1515 2124 1527 2150 ,·
1537 2114 1586 2143 vis
1599 2138 1608 2152 ,
1622 2111 1688 2142 lcoec
1697 2122 1778 2150 eme,
1789 2117 1855 2143 etc.

1235 2169 1267 2205 4.
1281 2165 1331 2198 Ne
1345 2178 1411 2197 mea
1421 2166 1494 2198 sim.
1509 2165 1601 2209 Lege
1617 2164 1679 2196 lib.
1692 2163 1727 2195 ΙΙ
1742 2188 1750 2203 ,
1765 2162 1855 2208 epig.

1179 2231 1242 2252 xx:
1259 2236 1272 2247 ιι
1289 2218 1378 2251 Nam
1394 2216 1488 2264 quod
1503 2230 1594 2252 emas
1613 2216 1722 2263 possis
1738 2214 1858 2249 dicere

1178 2273 1256 2316 jure
1280 2279 1392 2305 tuum.
1420 2289 1433 2302 »
