2061 3288
455 185 533 227 ET
571 183 907 226 OPERIBUS
946 184 1345 230 MARTIALIS.
1439 203 1593 233 xxxiii

340 284 401 320 Sic
421 283 534 319 miser
553 283 734 318 instantes
755 282 891 319 assatus
912 281 1052 318 dicitur
1075 282 1216 319 undas:

451 347 620 389 Parcite,
642 345 732 383 dnm
753 359 920 397 propero
935 361 944 392 3
961 347 1140 396 mergite,
1159 347 1249 384 dum
1269 347 1395 385 redeo.
1409 355 1416 369 ¹

252 474 308 516 At
335 472 508 516 suavius
535 470 739 532 quiddam
771 472 866 531 ipso
894 472 937 513 in
964 471 1166 515 Martiale
1191 475 1316 529 novi,
1340 475 1456 535 quod
1484 493 1598 520 nun-

182 559 313 604 quam
347 542 418 586 alii
449 541 702 595 advertere,
728 551 772 585 ct
802 541 908 585 mihi
940 541 1241 602 dignissimum
1274 544 1446 589 videtur
1480 548 1598 608 quod

182 615 226 657 in
251 613 463 658 Gallicam
494 612 684 673 linguam
717 611 868 672 aliquis
897 612 1143 657 transferat.
1171 615 1238 657 De
1266 616 1455 676 Cynthia
1486 620 1597 662 Pro-

182 685 309 745 pertii
339 684 504 745 agitur:

337 805 523 854 Cynthia,
546 804 698 841 facundi
719 818 870 841 carmen
883 806 1054 854 juvenile
1074 808 1275 857 Properti,

444 870 603 920 Accepit
625 871 779 915 famam,
800 883 868 906 nec
892 870 1014 906 minus
1038 871 1119 921 ipsa
1141 872 1282 909 dedit.²

178 995 392 1057 Equidem
420 996 590 1047 nescio,
618 1011 672 1038 an
697 1005 886 1039 mentem
910 998 1098 1041 auctoris
1126 999 1263 1058 probe
1284 1001 1526 1062 attigerim,
1553 1014 1597 1047 at

178 1083 372 1128 nequeo,
405 1067 448 1110 in
484 1067 620 1110 verba
657 1067 959 1111 annotantium
995 1068 1169 1127 jurans,
1204 1070 1384 1115 credere
1413 1073 1484 1117 hic
1512 1091 1594 1135 po-

179 1139 304 1182 situm
329 1141 473 1181 mimas
493 1154 574 1198 pro
597 1141 809 1181 minorem
830 1137 1031 1196 famam.
1065 1139 1230 1195 Quidni
1258 1143 1372 1185 enim
1399 1160 1479 1204 pro
1510 1149 1594 1188 mi-

175 1224 260 1252 nus
281 1211 486 1270 pretiosa
516 1208 639 1252 dona
656 1209 679 1252 Ρ
700 1209 837 1266 Quasi
862 1225 1020 1269 nempe
1049 1209 1211 1254 diceret
1233 1229 1241 1254 z
1266 1212 1463 1257 Gloriam
1495 1216 1593 1275 qui-

176 1278 298 1333 dem,
331 1279 493 1340 optime
529 1288 674 1333 vates,
703 1288 751 1322 tu
783 1279 884 1333 das;
915 1288 959 1322 at
989 1281 1129 1324 amica
1170 1281 1468 1343 voluptatem:
1497 1295 1595 1329 utra

175 1349 332 1393 harum
364 1366 509 1394 rerum
542 1349 849 1410 anteponenda
883 1359 974 1403 est,
1013 1352 1046 1394 si
1083 1351 1194 1395 bene
1230 1355 1503 1400 attenderis?
1528 1359 1595 1400 Tu

177 1420 329 1481 puellae
366 1436 527 1464 nomen
558 1421 710 1464 inseris
746 1420 896 1473 famae,
927 1430 970 1464 te
1000 1421 1144 1482 puella
1179 1426 1360 1469 summis
1401 1427 1590 1487 gaudiis:

176 1500 222 1535 tu
240 1508 333 1535 eam
353 1492 494 1547 canis,
515 1491 623 1534 nihil
645 1491 932 1552 splendidius;
948 1501 990 1535 te
1013 1491 1083 1535 illa
1104 1504 1245 1546 amat,
1267 1496 1373 1540 nihil
1396 1497 1565 1542 dulcius
1584 1516 1591 1542 :

176 1572 223 1606 tu
245 1563 393 1606 futura
406 1571 604 1623 tempora
621 1562 722 1606 huic
743 1578 952 1618 exornas,
970 1571 1014 1605 at
1034 1563 1126 1607 haec
1153 1564 1363 1611 hodierna
1388 1568 1500 1612 beat.
1528 1569 1594 1613 Ne

176 1632 388 1693 puellam,
418 1649 444 1676 o
473 1634 560 1687 vir,
592 1649 770 1693 spernas
799 1650 807 1676 :
838 1632 895 1676 dii
932 1633 1055 1678 robis
1091 1634 1388 1694 pulcherrima
1423 1649 1466 1683 et
1502 1656 1593 1684 am-

176 1702 366 1763 plissima
400 1719 618 1759 annuere,
648 1704 729 1747 tibi
771 1704 1019 1765 ingenium,
1051 1704 1154 1749 huic
1191 1718 1490 1766 venustatem3
1530 1711 1592 1754 af-

176 1774 283 1818 ssuat
304 1775 520 1818 venustati
543 1773 597 1816 ab
621 1775 796 1835 ingenio
824 1784 1041 1835 superstes
1068 1777 1397 1834 immortalitas,
1416 1782 1591 1842 ingenio

175 1861 197 1887 a
229 1853 455 1889 venustate
484 1861 673 1906 praesens
703 1841 905 1889 felicitas!
930 1845 1189 1891 Parallelum
1220 1848 1304 1893 hoc
1335 1852 1591 1897 suavissimo

175 1915 276 1960 huic
297 1926 340 1960 et
367 1916 594 1960 notissimo
621 1916 828 1970 carmini,
848 1933 936 1976 quo
959 1918 1209 1971 Anacreon,
1240 1930 1472 1982 postquam
1500 1924 1591 1966 ani-

175 1988 388 2030 mantium
426 1987 623 2030 omnium
659 2002 779 2030 arma
810 1988 959 2030 nativa
989 1987 1216 2048 explicuit,
1243 2000 1286 2034 et
1320 1991 1590 2037 intellectum

176 2057 269 2100 viro
301 2057 451 2101 datum
487 2053 832 2114 exhibuit(T0?;
867 2051 1056 2117 ἀνδράσιν
1096 2057 1333 2121 φρόνημα),
1355 2062 1591 2124 derepente

175 2137 439 2171 sciscitatur:

233 2280 263 2300 1.
284 2266 363 2300 Lib.
388 2266 444 2300 Sp,
469 2267 580 2312 epigr.
603 2279 669 2299 xxv
693 2267 750 2299 bis.
774 2267 968 2307 Caeterum,
990 2279 1028 2300 ea
1058 2268 1233 2302 sententia
1259 2269 1305 2301 ita
1330 2268 1521 2305 delectatus
1543 2282 1593 2306 est

174 2320 352 2359 Martialis,
365 2327 404 2353 ut
417 2319 500 2353 huic
514 2317 695 2352 efferendo
709 2319 746 2352 in
759 2319 978 2365 Apophoret.
990 2320 1082 2353 libro
1097 2318 1207 2359 (idem
1222 2321 1281 2354 ille
1297 2331 1347 2356 est
1360 2335 1399 2356 ac
1414 2324 1474 2370 qui
1488 2325 1593 2371 vulgo

174 2373 380 2407 inscribitur
397 2370 476 2412 xxv)
493 2371 683 2405 distichum
698 2384 839 2418 quoqne
858 2374 1129 2406 consecraverit:

401 2471 535 2497 Clamabat
549 2471 653 2495 tumidis
670 2470 751 2493 audax
766 2470 883 2494 Leander
895 2470 922 2493 in
937 2470 1029 2494 undis:

434 2513 546 2546 RIergite
558 2523 597 2537 me
609 2532 614 2542 ,
628 2513 718 2537 ssucms
731 2532 736 2543 ,
751 2521 830 2546 quum
846 2513 975 2538 rediturus
991 2522 1034 2536 cro

233 2625 265 2644 2.
285 2611 359 2644 Lib.
376 2611 474 2650 XIV,
490 2609 598 2654 epigr.
617 2620 777 2641 chxxIx.

252 2686 283 2726 l.
1354 2706 1375 2727 ‹-
