2061 3288
439 253 538 299 330

815 258 877 302 M.
899 260 1042 302 VAL.
1081 261 1474 305 MARTIALIS

505 343 639 400 Quod
652 354 838 404 myrtus,
852 346 970 407 quod
983 364 1149 392 messor
1162 348 1321 401 Arabs,
1335 349 1453 409 quod
1467 350 1644 393 succina
1658 350 1778 407 trita3
1837 370 1852 394 5

577 413 766 459 Pallidus
787 419 881 460 Eoo
905 417 1035 462 thure
1057 418 1175 479 quod
1200 420 1311 480 ignis
1335 419 1447 475 olet;

508 483 651 529 Gleba
671 486 814 546 quod,
839 489 988 532 aestivo
1012 487 1164 533 leviter
1188 507 1323 550 quum
1346 492 1564 551 spargitur
1586 491 1750 546 imbre;

580 556 713 613 Quod
738 557 921 613 madidis
948 559 1086 604 nardo
1112 576 1261 621 sparsa
1286 576 1448 604 corona
1478 562 1640 617 comis;

438 683 586 727 vultque
612 683 678 728 legi
708 686 825 728 carpsit
851 687 941 730 apis,
969 684 1115 719 dicens:

438 735 513 781 Ego
528 748 628 776 vero,
644 737 721 781 quis
734 735 862 770 dixerit
876 739 1030 783 gramina
1047 751 1118 772 esse

440 788 638 822 odoratiora
663 802 679 821 a
706 803 824 823 morsu
854 791 950 831 ovis,
974 792 1116 824 nescio:

441 841 502 875 sed
518 841 562 875 de
577 842 631 887 api
650 842 737 875 dixit
754 843 995 884 Quintilianus
1007 871 1015 885 ,
1029 843 1117 878 decl.

448 908 462 928 1
473 894 491 926 3
507 909 513 927 2
534 913 547 925 «
564 896 643 928 Non
658 909 698 928 ex
710 897 873 930 omnibus
886 897 1033 930 floribus
1044 911 1118 930 car-

442 957 537 994 punt
551 949 648 981 utilia
664 950 762 994 operi
781 963 860 991 suo,
876 950 936 984 sed
953 952 987 984 in
1005 951 1119 984 omni-

444 1001 510 1034 bus
535 1011 707 1047 quaerunt.
734 1003 887 1036 Praesens
913 1013 947 1037 et
976 1003 1119 1049 quidem

443 1055 608 1099 protinus
623 1055 679 1087 illa
692 1055 854 1089 redditur
864 1069 1011 1099 merces,
1023 1056 1119 1102 quod

445 1108 626 1148 omnibus,
641 1109 767 1154 quibus
781 1109 958 1151 insedere,
971 1110 1121 1144 odorem

448 1161 562 1193 mellis
580 1161 772 1206 inspirant,
791 1171 825 1196 et
843 1164 942 1196 brevi
960 1172 1121 1197 contactu

444 1214 516 1246 vim
529 1214 581 1247 sui
600 1215 816 1260 relinquunt.
826 1235 838 1245 ·›
852 1217 1002 1261 Legatur
1015 1217 1122 1262 igitur

445 1270 534 1311 apis,
556 1269 747 1313 praesertim
770 1282 879 1314 quum
900 1279 933 1303 et
954 1270 1054 1304 MSS.
1074 1271 1122 1303 sic

446 1319 576 1353 habere
598 1322 797 1367 complures
816 1325 911 1356 testis
927 1323 1122 1356 Scriverius

446 1382 481 1406 et
492 1373 699 1407 Calderiuus
709 1387 715 1407 :
726 1384 758 1408 et
768 1376 869 1408 nobis
879 1376 981 1409 etiam
994 1377 1123 1409 alicubi

446 1426 592 1459 obvium
614 1428 732 1461 fuerit.
753 1449 803 1454 —
822 1429 857 1461 Si
873 1430 1019 1474 legimus
1033 1431 1120 1475 apis,

447 1478 518 1513 vid.
537 1480 599 1514 lib.
616 1482 670 1522 II,
693 1482 800 1527 epigr.
823 1494 909 1521 ΠΗ,
926 1496 958 1515 v.
985 1484 1018 1516 8.
1039 1483 1104 1515 ΕΙ).

505 1533 537 1566 5.
559 1534 683 1566 Jlessor
702 1534 820 1567 Arabs.
844 1536 885 1567 In
910 1536 1036 1568 Arabia
1059 1536 1124 1568 Fe-

447 1585 507 1618 lici
528 1599 654 1619 messes
684 1588 775 1620 bene
805 1588 974 1621 olentium
999 1589 1125 1621 herba-

447 1651 530 1672 rum
551 1649 648 1673 erant
662 1666 670 1681 ,
689 1641 839 1686 exempli
857 1642 964 1686 gratia
977 1667 985 1682 ‚
1002 1641 1125 1682 nardi;

448 1704 581 1726 messor
595 1693 713 1738 itaque
726 1695 898 1739 fragrabat
911 1707 1029 1728 earum
1044 1694 1127 1727 odo-

447 1745 557 1778 ribus.
590 1767 642 1772 -—
664 1747 786 1779 chssor
807 1749 925 1781 Arabs.
953 1747 1037 1780 Vid.
1066 1749 1125 1781 lib.

448 1798 523 1838 XI,
542 1798 651 1844 epigr.
670 1812 740 1833 ΠΗ
758 1826 766 1840 ,
785 1813 816 1833 v.
845 1813 858 1834 1
885 1810 918 1834 et
938 1814 970 1844 9.
992 1801 1058 1833 En.
1076 1822 1128 1826 -

450 1850 597 1885 Succina.
633 1853 824 1886 Succinum
849 1847 998 1899 (gallice
1024 1854 1129 1886 ambre

443 1903 566 1949 jaune)
588 1917 729 1939 succum
751 1907 917 1940 arborum
933 1920 1005 1940 esse
1027 1916 1128 1953 puta-

451 1958 535 1990 bant
559 1959 715 2004 antiqui,
738 1959 833 1993 unde
857 1969 891 1994 et
919 1973 1049 1993 nomen
1075 1973 1129 1994 ac-

453 2020 602 2055 ceperat.
627 2013 781 2055 Plinius,
798 2014 879 2046 Nat.
904 2014 1036 2047 Histor.
1066 2014 1130 2047 lib.

452 2064 649 2107 XXXVII,
673 2079 748 2112 cap.
769 2066 788 2098 3
807 2079 815 2099 :
842 2083 855 2095 α
876 2066 982 2108 Quod
999 2067 1131 2100 arboris

452 2129 595 2150 succum
624 2131 695 2152 esse
722 2120 829 2164 prisci
856 2116 1062 2160 credidere,
1085 2120 1130 2152 ob

454 2169 492 2203 id
508 2171 686 2204 succinum
702 2173 929 2218 appellantes.
954 2191 966 2202 »
991 2173 1132 2206 Tacitus

454 2223 559 2256 etiam
577 2225 613 2257 in
630 2225 701 2258 fine
716 2226 798 2259 libri
817 2225 860 2259 de
876 2227 1033 2259 moribus
1047 2226 1134 2259 Ger-

455 2288 642 2310 manorum
658 2279 730 2312 fere
746 2278 839 2312 idern
855 2305 864 2320 ,
883 2280 1133 2324 succinumque

455 2329 606 2363 affirmat
621 2344 694 2365 esse
714 2345 855 2366 succum
871 2332 938 2365 hoc
956 2345 1135 2378 argumen-

456 2390 512 2415 to:
537 2401 550 2412 «
573 2383 667 2424 Quia
689 2394 828 2418 terrena
849 2385 1008 2430 quaedam
1032 2393 1135 2430 atque

455 2435 560 2468 etiam
577 2437 733 2471 volucria
749 2439 910 2471 animalia
928 2439 1134 2484 plerumque

456 2488 667 2523 interlucent
677 2517 685 2531 ‚
704 2504 781 2536 quae
795 2492 972 2537 implicata
985 2492 1134 2524 humore

456 2553 539 2574 mox
567 2541 775 2577 durescente
810 2546 950 2578 materia
988 2543 1136 2577 cludun-

457 2602 528 2627 tur.
548 2612 560 2624 n
582 2616 633 2621 —-
650 2596 838 2630 Succinum
857 2597 953 2643 quod
972 2597 1009 2630 in
1027 2597 1134 2630 Saxo-

458 2659 543 2680 num
565 2657 599 2681 et
617 2649 840 2682 Prussiorum
861 2651 1004 2696 regione
1026 2650 1135 2695 potis-

457 2700 582 2733 simum
614 2702 794 2736 invenitur
824 2702 867 2736 ad
901 2717 938 2736 os
964 2703 1110 2736 Vistula?
1126 2728 1134 2743 ‚

1177 686 1214 719 in
1236 686 1348 719 insula
1371 687 1511 731 Nat-ung
1525 714 1534 727 ,
1556 687 1617 720 ubi
1642 687 1778 732 antiqui
1798 687 1852 720 in-

1179 739 1271 772 sulas
1291 740 1562 772 nominaverant
1580 741 1779 781 Electridas,
1798 740 1854 772 in-

1178 801 1230 825 ter
1241 793 1370 826 fossilia
1381 801 1700 826 annumeraverunt
1711 792 1855 839 quidam

1179 844 1329 887 eruditi;
1352 846 1491 890 Formey
1509 854 1542 879 et
1562 846 1618 879 alii
1638 855 1762 892 putant
1782 858 1854 879 esse

1178 911 1322 932 succum
1358 899 1523 945 pinorum
1559 899 1854 944 populorumque.

1178 952 1306 997 Magno
1327 952 1505 985 habebant
1529 952 1565 984 in
1596 965 1661 985 usu
1687 953 1856 985 electrum

1178 1005 1328 1038 Romani
1343 1019 1352 1042 ς
1375 1005 1509 1038 Plinius
1525 1005 1621 1038 testis
1640 1013 1690 1038 est
1707 1005 1856 1038 Neronis

1179 1066 1339 1103 tempore
1355 1057 1495 1103 pondus
1507 1057 1673 1092 tredecim
1689 1058 1857 1091 librarum

1179 1123 1290 1144 unum
1320 1112 1440 1144 Romae
1474 1111 1578 1144 fuisse
1605 1112 1758 1145 allatum.
1788 1112 1856 1144 ΕΙ).

1179 1185 1232 1190 -
1260 1165 1364 1197 Trita.
1389 1164 1578 1198 Succinum
1603 1177 1708 1198 manu
1734 1164 1858 1197 tritum

1180 1217 1270 1250 bene
1288 1217 1369 1250 olet.
1390 1239 1442 1243 --
1466 1219 1570 1250 Trita.
1592 1217 1676 1251 Vid.
1699 1217 1761 1251 lib.
1783 1218 1835 1250 XI
1849 1242 1859 1258 ,

1181 1271 1294 1316 epigr.
1324 1282 1419 1310 vm,
1441 1283 1474 1303 v.
1506 1274 1553 1312 6;
1578 1271 1638 1303 lib.
1668 1271 1715 1311 V,
1746 1270 1859 1316 epigr.

1182 1336 1327 1364 xxxvu,
1347 1336 1379 1356 v.
1402 1336 1416 1356 1
1430 1336 1442 1357 1
1462 1337 1470 1365 3
1491 1324 1552 1357 lib.
1570 1325 1636 1365 IV,
1653 1323 1761 1369 epigr.
1780 1335 1859 1363 ΗΧ,

1182 1389 1283 1409 versu
1308 1381 1327 1416 4
1345 1390 1354 1418 ;
1376 1377 1437 1410 lib.
1456 1378 1508 1410 IX
1523 1403 1531 1417 ,
1551 1377 1753 1422 epigramm.
1773 1388 1837 1422 xiv
1850 1400 1859 1416 ‚

1182 1442 1284 1463 versu
1308 1433 1341 1463 6.
1364 1430 1430 1461 En.

1238 1485 1271 1515 6.
1291 1482 1451 1515 Pallidus.
1473 1482 1636 1516 Colorem
1658 1482 1753 1515 enim
1770 1481 1861 1527 ignis

1182 1536 1329 1568 rutilum
1346 1561 1354 1575 ,
1380 1535 1572 1568 immissum
1595 1535 1675 1568 thus
1697 1536 1732 1568 in
1759 1535 1861 1580 palli-

1184 1588 1269 1621 dum
1299 1589 1416 1621 vertit.
1441 1610 1492 1614 —
1516 1590 1589 1621 Eoo
1607 1589 1707 1621 thure.
1725 1587 1768 1621 Id
1787 1596 1838 1621 est
1851 1614 1860 1628 ,

1185 1642 1305 1674 Sabaeo
1328 1650 1361 1674 et
1379 1642 1553 1674 orientali.

1240 1707 1274 1738 7.
1299 1694 1403 1728 Glebcz
1423 1694 1508 1740 quod
1520 1721 1530 1734 ‚
1553 1702 1618 1727 etc.
1636 1694 1753 1727 Terrae
1774 1691 1864 1726 odor

1186 1756 1325 1792 superat
1366 1760 1489 1780 omnes
1528 1747 1666 1780 narium
1707 1746 1862 1780 delicias.

1187 1800 1278 1834 Plin.
1301 1801 1361 1833 lib.
1380 1801 1489 1833 XVII
1502 1826 1511 1841 ,
1532 1813 1607 1845 cap.
1631 1801 1649 1833 5
1663 1825 1672 1841 ‚
1691 1801 1759 1841 ait,
1779 1798 1866 1832 divi-

1189 1867 1275 1886 num
1312 1854 1411 1886 illum
1447 1862 1546 1886 terrae
1578 1853 1727 1886 halitum
1761 1852 1866 1885 talem

1188 1919 1261 1940 esse
1272 1931 1280 1944 ‚
1299 1915 1339 1940 ut
1356 1907 1387 1939 ei
1403 1906 1496 1939 nulla
1512 1906 1659 1939 suavitas
1672 1904 1868 1951 comparari

1189 1968 1304 2006 queat.
1323 1982 1375 1986 —
1391 1960 1530 1992 .AEstc'c·0.
1551 1959 1660 1992 Terra
1679 1959 1794 1992 calore
1811 1970 1866 1991 so-

1189 2014 1231 2046 lis
1253 2022 1395 2058 perusta
1408 2039 1416 2055 ,
1433 2020 1467 2045 et
1482 2013 1594 2046 imbre
1610 2011 1706 2045 dulci
1724 2011 1867 2056 refrige-

1190 2076 1262 2099 rata
1280 2091 1289 2107 ,
1310 2075 1447 2111 gratum
1468 2065 1575 2098 mittit
1596 2064 1755 2098 odorem.
1779 2065 1846 2097 En.

1247 2121 1280 2153 8.
1297 2119 1491 2152 Scriverius
1500 2119 1584 2164 legit
1595 2144 1604 2160 ,
1616 2118 1758 2151 madidas
1767 2116 1868 2150 nardo

1191 2185 1300 2217 sparsa
1327 2185 1443 2205 corona
1467 2185 1591 2212 comas,
1610 2170 1706 2216 quod
1732 2178 1870 2204 servant

1192 2226 1296 2258 etiam
1323 2224 1405 2258 edd.
1434 2233 1518 2258 vett.
1541 2238 1637 2270 passa
1667 2237 1733 2270 pro
1760 2236 1870 2267 sparsa

1193 2278 1301 2312 codex
1331 2279 1472 2311 Thuan.
1505 2300 1556 2304 —
1586 2277 1684 2321 Quod
1708 2276 1843 2309 madidis
1858 2302 1866 2315 ,

1194 2340 1258 2365 etc.
1290 2332 1418 2365 Sensus
1443 2340 1519 2364 est:
1543 2329 1638 2376 quod
1661 2331 1791 2375 fragrat
1811 2341 1870 2362 co-

1192 2398 1279 2418 rona
1295 2384 1403 2418 florea
1418 2385 1487 2429 jan]
1504 2384 1593 2417 bene
1616 2395 1680 2429 per
1699 2395 1734 2416 se
1755 2383 1870 2421 olens,

1194 2438 1357 2483 imposita
1378 2437 1484 2482 capiti
1497 2436 1683 2482 unguentis
1701 2435 1870 2468 delibuto.

1194 2491 1260 2524 En.
1279 2511 1332 2517 —
1352 2490 1450 2534 Quod
1465 2490 1599 2522 madidis
1617 2488 1728 2521 nardo.
1743 2489 1785 2520 In
1802 2487 1870 2520 hoc

1194 2544 1330 2577 variant
1347 2544 1513 2576 lectiones
1527 2555 1536 2584 3
1554 2543 1669 2575 forsan
1683 2541 1810 2574 melior
1823 2548 1874 2573 est

1194 2596 1325 2631 codicis
1339 2597 1478 2629 Thuan.
1500 2595 1643 2628 madidas
1661 2594 1760 2627 nardo
1778 2605 1874 2638 passa

1194 2663 1310 2683 corona
1331 2662 1459 2687 comas‚·
1483 2647 1520 2681 id
1544 2658 1616 2686 est,
1641 2658 1769 2679 corona
1798 2657 1874 2690 quae

1195 2703 1283 2735 bibit
1305 2701 1448 2735 odorem
1461 2727 1470 2742 ,
1490 2714 1560 2746 quo
1580 2700 1751 2745 fragrabat
1770 2706 1875 2744 caput
