2061 3288
426 243 1007 288 EPIGRAMMATUM
1048 243 1171 284 LIB.
1212 241 1273 282 II.

1462 238 1558 283 203

688 402 1027 458 XXXVII.

305 558 359 586 IN
402 558 715 588 RAPTOREM
754 557 931 587 COENAE

970 535 1402 586 cAECILiANUiv1.*

361 682 611 736 QquUiD
643 681 822 740 ponitur
850 679 953 722 hinc
985 688 1028 722 et
1059 677 1184 734 inde,
1208 679 1375 722 verris:

362 750 578 794 Mammas
602 751 781 795 suminis
796 786 807 803 ‚
832 750 1145 811 imbricemque
1171 751 1293 810 porci
1309 786 1320 805 ,

361 823 742 882 Communemque
769 821 940 865 duobus
970 830 1217 883 attagenam
1233 857 1244 876 ‚

361 891 551 935 Mullum
577 892 830 947 dimidium,
853 891 1092 953 lupumque
1119 901 1260 936 totum
1275 928 1286 947 ‚

364 964 658 1024 Muraenaeque
688 963 821 1019 latus,
851 963 1080 1024 femurque
1111 962 1243 1024 pulli,

362 1033 692 1096 Stillantemque
721 1034 830 1079 alica
861 1051 937 1078 sua
967 1033 1236 1095 palumbum.

365 1107 468 1149 Haec
493 1122 627 1166 quum
659 1105 833 1150 condita
861 1115 960 1149 sunt
985 1106 1188 1149 madente
1214 1121 1400 1166 mappa⁷

209 1243 224 1256 '¹
242 1245 317 1278 Hoc
333 1245 546 1290 epigramma
569 1245 774 1278 inscribitur
796 1244 832 1276 in

156 1298 297 1331 Thuan.
331 1298 369 1330 In
404 1297 609 1331 Caecilianmn
639 1300 830 1343 coenipetam.

156 1352 197 1383 In
210 1351 386 1396 plerisque
403 1358 535 1383 tantum
548 1351 674 1396 legitur
688 1363 696 1383 ε
708 1352 748 1384 Isz
764 1350 834 1383 Cae-

157 1405 314 1437 cilianum.
337 1404 484 1449 Reliqua
506 1402 709 1449 adjecimus.
730 1405 798 1437 En.

218 1471 247 1490 1.
283 1457 403 1490 Verris.
439 1458 490 1490 Ita
519 1457 612 1502 rapis
628 1482 637 1498 ‚
674 1466 712 1490 ut
743 1456 834 1489 nihil

158 1519 287 1552 restet;
312 1510 371 1556 qui
398 1510 510 1543 solum
532 1510 661 1552 verrit,
689 1510 780 1543 nihil
799 1510 833 1542 in

160 1565 232 1609 ejus
245 1563 433 1608 superficie
450 1563 627 1608 relinquit.
638 1584 689 1590 —-
699 1564 727 1596 E
738 1575 835 1596 more

159 1629 305 1650 romano
341 1617 463 1650 licebat
498 1616 654 1650 convivis
675 1643 684 1658 ,
718 1624 836 1662 rogata

160 1670 394 1704 convivatoris
408 1670 506 1703 venia
518 1693 527 1707 ,
546 1668 681 1715 aliquid
697 1668 836 1715 apposi-

162 1731 278 1756 torum
301 1735 417 1756 secum
438 1723 593 1763 auferre,
614 1723 670 1755 vel
690 1721 834 1755 domum

162 1777 311 1810 mittere.
333 1776 409 1809 Hoc
428 1788 524 1809 more
545 1776 665 1820 gulose
693 1776 838 1809 abuten-

163 1839 233 1864 tem
251 1855 259 1871 ,
281 1838 314 1862 et
334 1828 509 1875 quidquid
527 1829 563 1861 in
586 1841 707 1862 mensa
730 1841 839 1874 appo-

163 1883 313 1916 nebatur
342 1881 585 1916 corradentem
606 1882 718 1928 carpit
745 1882 840 1915 Mar-

164 1936 253 1970 tialis
274 1935 508 1970 Caecilianum.
525 1936 592 1969 En.

221 2003 252 2022 2.
262 1990 418 2022 Mammas
427 1991 566 2022 suminis.
580 1988 710 2021 Sumen
722 1982 841 2034 (quasi

165 2042 323 2087 sugimen
335 2040 348 2082 )
361 2064 371 2080 ‚
394 2041 582 2076 delicatum
604 2039 699 2086 apud
715 2043 842 2075 Roma-

166 2108 228 2128 nos
247 2095 419 2128 ferculum
430 2120 440 2135 ‚
457 2103 530 2128 erat
547 2104 670 2128 venter
687 2106 765 2127 cum
782 2107 842 2140 pa-

167 2149 260 2193 pillis
278 2160 391 2193 porcae
411 2149 453 2181 ab
478 2147 573 2182 edito
596 2148 682 2181 foetu
699 2148 842 2189 occisae3

168 2214 237 2246 quo
264 2201 371 2246 magis
389 2201 539 2234 lacteum
561 2210 652 2242 erat,
672 2214 713 2234 eo
736 2202 844 2247 magis

168 2253 485 2288 commendabatur.
521 2253 614 2287 Vide
643 2254 704 2287 lib.
735 2255 844 2296 XIII,

169 2307 374 2352 epigramm.
399 2320 493 2341 xmv.
517 2307 612 2340 Pers.
635 2306 707 2340 Sat.
735 2309 772 2345 I,
794 2320 843 2340 vs.

173 2360 218 2393 50
234 2385 243 2400 ‚
264 2369 329 2393 etc.
351 2361 653 2393 etc.—Imbricem.
667 2360 786 2401 Quum
803 2360 847 2393 sit

170 2414 316 2458 proprie
335 2413 468 2446 imbrex
493 2413 607 2458 tegula
623 2425 728 2446 curva
749 2414 846 2458 cujus

171 2466 316 2499 formam
340 2466 497 2499 imitatur
518 2466 677 2499 vertebra
694 2466 731 2498 in
751 2478 845 2498 sum-

171 2532 229 2551 mo
249 2527 344 2564 tergo
365 2518 526 2564 pecudis,
549 2518 730 2552 imbricem
746 2520 846 2563 porci

174 2572 179 2583 ⁷
202 2572 323 2615 gallice
337 2573 468 2604 l’eclzine
483 2566 495 2613 )
510 2585 519 2613 ;
536 2572 592 2604 alii
612 2572 845 2616 interpretau-

174 2633 230 2656 tur
253 2626 447 2658 vertebram
465 2624 616 2670 demptis
633 2625 736 2658 costis
753 2638 760 2665 3
790 2625 846 2657 alii

175 2689 256 2709 vero
277 2678 477 2711 auriculam.
498 2677 661 2711 Brodaeus
682 2678 756 2710 vult
775 2690 847 2710 esse

894 1245 1007 1277 imum
1035 1252 1193 1277 ventrem
1218 1256 1365 1277 curvum
1386 1253 1419 1277 et
1445 1257 1571 1290 repau-

893 1296 1000 1337 dum;
1024 1297 1081 1330 ilia
1101 1310 1185 1330 vero
1200 1298 1315 1343 ipsum
1332 1310 1465 1330 sumen.

950 1351 982 1383 3.
1006 1349 1265 1397 Communemque
1284 1351 1413 1384 duobus.
1439 1351 1522 1384 Tibi
1540 1358 1574 1384 et

895 1402 1014 1436 vicino
1044 1411 1104 1436 tuo
1127 1405 1337 1449 appositam,
1361 1405 1423 1437 tibi
1444 1404 1575 1449 abripis

894 1456 970 1489 soli.
1006 1477 1058 1483 —-
1092 1459 1302 1501 Attagenam.
1338 1457 1448 1490 Nobis
1479 1469 1574 1490 nunc

894 1510 1049 1555 ignotam
1078 1522 1177 1543 avem
1192 1536 1201 1551 ‚
1227 1510 1393 1556 exquisiti
1414 1511 1549 1556 saporis
1563 1536 1573 1552 ,

894 1571 932 1596 ut
949 1569 1092 1608 apparet
1107 1576 1147 1596 ex
1166 1564 1228 1597 lib.
1244 1565 1351 1605 XIII,
1369 1565 1478 1610 epigr.
1500 1576 1573 1597 Lxl.

949 1622 980 1656 4.
996 1616 1144 1649 Mullum.
1159 1617 1295 1650 Piscem
1308 1618 1475 1651 nobilem.
1492 1618 1575 1651 Gal-

894 1669 960 1702 lice
975 1669 1121 1703 bar-beau.
1139 1691 1191 1697 —-
1210 1671 1342 1716 Lupum.
1356 1671 1446 1716 Loup
1462 1674 1574 1704 marin.

952 1722 984 1756 5.
998 1723 1213 1770 illuraenaeque
1225 1724 1319 1756 latus.
1334 1724 1467 1757 Gallice
1483 1725 1577 1757 Lam-

891 1778 992 1821 proie.
1017 1797 1069 1802 -—-
1100 1777 1276 1822 Femur-que
1303 1777 1395 1822 pulli.
1428 1778 1575 1823 Optima

896 1829 985 1874 pulli
1008 1841 1087 1874 pars
1106 1830 1220 1863 femur
1244 1839 1279 1864 et
1302 1830 1364 1863 ala.

952 1885 986 1915 6.
1014 1882 1199 1915 Stellantem
1223 1883 1338 1927 [πάχεα
1366 1882 1576 1917 Beverlandi

899 1934 972 1968 MS.
993 1953 1044 1963 —a-
1067 1936 1175 1968 Alica.
1200 1936 1297 1969 Alica
1314 1949 1423 1981 genus
1444 1944 1495 1969 est
1513 1937 1578 1970 tri-

899 1988 960 2021 tici
979 1988 1270 2033 praestantissimi,
1286 2001 1356 2034 quo
1373 1989 1578 2035 saginaban-

902 2050 959 2074 tur
977 2042 1150 2086 palumbi;
1171 2041 1225 2075 vel
1243 2042 1360 2087 liquor
1376 2041 1519 2088 quidam
1536 2055 1578 2076 ex

901 2107 958 2128 zea
978 2095 1091 2127 factus
1108 2091 1121 2133 (
1133 2098 1236 2139 espece
1253 2095 1292 2127 de
1311 2090 1425 2139 blare).
1443 2095 1509 2129 Hic
1525 2108 1580 2129 su·

901 2148 1009 2181 mitur
1021 2161 1086 2193 pro
1102 2147 1330 2181 condimento
1343 2161 1388 2181 ex
1401 2149 1486 2182 alica
1500 2161 1581 2183 con-

901 2202 993 2234 fecto
1005 2227 1013 2242 ‚
1031 2213 1102 2246 quo
1119 2202 1280 2246 perfusus
1295 2210 1367 2234 erat
1382 2203 1580 2247 palumbus.

903 2276 953 2280 -—-
969 2254 1047 2288 Sua.
1069 2254 1147 2295 Qua
1163 2256 1267 2300 vulgo
1287 2256 1394 2287 fartus
1411 2264 1483 2289 erat
1498 2269 1507 2298 ;
1528 2256 1582 2289 vel

903 2320 971 2353 qua
994 2308 1160 2340 nutritus.

960 2374 995 2405 7.
1021 2361 1102 2392 Hcec
1122 2374 1225 2406 quum.
1248 2361 1414 2394 solebant
1433 2362 1582 2395 Romani

905 2412 948 2446 ad
965 2413 1124 2446 convivia
1143 2426 1284 2458 mappas
1300 2415 1401 2455 ferre,
1420 2423 1453 2447 et
1468 2416 1583 2460 praeci-

905 2479 975 2512 pue
1003 2467 1026 2499 ii
1052 2466 1135 2511 qui,
1155 2476 1276 2511 rogato
1299 2468 1450 2501 convivii
1482 2481 1584 2514 rege,

906 2518 1075 2565 quosdam
1097 2520 1192 2552 cibos
1209 2520 1300 2552 ferre
1321 2519 1468 2553 domum
1488 2523 1584 2555 vole·

907 2574 1004 2605 bant.
1028 2573 1104 2605 Lib.
1130 2573 1222 2611 VII,
1251 2573 1358 2617 epigl
1379 2587 1444 2615 xx3
1468 2583 1502 2607 et
1523 2576 1581 2609 lib.

907 2626 1441 2670 XII,epig1.xx1x.—illmlente
1458 2641 1581 2673 mappa.

910 2681 938 2710 A
955 2652 1167 2723 piiiguedine
1181 2678 1310 2724 dapum
1329 2679 1516 2714 sordebant
1536 2682 1585 2714 in-
