2061 3288
431 237 493 288 [12
808 235 870 276 M.
891 235 1032 277 VAL.
1072 234 1465 277 MARTIALIS

573 324 707 365 Arcas
733 320 985 365 Maenalium
1011 338 1099 365 non
1126 323 1338 365 timuisset
1363 337 1530 382 aprum.

500 394 605 436 Haec
636 402 801 435 armata
826 408 980 436 manus
1006 392 1155 452 hydrae
1181 409 1298 436 mors
1323 408 1410 435 una
1435 392 1606 445 fuisset,

574 465 686 507 Huic
718 479 920 523 percussa
950 462 1063 506 foret
1093 473 1183 506 tota
1211 463 1430 507 Chimaera
1456 461 1598 506 semel.

504 533 735 594 Ignipedes
758 543 905 595 posset
931 534 1020 577 sine
1044 532 1256 577 Colchide
1280 534 1453 577 vincere
1479 542 1626 576 tauros
1652 550 1660 575 :

573 604 750 648 Solvere
776 614 818 648 et
845 605 1065 647 Hesionen
1091 603 1228 659 solus,
1255 613 1297 647 et
1326 603 1648 647 Andromeden.

573 727 781 778 Μαίναλος
808 721 1015 787 Ᾰρκαδίης
1041 730 1115 770 οὐκ.
1140 724 1184 769 ἂν
1213 728 1371 787 ἔτρεσσε
1397 727 1565 786 κάπρον.

502 800 659 841 Τούτου
691 793 870 858 δεξιτερῆ
899 799 1018 858 μόρος
1046 795 1090 840 ἂν
1119 799 1234 841 πέλεν
1260 797 1398 857 ἀθρόος
1425 785 1576 857 Ῠδρης·

576 869 661 912 Καί
684 887 726 912 κε
754 876 824 929 μιῇ
849 873 987 928 πληγῇ
1018 871 1137 927 πέφνε
1165 867 1367 927 Χίμαιραν
1395 863 1519 917 ἅπαξ.

504 941 587 983 Καὶ
617 941 735 999 μόνος
765 938 809 982 ἂν
836 939 1052 1000 πυρί-πνους
1080 933 1177 998 δίχα
1204 933 1409 997 Κολχίδος
1436 939 1574 980 ἔκτανε
1605 939 1792 997 ταύρους·

575 1013 734 1061 Μοῦνος
761 1008 805 1053 ἂν
837 1001 1010 1057 Ἡσιόνην
1035 1015 1129 1052 λῦσε
1159 1010 1224 1052 καὶ
1255 1003 1533 1069 Ᾰνδρομέδαν.

443 1160 480 1166 —-
505 1139 631 1172 Nemee.
654 1138 758 1184 Sylva
776 1136 1031 1183 Peloponnesi,
1053 1136 1115 1168 ubi

438 1193 493 1226 leo
510 1193 553 1225 ab
564 1192 717 1225 Hercule
732 1198 926 1237 prostratus
940 1198 1008 1230 est,
1024 1189 1115 1235 epig.

438 1258 476 1279 νῐ
489 1271 499 1289 ‚
519 1257 634 1290 supra.

495 1303 526 1339 4.
546 1298 743 1332 Μιεηαῖίαηι.
757 1296 926 1330 Maenalus
938 1308 1037 1329 mons
1054 1296 1118 1328 Ar-

440 1351 546 1385 cadiae
561 1377 569 1392 ,
591 1351 651 1384 ubi
671 1351 848 1396 ingentem
867 1362 993 1396 aprum
1014 1349 1119 1382 inter-

443 1405 524 1438 fecit
544 1404 730 1445 Hercules,
756 1403 816 1436 lib.
839 1403 893 1443 V,
915 1403 1016 1448 epist.
1043 1404 1089 1435 66
1109 1414 1116 1435 :

447 1476 460 1487 n
479 1458 619 1491 Neineae
638 1467 773 1496 terror,
803 1464 837 1489 et
861 1456 966 1489 Arcas
989 1468 1084 1501 aper.
1100 1472 1112 1483 »

498 1512 530 1545 5.
563 1511 636 1544 Hoc
661 1517 804 1543 armante
834 1522 942 1541 manus
971 1508 1007 1541 in
1039 1507 1117 1541 cod.

442 1565 582 1598 Thuan.
608 1585 660 1590 -—
690 1563 815 1608 Iljrlrae
839 1575 920 1595 mors
946 1575 1018 1594 ιιηα.
1043 1562 1119 1594 Hoc

442 1626 513 1659 est,
542 1619 723 1650 Lernaeam
754 1616 847 1649 illam
880 1623 1013 1661 pestem
1048 1627 1119 1647 uno

443 1672 515 1704 ictu
539 1670 768 1703 interfecisset
787 1669 815 1702 is
838 1668 1090 1714 Carpophorus
1112 1693 1121 1708 ,

443 1737 547 1769 quam
579 1723 698 1756 multis
727 1722 884 1768 repetitis
917 1721 1121 1754 vulneribus

443 1778 502 1811 vix
533 1776 701 1810 occiderit
730 1775 898 1809 Hercules
915 1800 924 1816 ‚
948 1774 1122 1820 capitibus

444 1842 572 1876 nempe
603 1831 678 1864 aliis
707 1841 875 1862 caesorum
914 1828 992 1861 loco
1020 1839 1121 1860 rena-

445 1884 631 1918 scentibus.

500 1941 534 1971 6.
572 1938 655 1970 Tota
675 1936 844 1970 Clzimaemz.
870 1935 952 1968 Uno
981 1946 1123 1979 quoque

447 1991 517 2024 ictu
535 1989 720 2023 occidisset
733 1996 930 2022 monstrum
945 1987 1103 2020 triforme
1114 2012 1123 2027 ‚

448 2043 545 2089 quod
573 2043 724 2076 habebat
748 2042 859 2075 leonis
887 2049 1007 2086 caput,
1037 2052 1123 2072 ven-

447 2106 537 2130 trem
565 2109 678 2142 caprae
693 2123 701 2137 ‚
723 2106 756 2129 et
780 2094 942 2127 draconis
966 2092 1122 2127 caudam.

449 2151 556 2183 Hunc
583 2149 758 2183 interfecit
785 2147 1042 2192 Bellerophon,
1065 2144 1125 2179 sed

450 2203 610 2248 pluribus
642 2203 789 2242 ictibus,
811 2214 848 2234 ac
879 2201 1008 2245 Pegaso
1040 2199 1125 2232 insi-

448 2255 547 2290 dens.
563 2257 632 2289 En.

507 2322 540 2354 7.
569 2309 639 2342 Alii
660 2321 739 2342 cum
759 2306 909 2347 ovidio,
929 2306 1013 2339 Met.
1036 2305 1127 2345 VII,

453 2363 645 2407 AEripecles3
667 2358 889 2406 χαλκόποδας·
918 2358 1012 2392 idem
1038 2371 1127 2404 prae-

454 2423 521 2448 stat
547 2416 734 2449 auctoritas
754 2413 832 2448 cod.
856 2414 957 2446 Voss.
978 2412 1127 2452 scilicet,

454 2469 613 2513 eripedes:
633 2469 709 2509 alii,
730 2469 907 2512 Ignivomos
922 2492 930 2507 ,
949 2467 1050 2511 φλόγα
1072 2479 1128 2510 φυ-

454 2524 600 2555 σιόωντε.
634 2521 753 2554 Heius.
789 2519 992 2565 sEm'pecles;
1020 2531 1128 2564 quan-

456 2587 563 2619 quam
591 2575 757 2620 Ignipedes
786 2574 876 2607 Solis
906 2572 984 2618 equi
1014 2573 1130 2606 Poetis

458 2628 633 2662 dicantur.
664 2628 819 2672 Ignisbros
847 2626 957 2660 codex
988 2627 1129 2659 Thuan.

456 2690 491 2713 et
525 2681 608 2714 huic
636 2681 749 2715 versui
784 2681 922 2725 subjicit
947 2691 953 2712 :
983 2698 993 2708 ι·
1022 2679 1131 2712 Possit

1174 1144 1364 1180 utrumque
1388 1135 1461 1168 fera
1486 1135 1626 1168 vincere
1650 1134 1850 1180 Pasiphaes.

1175 1188 1212 1221 Si
1233 1188 1319 1221 situs
1341 1189 1493 1233 aequorei
1520 1196 1707 1221 revocetur
1737 1188 1851 1221 fabula

1176 1241 1323 1275 monstri
1356 1241 1499 1274 Solvere
1531 1249 1566 1274 et
1603 1241 1809 1274 Hesionem.
1835 1258 1848 1269 »

1176 1296 1221 1328 At
1254 1293 1462 1328 Beverland.
1491 1294 1574 1339 legit
1597 1306 1605 1328 :
1636 1312 1649 1323 ιι
1678 1293 1714 1326 Si
1741 1294 1786 1327 sit
1814 1301 1854 1326 ut

1177 1348 1331 1393 aequorei
1342 1365 1353 1376 u
1363 1347 1621 1389 ,et«l{esi011em
1633 1347 1779 1380 solvet»:
1792 1358 1854 1379 ne-

1177 1401 1250 1434 scio
1273 1401 1332 1446 qui
1346 1401 1485 1433 rectius.
1504 1400 1595 1433 Hinc
1616 1400 1697 1432 fecit
1715 1399 1854 1432 Grono-

1178 1454 1271 1487 vius:
1285 1453 1472 1500 «Igniferos
1480 1461 1595 1499 posset
1605 1453 1678 1486 sine
1687 1451 1857 1486 Colchide

1176 1508 1321 1552 jungere
1349 1515 1465 1540 tauros
1488 1519 1496 1540 ;
1522 1506 1642 1539 Posset
1662 1514 1857 1551 utrumque

1180 1561 1291 1593 ferum
1314 1560 1452 1593 vincere
1475 1559 1670 1605 Pasiphaes.
1696 1560 1800 1592 Cetus
1822 1566 1857 1591 et

1181 1613 1330 1658 aequorei
1353 1621 1538 1646 revocetur
1561 1612 1677 1645 fabula
1697 1611 1858 1652 monstri,

1180 1667 1335 1699 Solveret
1350 1666 1537 1699 Hesionem
1553 1665 1646 1698 solus
1664 1673 1697 1698 et
1718 1663 1857 1697 Andro-

1180 1719 1318 1753 meden.
1345 1737 1356 1748 »ι
1386 1717 1656 1753 VVernsdorfius
1681 1717 1799 1758 malit,
1821 1717 1859 1750 Si

1181 1781 1270 1805 ‘vetus
1293 1775 1448 1818 oeq1101·ee';
1467 1771 1523 1805 vel
1543 1772 1580 1805 Si
1600 1774 1641 1804 sit
1661 1779 1694 1803 ut
1707 1796 1716 1811 ,
1739 1770 1762 1803 i.
1783 1783 1812 1803 e.
1830 1769 1858 1803 si

1182 1826 1361 1870 contingat
1375 1834 1423 1858 ut.
1436 1847 1488 1851 —
1499 1824 1675 1870 Ignipedes.
1691 1824 1763 1856 Hos
1775 1835 1858 1856 vero

1184 1887 1301 1912 tauros
1322 1879 1433 1911 vellus
1454 1890 1599 1911 aureum
1624 1875 1857 1910 custodientes

1182 1933 1268 1965 vicit
1287 1933 1392 1965 Jason
1415 1943 1482 1977 ope
1504 1929 1637 1963 Medeae
1659 1928 1858 1969 Colchidis,

1184 1987 1283 2031 cujus
1301 1985 1447 2018 historia
1465 1984 1544 2017 satis
1559 1991 1655 2029 patet
1670 1995 1709 2015 ex
1729 1981 1858 2015 Ovidio

1185 2047 1218 2072 et
1231 2038 1373 2071 Valerio
1389 2037 1523 2070 Flacco.
1539 2058 1590 2062 —
1604 2036 1680 2070 Sine
1697 2035 1858 2069 Colchide.

1184 2091 1266 2125 Sine
1286 2089 1419 2123 Medeae
1438 2102 1505 2135 ope
1526 2097 1560 2123 et
1576 2097 1666 2131 arte,
1688 2087 1784 2134 quod
1799 2089 1858 2121 Ja-

1185 2157 1247 2177 son
1266 2157 1336 2177 non
1350 2144 1529 2189 potuisset.

1241 2199 1274 2231 8.
1298 2198 1467 2230 Hesionen.
1489 2196 1613 2229 Filiam
1638 2193 1858 2228 Laomedon-

1188 2251 1254 2291 tis,
1282 2251 1516 2296 Trojanorum
1545 2249 1659 2294 regis,
1686 2248 1858 2292 objectam

1187 2312 1347 2337 monstro
1359 2303 1508 2344 marino,
1518 2311 1550 2335 et
1561 2301 1755 2335 devinctam
1767 2312 1858 2340 saxo,

1186 2357 1347 2391 liberavit
1364 2356 1542 2389 Hercules.
1567 2353 1670 2388 Ovid.
1691 2354 1775 2386 Met.
1792 2353 1859 2385 XI:

1193 2428 1206 2439 «ι
1227 2411 1330 2456 Regis
1351 2421 1491 2456 quoque
1512 2408 1583 2441 filia
1610 2414 1766 2440 monstro
1794 2405 1860 2437 Po-

1188 2465 1296 2497 scitur
1311 2475 1489 2509 aequoreo,
1506 2473 1608 2506 quam
1631 2459 1707 2492 dira
1724 2457 1766 2491 ad
1784 2470 1862 2490 saxa

1188 2518 1381 2551 revinctam
1404 2513 1571 2547 Vindicat
1598 2510 1747 2545 Alcides.
1768 2528 1781 2539 »ν
1810 2531 1863 2536 —

1190 2570 1422 2605 Andromeden.
1445 2568 1532 2608 Quae
1552 2565 1621 2598 filia
1641 2565 1708 2598 fuit
1731 2563 1860 2608 Cephei

1191 2624 1280 2669 regis
1310 2623 1515 2667 AEthiopum
1539 2631 1546 2652 :
1580 2627 1657 2652 ceto
1681 2617 1835 2663 exposita
1855 2641 1863 2655 ‚

1192 2678 1335 2711 liberata
1371 2683 1419 2708 est
1448 2688 1466 2708 a
1499 2674 1625 2706 Perseo
1656 2679 1758 2716 pacto
1792 2671 1863 2713 ojus

2052 288 2061 311 ‚.;
2043 184 2061 285 §fij-'ff

2044 296 2061 349 τῇ·

2046 347 2061 456 “’“’;’Ἱῖζ””·.

2052 802 2061 868 ’‘7:1'11
2051 745 2056 785 ’ἡ
2049 670 2061 737 5⁴⁶?ss
2048 567 2061 661 A'Ynffl‘ss
2060 550 2061 557 a
