<?xml version="1.0" encoding="UTF-8"?>
<!DOCTYPE html PUBLIC "-//W3C//DTD XHTML 1.0 Transitional//EN"
    "http://www.w3.org/TR/xhtml1/DTD/xhtml1-transitional.dtd">
<html xmlns="http://www.w3.org/1999/xhtml" xml:lang="en" lang="en">
 <head>
  <title>
</title>
<meta http-equiv="Content-Type" content="text/html;charset=utf-8" />
  <meta name='ocr-system' content='tesseract 3.04.00' />
  <meta name='ocr-capabilities' content='ocr_page ocr_carea ocr_par ocr_line ocrx_word'/>
</head>
<body>
  <div class='ocr_page' id='page_1' title='image "./epigrammata01martuoft_0218.png"; bbox 0 0 2061 3288; ppageno 0'>
   <div class='ocr_carea' id='block_1_1' title="bbox 445 227 507 275">
    <p class='ocr_par' dir='ltr' id='par_1_1' title="bbox 445 227 507 275">
     <span class='ocr_line' id='line_1_1' title="bbox 445 227 507 275; baseline 0.016 -1"><span class='ocrx_word' id='word_1_1' title='bbox 445 227 507 275; x_wconf 84' lang='lat'>56</span> 
     </span>
    </p>
   </div>
   <div class='ocr_carea' id='block_1_2' title="bbox 822 230 1480 275">
    <p class='ocr_par' dir='ltr' id='par_1_2' title="bbox 822 230 1480 275">
     <span class='ocr_line' id='line_1_2' title="bbox 822 230 1480 275; baseline 0 -1"><span class='ocrx_word' id='word_1_2' title='bbox 822 232 883 274; x_wconf 90' lang='grc' dir='ltr'>Μ.</span> <span class='ocrx_word' id='word_1_3' title='bbox 909 232 1049 275; x_wconf 89' lang='lat' dir='ltr'><strong>VAL.</strong></span> <span class='ocrx_word' id='word_1_4' title='bbox 1089 230 1480 274; x_wconf 83' lang='lat' dir='ltr'>MARTIALIS</span> 
     </span>
    </p>
   </div>
   <div class='ocr_carea' id='block_1_3' title="bbox 512 316 1854 732">
    <p class='ocr_par' dir='ltr' id='par_1_3' title="bbox 512 316 1854 732">
     <span class='ocr_line' id='line_1_3' title="bbox 512 316 1747 379; baseline 0.001 -18"><span class='ocrx_word' id='word_1_5' title='bbox 512 316 711 361; x_wconf 82' lang='lat' dir='ltr'>Audieris</span> <span class='ocrx_word' id='word_1_6' title='bbox 738 333 874 378; x_wconf 90' lang='lat' dir='ltr'>quum</span> <span class='ocrx_word' id='word_1_7' title='bbox 906 317 1070 378; x_wconf 84' lang='lat' dir='ltr'><strong>grande</strong></span> <span class='ocrx_word' id='word_1_8' title='bbox 1097 317 1258 378; x_wconf 83' lang='lat' dir='ltr'>sophos</span> <span class='ocrx_word' id='word_1_9' title='bbox 1274 352 1285 373; x_wconf 90' lang='lat'>‚</span> <span class='ocrx_word' id='word_1_10' title='bbox 1311 317 1413 362; x_wconf 90' lang='lat' dir='ltr'>dum</span> <span class='ocrx_word' id='word_1_11' title='bbox 1437 317 1555 362; x_wconf 84' lang='lat' dir='ltr'>basia</span> <span class='ocrx_word' id='word_1_12' title='bbox 1576 328 1747 379; x_wconf 84' lang='lat' dir='ltr'>captas,</span> 
     </span>
     <span class='ocr_line' id='line_1_4' title="bbox 584 387 1491 449; baseline 0.001 -19"><span class='ocrx_word' id='word_1_13' title='bbox 584 387 674 431; x_wconf 88' lang='lat' dir='ltr'>Ibis</span> <span class='ocrx_word' id='word_1_14' title='bbox 700 387 754 431; x_wconf 87' lang='lat' dir='ltr'>ab</span> <span class='ocrx_word' id='word_1_15' title='bbox 777 404 959 432; x_wconf 87' lang='lat' dir='ltr'>excusso</span> <span class='ocrx_word' id='word_1_16' title='bbox 984 389 1141 432; x_wconf 88' lang='lat' dir='ltr'>missus</span> <span class='ocrx_word' id='word_1_17' title='bbox 1167 388 1210 431; x_wconf 93' lang='lat' dir='ltr'>in</span> <span class='ocrx_word' id='word_1_18' title='bbox 1237 398 1353 432; x_wconf 77' lang='lat' dir='ltr'>astra</span> <span class='ocrx_word' id='word_1_19' title='bbox 1375 404 1491 449; x_wconf 85' lang='lat' dir='ltr'>sago.</span> 
     </span>
     <span class='ocr_line' id='line_1_5' title="bbox 517 457 1520 519; baseline 0.002 -18"><span class='ocrx_word' id='word_1_20' title='bbox 517 457 601 501; x_wconf 90' lang='lat' dir='ltr'>Sed</span> <span class='ocrx_word' id='word_1_21' title='bbox 630 467 700 514; x_wconf 81' lang='lat' dir='ltr'>tu,</span> <span class='ocrx_word' id='word_1_22' title='bbox 726 475 781 502; x_wconf 88' lang='lat' dir='ltr'>ne</span> <span class='ocrx_word' id='word_1_23' title='bbox 810 460 939 503; x_wconf 87' lang='lat' dir='ltr'>toties</span> <span class='ocrx_word' id='word_1_24' title='bbox 965 458 1129 502; x_wconf 89' lang='lat' dir='ltr'>domini</span> <span class='ocrx_word' id='word_1_25' title='bbox 1158 459 1324 519; x_wconf 84' lang='lat' dir='ltr'>patiare</span> <span class='ocrx_word' id='word_1_26' title='bbox 1348 458 1520 514; x_wconf 86' lang='lat' dir='ltr'>lituras,</span> 
     </span>
     <span class='ocr_line' id='line_1_6' title="bbox 586 529 1854 585; baseline 0.001 -12"><span class='ocrx_word' id='word_1_27' title='bbox 586 530 709 573; x_wconf 88' lang='lat' dir='ltr'>Neve</span> <span class='ocrx_word' id='word_1_28' title='bbox 735 539 857 573; x_wconf 87' lang='lat' dir='ltr'>notet</span> <span class='ocrx_word' id='word_1_29' title='bbox 882 529 1000 573; x_wconf 87' lang='lat' dir='ltr'>lusus</span> <span class='ocrx_word' id='word_1_30' title='bbox 1025 530 1157 573; x_wconf 88' lang='lat' dir='ltr'>tristis</span> <span class='ocrx_word' id='word_1_31' title='bbox 1182 529 1351 573; x_wconf 86' lang='lat' dir='ltr'>arundo</span> <span class='ocrx_word' id='word_1_32' title='bbox 1374 539 1498 585; x_wconf 84' lang='lat' dir='ltr'>tuos3</span> <span class='ocrx_word' id='word_1_33' title='bbox 1826 559 1854 573; x_wconf 67' lang='lat'>1.-</span> 
     </span>
     <span class='ocr_line' id='line_1_7' title="bbox 523 598 1602 661; baseline 0 -18"><span class='ocrx_word' id='word_1_34' title='bbox 523 599 744 644; x_wconf 83' lang='lat' dir='ltr'>AEthereas</span> <span class='ocrx_word' id='word_1_35' title='bbox 759 633 770 654; x_wconf 86' lang='lat'>,</span> <span class='ocrx_word' id='word_1_36' title='bbox 796 599 976 657; x_wconf 83' lang='lat' dir='ltr'>lascive,</span> <span class='ocrx_word' id='word_1_37' title='bbox 999 600 1120 661; x_wconf 84' lang='lat' dir='ltr'>cupis</span> <span class='ocrx_word' id='word_1_38' title='bbox 1143 598 1324 644; x_wconf 89' lang='lat' dir='ltr'>volitare</span> <span class='ocrx_word' id='word_1_39' title='bbox 1347 616 1426 661; x_wconf 90' lang='lat' dir='ltr'>per</span> <span class='ocrx_word' id='word_1_40' title='bbox 1450 616 1602 645; x_wconf 85' lang='lat' dir='ltr'>auras:</span> 
     </span>
     <span class='ocr_line' id='line_1_8' title="bbox 588 670 1523 732; baseline 0.001 -19"><span class='ocrx_word' id='word_1_41' title='bbox 588 672 633 726; x_wconf 86' lang='lat' dir='ltr'>I,</span> <span class='ocrx_word' id='word_1_42' title='bbox 658 670 784 732; x_wconf 82' lang='lat' dir='ltr'>fuge3</span> <span class='ocrx_word' id='word_1_43' title='bbox 808 670 883 716; x_wconf 87' lang='lat' dir='ltr'>sed</span> <span class='ocrx_word' id='word_1_44' title='bbox 910 680 1084 732; x_wconf 84' lang='lat' dir='ltr'>poteras</span> <span class='ocrx_word' id='word_1_45' title='bbox 1113 671 1248 714; x_wconf 88' lang='lat' dir='ltr'>tutior</span> <span class='ocrx_word' id='word_1_46' title='bbox 1277 687 1369 715; x_wconf 89' lang='lat' dir='ltr'>esse</span> <span class='ocrx_word' id='word_1_47' title='bbox 1392 670 1523 715; x_wconf 88' lang='lat' dir='ltr'>domi.</span> 
     </span>
    </p>
   </div>
   <div class='ocr_carea' id='block_1_4' title="bbox 450 807 1144 2601">
    <p class='ocr_par' dir='ltr' id='par_1_4' title="bbox 450 807 1134 1489">
     <span class='ocr_line' id='line_1_9' title="bbox 450 807 1127 855; baseline 0.004 -15"><span class='ocrx_word' id='word_1_48' title='bbox 450 807 551 848; x_wconf 79' lang='lat' dir='ltr'>fidei,</span> <span class='ocrx_word' id='word_1_49' title='bbox 573 821 686 854; x_wconf 85' lang='lat' dir='ltr'>genua</span> <span class='ocrx_word' id='word_1_50' title='bbox 711 809 980 851; x_wconf 68' lang='lat' dir='ltr'>misericordiae,</span> <span class='ocrx_word' id='word_1_51' title='bbox 1009 822 1127 855; x_wconf 87' lang='lat' dir='ltr'>super-</span> 
     </span>
     <span class='ocr_line' id='line_1_10' title="bbox 450 861 1128 908; baseline 0.004 -15"><span class='ocrx_word' id='word_1_52' title='bbox 450 861 571 894; x_wconf 84' lang='lat' dir='ltr'>cilium</span> <span class='ocrx_word' id='word_1_53' title='bbox 588 862 748 907; x_wconf 80' lang='lat' dir='ltr'>gravitati</span> <span class='ocrx_word' id='word_1_54' title='bbox 767 871 801 896; x_wconf 92' lang='lat' dir='ltr'>et</span> <span class='ocrx_word' id='word_1_55' title='bbox 815 863 936 905; x_wconf 82' lang='lat' dir='ltr'>fastui,</span> <span class='ocrx_word' id='word_1_56' title='bbox 955 863 1051 896; x_wconf 92' lang='lat' dir='ltr'>frons</span> <span class='ocrx_word' id='word_1_57' title='bbox 1064 875 1128 908; x_wconf 90' lang='lat' dir='ltr'>pu-</span> 
     </span>
     <span class='ocr_line' id='line_1_11' title="bbox 451 913 1128 956; baseline 0.003 -10"><span class='ocrx_word' id='word_1_58' title='bbox 451 913 550 956; x_wconf 82' lang='lat' dir='ltr'>dori,</span> <span class='ocrx_word' id='word_1_59' title='bbox 579 915 626 948; x_wconf 89' lang='lat' dir='ltr'>ita</span> <span class='ocrx_word' id='word_1_60' title='bbox 658 914 814 949; x_wconf 88' lang='lat' dir='ltr'>subdolae</span> <span class='ocrx_word' id='word_1_61' title='bbox 845 915 999 949; x_wconf 82' lang='lat' dir='ltr'><strong>irrisioni</strong></span> <span class='ocrx_word' id='word_1_62' title='bbox 1025 928 1128 948; x_wconf 85' lang='lat' dir='ltr'>nasus</span> 
     </span>
     <span class='ocr_line' id='line_1_12' title="bbox 451 964 1128 1009; baseline 0.003 -10"><span class='ocrx_word' id='word_1_63' title='bbox 451 965 589 1001; x_wconf 82' lang='lat' dir='ltr'>dicatus</span> <span class='ocrx_word' id='word_1_64' title='bbox 624 977 674 1001; x_wconf 88' lang='lat' dir='ltr'>est</span> <span class='ocrx_word' id='word_1_65' title='bbox 709 964 720 1007; x_wconf 92' lang='lat'>(</span> <span class='ocrx_word' id='word_1_66' title='bbox 737 968 830 1001; x_wconf 82' lang='lat' dir='ltr'>Vide</span> <span class='ocrx_word' id='word_1_67' title='bbox 863 969 954 1001; x_wconf 86' lang='lat' dir='ltr'>Plin.</span> <span class='ocrx_word' id='word_1_68' title='bbox 982 968 1042 1001; x_wconf 87' lang='lat' dir='ltr'>lib.</span> <span class='ocrx_word' id='word_1_69' title='bbox 1074 969 1128 1009; x_wconf 92' lang='lat' dir='ltr'>II,</span> 
     </span>
     <span class='ocr_line' id='line_1_13' title="bbox 452 1018 1131 1066; baseline 0.003 -15"><span class='ocrx_word' id='word_1_70' title='bbox 452 1031 526 1064; x_wconf 85' lang='lat' dir='ltr'>cap.</span> <span class='ocrx_word' id='word_1_71' title='bbox 550 1022 595 1065; x_wconf 86' lang='grc'>37</span> <span class='ocrx_word' id='word_1_72' title='bbox 612 1018 643 1063; x_wconf 85' lang='grc'>),</span> <span class='ocrx_word' id='word_1_73' title='bbox 658 1021 802 1055; x_wconf 86' lang='lat' dir='ltr'>fortasse</span> <span class='ocrx_word' id='word_1_74' title='bbox 823 1021 903 1066; x_wconf 86' lang='lat' dir='ltr'>quia</span> <span class='ocrx_word' id='word_1_75' title='bbox 923 1021 995 1054; x_wconf 87' lang='lat' dir='ltr'>nasi</span> <span class='ocrx_word' id='word_1_76' title='bbox 1013 1033 1131 1054; x_wconf 89' lang='lat' dir='ltr'>corru-</span> 
     </span>
     <span class='ocr_line' id='line_1_14' title="bbox 452 1073 1129 1119; baseline 0.003 -14"><span class='ocrx_word' id='word_1_77' title='bbox 452 1073 593 1117; x_wconf 86' lang='lat' dir='ltr'>gatione</span> <span class='ocrx_word' id='word_1_78' title='bbox 603 1073 744 1107; x_wconf 90' lang='lat' dir='ltr'>habitus</span> <span class='ocrx_word' id='word_1_79' title='bbox 753 1073 901 1107; x_wconf 88' lang='lat' dir='ltr'>ridentis</span> <span class='ocrx_word' id='word_1_80' title='bbox 909 1074 1129 1119; x_wconf 84' lang='lat' dir='ltr'>exprimitur.</span> 
     </span>
     <span class='ocr_line' id='line_1_15' title="bbox 453 1126 1132 1171; baseline 0.001 -13"><span class='ocrx_word' id='word_1_81' title='bbox 453 1126 504 1158; x_wconf 93' lang='lat' dir='ltr'>Ut</span> <span class='ocrx_word' id='word_1_82' title='bbox 526 1139 608 1171; x_wconf 86' lang='lat' dir='ltr'>ergo</span> <span class='ocrx_word' id='word_1_83' title='bbox 624 1126 837 1171; x_wconf 87' lang='lat' dir='ltr'>significaret</span> <span class='ocrx_word' id='word_1_84' title='bbox 855 1127 1064 1160; x_wconf 88' lang='lat' dir='ltr'>acerrimum</span> <span class='ocrx_word' id='word_1_85' title='bbox 1078 1127 1132 1171; x_wconf 88' lang='lat' dir='ltr'>ju·</span> 
     </span>
     <span class='ocr_line' id='line_1_16' title="bbox 451 1176 1131 1212; baseline 0.003 -2"><span class='ocrx_word' id='word_1_86' title='bbox 451 1176 585 1212; x_wconf 86' lang='lat' dir='ltr'>dicium</span> <span class='ocrx_word' id='word_1_87' title='bbox 603 1188 637 1212; x_wconf 89' lang='lat' dir='ltr'>et</span> <span class='ocrx_word' id='word_1_88' title='bbox 651 1178 889 1212; x_wconf 83' lang='lat' dir='ltr'>subsannandi</span> <span class='ocrx_word' id='word_1_89' title='bbox 905 1178 1131 1212; x_wconf 79' lang='lat' dir='ltr'>calliditatem</span> 
     </span>
     <span class='ocr_line' id='line_1_17' title="bbox 453 1232 1133 1273; baseline 0.003 -10"><span class='ocrx_word' id='word_1_90' title='bbox 453 1243 526 1264; x_wconf 90' lang='lat' dir='ltr'>esse</span> <span class='ocrx_word' id='word_1_91' title='bbox 544 1232 708 1265; x_wconf 87' lang='lat' dir='ltr'>Romanis</span> <span class='ocrx_word' id='word_1_92' title='bbox 723 1258 731 1273; x_wconf 92' lang='lat'>‚</span> <span class='ocrx_word' id='word_1_93' title='bbox 748 1245 871 1265; x_wconf 81' lang='lat' dir='ltr'><strong>nasum</strong></span> <span class='ocrx_word' id='word_1_94' title='bbox 898 1232 1133 1265; x_wconf 81' lang='lat' dir='ltr'>rhinocerotis</span> 
     </span>
     <span class='ocr_line' id='line_1_18' title="bbox 454 1283 1133 1331; baseline 0 -14"><span class='ocrx_word' id='word_1_95' title='bbox 454 1283 543 1317; x_wconf 81' lang='lat' dir='ltr'>dixit</span> <span class='ocrx_word' id='word_1_96' title='bbox 562 1285 639 1318; x_wconf 89' lang='lat' dir='ltr'>illos</span> <span class='ocrx_word' id='word_1_97' title='bbox 658 1285 802 1325; x_wconf 85' lang='lat' dir='ltr'>habere,</span> <span class='ocrx_word' id='word_1_98' title='bbox 824 1298 935 1331; x_wconf 87' lang='lat' dir='ltr'>quum</span> <span class='ocrx_word' id='word_1_99' title='bbox 953 1284 991 1318; x_wconf 92' lang='lat' dir='ltr'>id</span> <span class='ocrx_word' id='word_1_100' title='bbox 1007 1285 1133 1319; x_wconf 80' lang='lat' dir='ltr'>animal</span> 
     </span>
     <span class='ocr_line' id='line_1_19' title="bbox 455 1337 1134 1383; baseline 0.001 -13"><span class='ocrx_word' id='word_1_101' title='bbox 455 1337 683 1371; x_wconf 83' lang='lat' dir='ltr'>fortissimum</span> <span class='ocrx_word' id='word_1_102' title='bbox 705 1338 830 1372; x_wconf 85' lang='lat' dir='ltr'>habeat</span> <span class='ocrx_word' id='word_1_103' title='bbox 846 1351 986 1380; x_wconf 85' lang='lat' dir='ltr'>nasum,</span> <span class='ocrx_word' id='word_1_104' title='bbox 1008 1351 1134 1383; x_wconf 86' lang='lat' dir='ltr'>nempe</span> 
     </span>
     <span class='ocr_line' id='line_1_20' title="bbox 457 1391 1131 1436; baseline 0 -13"><span class='ocrx_word' id='word_1_105' title='bbox 457 1402 567 1423; x_wconf 82' lang='lat' dir='ltr'>cornu</span> <span class='ocrx_word' id='word_1_106' title='bbox 580 1403 727 1436; x_wconf 86' lang='lat' dir='ltr'>procero</span> <span class='ocrx_word' id='word_1_107' title='bbox 742 1391 918 1425; x_wconf 87' lang='lat' dir='ltr'>munitum</span> <span class='ocrx_word' id='word_1_108' title='bbox 934 1400 968 1425; x_wconf 88' lang='lat' dir='ltr'>et</span> <span class='ocrx_word' id='word_1_109' title='bbox 980 1400 1131 1425; x_wconf 85' lang='lat' dir='ltr'>acutum.</span> 
     </span>
     <span class='ocr_line' id='line_1_21' title="bbox 459 1442 1021 1489; baseline 0.005 -14"><span class='ocrx_word' id='word_1_110' title='bbox 459 1442 552 1476; x_wconf 63' lang='lat' dir='ltr'>Vide</span> <span class='ocrx_word' id='word_1_111' title='bbox 574 1444 633 1477; x_wconf 87' lang='lat' dir='ltr'>lib.</span> <span class='ocrx_word' id='word_1_112' title='bbox 651 1445 760 1485; x_wconf 87' lang='lat' dir='ltr'>XIII,</span> <span class='ocrx_word' id='word_1_113' title='bbox 781 1444 890 1489; x_wconf 83' lang='lat' dir='ltr'>epigr.</span> <span class='ocrx_word' id='word_1_114' title='bbox 916 1457 957 1477; x_wconf 85' lang='lat'>11.</span> <span class='ocrx_word' id='word_1_115' title='bbox 1006 1479 1021 1488; x_wconf 31' lang='grc' dir='ltr'><em>β</em></span> 
     </span>
    </p>

    <p class='ocr_par' dir='ltr' id='par_1_5' title="bbox 453 1496 1142 2496">
     <span class='ocr_line' id='line_1_22' title="bbox 512 1496 1136 1542; baseline 0 -13"><span class='ocrx_word' id='word_1_116' title='bbox 512 1509 546 1539; x_wconf 92' lang='lat'>7.</span> <span class='ocrx_word' id='word_1_117' title='bbox 564 1497 698 1542; x_wconf 87' lang='lat' dir='ltr'>Optimi</span> <span class='ocrx_word' id='word_1_118' title='bbox 715 1497 797 1529; x_wconf 89' lang='lat' dir='ltr'>libri</span> <span class='ocrx_word' id='word_1_119' title='bbox 810 1497 940 1531; x_wconf 84' lang='lat' dir='ltr'>habent</span> <span class='ocrx_word' id='word_1_120' title='bbox 951 1499 1074 1541; x_wconf 60' lang='lat' dir='ltr'>jacam,-</span> <span class='ocrx_word' id='word_1_121' title='bbox 1088 1496 1136 1529; x_wconf 89' lang='lat' dir='ltr'>sic</span> 
     </span>
     <span class='ocr_line' id='line_1_23' title="bbox 458 1548 1137 1583; baseline 0.001 -2"><span class='ocrx_word' id='word_1_122' title='bbox 458 1548 665 1582; x_wconf 85' lang='lat' dir='ltr'>Beverlandi</span> <span class='ocrx_word' id='word_1_123' title='bbox 694 1550 770 1583; x_wconf 86' lang='lat' dir='ltr'>MS.</span> <span class='ocrx_word' id='word_1_124' title='bbox 794 1550 876 1582; x_wconf 88' lang='lat' dir='ltr'>hinc</span> <span class='ocrx_word' id='word_1_125' title='bbox 906 1550 1017 1583; x_wconf 86' lang='lat' dir='ltr'>Scriv.</span> <span class='ocrx_word' id='word_1_126' title='bbox 1049 1550 1137 1582; x_wconf 79' lang='lat' dir='ltr'>basia</span> 
     </span>
     <span class='ocr_line' id='line_1_24' title="bbox 453 1601 1137 1648; baseline 0.006 -16"><span class='ocrx_word' id='word_1_127' title='bbox 453 1603 564 1646; x_wconf 82' lang='lat' dir='ltr'>jacta,</span> <span class='ocrx_word' id='word_1_128' title='bbox 583 1601 679 1647; x_wconf 92' lang='lat' dir='ltr'>quod</span> <span class='ocrx_word' id='word_1_129' title='bbox 701 1603 826 1648; x_wconf 86' lang='lat' dir='ltr'>probat</span> <span class='ocrx_word' id='word_1_130' title='bbox 846 1603 1063 1636; x_wconf 84' lang='lat' dir='ltr'>Gronovius.</span> <span class='ocrx_word' id='word_1_131' title='bbox 1085 1624 1137 1629; x_wconf 97' lang='lat'><strong>—</strong></span> 
     </span>
     <span class='ocr_line' id='line_1_25' title="bbox 459 1654 1136 1702; baseline 0.004 -16"><span class='ocrx_word' id='word_1_132' title='bbox 459 1654 579 1696; x_wconf 86' lang='lat' dir='ltr'>Quum</span> <span class='ocrx_word' id='word_1_133' title='bbox 601 1657 736 1700; x_wconf 75' lang='lat' dir='ltr'>primum</span> <span class='ocrx_word' id='word_1_134' title='bbox 763 1656 871 1689; x_wconf 84' lang='lat' dir='ltr'>lectus</span> <span class='ocrx_word' id='word_1_135' title='bbox 890 1656 927 1689; x_wconf 91' lang='lat' dir='ltr'>in</span> <span class='ocrx_word' id='word_1_136' title='bbox 944 1664 1033 1689; x_wconf 86' lang='lat' dir='ltr'>coetu</span> <span class='ocrx_word' id='word_1_137' title='bbox 1051 1668 1136 1702; x_wconf 87' lang='lat' dir='ltr'>quo-</span> 
     </span>
     <span class='ocr_line' id='line_1_26' title="bbox 459 1706 1137 1754; baseline 0.004 -15"><span class='ocrx_word' id='word_1_138' title='bbox 459 1706 540 1740; x_wconf 89' lang='lat' dir='ltr'>dam</span> <span class='ocrx_word' id='word_1_139' title='bbox 562 1707 735 1742; x_wconf 83' lang='lat' dir='ltr'>audiveris</span> <span class='ocrx_word' id='word_1_140' title='bbox 755 1707 885 1754; x_wconf 84' lang='lat' dir='ltr'>grande</span> <span class='ocrx_word' id='word_1_141' title='bbox 901 1709 1032 1754; x_wconf 85' lang='lat' dir='ltr'>sophos</span> <span class='ocrx_word' id='word_1_142' title='bbox 1047 1733 1057 1749; x_wconf 80' lang='lat'>‚</span> <span class='ocrx_word' id='word_1_143' title='bbox 1077 1707 1137 1742; x_wconf 91' lang='lat' dir='ltr'>de-</span> 
     </span>
     <span class='ocr_line' id='line_1_27' title="bbox 460 1759 1139 1795; baseline 0.001 -2"><span class='ocrx_word' id='word_1_144' title='bbox 460 1759 546 1794; x_wconf 86' lang='lat' dir='ltr'>inde</span> <span class='ocrx_word' id='word_1_145' title='bbox 576 1761 643 1794; x_wconf 87' lang='lat' dir='ltr'>ibis</span> <span class='ocrx_word' id='word_1_146' title='bbox 671 1762 706 1794; x_wconf 89' lang='lat' dir='ltr'>in</span> <span class='ocrx_word' id='word_1_147' title='bbox 731 1774 853 1795; x_wconf 87' lang='lat' dir='ltr'>manus</span> <span class='ocrx_word' id='word_1_148' title='bbox 883 1765 1018 1794; x_wconf 78' lang='lat' dir='ltr'>omnium</span> <span class='ocrx_word' id='word_1_149' title='bbox 1046 1762 1139 1795; x_wconf 86' lang='lat' dir='ltr'>basia</span> 
     </span>
     <span class='ocr_line' id='line_1_28' title="bbox 462 1814 1140 1860; baseline 0.003 -15"><span class='ocrx_word' id='word_1_150' title='bbox 462 1814 678 1855; x_wconf 73' lang='lat' dir='ltr'>ambiturus3</span> <span class='ocrx_word' id='word_1_151' title='bbox 695 1815 752 1847; x_wconf 83' lang='lat' dir='ltr'>sed</span> <span class='ocrx_word' id='word_1_152' title='bbox 761 1818 855 1848; x_wconf 72' lang='lat' dir='ltr'>varia</span> <span class='ocrx_word' id='word_1_153' title='bbox 864 1824 935 1848; x_wconf 81' lang='lat' dir='ltr'>sun!</span> <span class='ocrx_word' id='word_1_154' title='bbox 939 1816 1063 1860; x_wconf 79' lang='lat' dir='ltr'>judicia</span> <span class='ocrx_word' id='word_1_155' title='bbox 1075 1842 1084 1855; x_wconf 90' lang='lat'><em>‚</em></span> <span class='ocrx_word' id='word_1_156' title='bbox 1106 1823 1140 1847; x_wconf 91' lang='lat' dir='ltr'>et</span> 
     </span>
     <span class='ocr_line' id='line_1_29' title="bbox 461 1868 1139 1912; baseline 0.001 -13"><span class='ocrx_word' id='word_1_157' title='bbox 461 1868 614 1912; x_wconf 83' lang='lat' dir='ltr'>populus</span> <span class='ocrx_word' id='word_1_158' title='bbox 645 1868 828 1901; x_wconf 86' lang='lat' dir='ltr'>universus</span> <span class='ocrx_word' id='word_1_159' title='bbox 856 1881 927 1901; x_wconf 89' lang='lat' dir='ltr'>non</span> <span class='ocrx_word' id='word_1_160' title='bbox 954 1868 1139 1901; x_wconf 85' lang='lat' dir='ltr'>confirma-</span> 
     </span>
     <span class='ocr_line' id='line_1_30' title="bbox 462 1920 1139 1967; baseline 0.001 -15"><span class='ocrx_word' id='word_1_161' title='bbox 462 1920 515 1952; x_wconf 88' lang='lat' dir='ltr'>bit</span> <span class='ocrx_word' id='word_1_162' title='bbox 536 1920 693 1964; x_wconf 80' lang='lat' dir='ltr'>plausus,</span> <span class='ocrx_word' id='word_1_163' title='bbox 710 1934 780 1966; x_wconf 90' lang='lat' dir='ltr'>quo</span> <span class='ocrx_word' id='word_1_164' title='bbox 796 1930 958 1967; x_wconf 80' lang='lat' dir='ltr'>exceptus</span> <span class='ocrx_word' id='word_1_165' title='bbox 975 1922 1087 1954; x_wconf 87' lang='lat' dir='ltr'>fueras</span> <span class='ocrx_word' id='word_1_166' title='bbox 1103 1921 1139 1954; x_wconf 91' lang='lat' dir='ltr'>in</span> 
     </span>
     <span class='ocr_line' id='line_1_31' title="bbox 465 1973 1140 2017; baseline 0.003 -13"><span class='ocrx_word' id='word_1_167' title='bbox 465 1973 582 2017; x_wconf 86' lang='lat' dir='ltr'>primo</span> <span class='ocrx_word' id='word_1_168' title='bbox 598 1973 658 2005; x_wconf 90' lang='lat' dir='ltr'>illo</span> <span class='ocrx_word' id='word_1_169' title='bbox 674 1982 778 2007; x_wconf 81' lang='lat' dir='ltr'>coetu.</span> <span class='ocrx_word' id='word_1_170' title='bbox 797 1975 863 2008; x_wconf 77' lang='grc' dir='ltr'>ΕΙ).</span> <span class='ocrx_word' id='word_1_171' title='bbox 874 1995 926 2001; x_wconf 87' lang='lat'>——</span> <span class='ocrx_word' id='word_1_172' title='bbox 946 1974 1077 2008; x_wconf 79' lang='lat' dir='ltr'>Grande</span> <span class='ocrx_word' id='word_1_173' title='bbox 1090 1987 1140 2006; x_wconf 79' lang='lat' dir='ltr'>so—</span> 
     </span>
     <span class='ocr_line' id='line_1_32' title="bbox 460 2026 1141 2073; baseline 0.006 -17"><span class='ocrx_word' id='word_1_174' title='bbox 460 2026 550 2069; x_wconf 74' lang='lat' dir='ltr'>phos.</span> <span class='ocrx_word' id='word_1_175' title='bbox 564 2030 684 2071; x_wconf 58' lang='grc' dir='ltr'>Σαφῶς,</span> <span class='ocrx_word' id='word_1_176' title='bbox 695 2028 880 2072; x_wconf 82' lang='lat' dir='ltr'>sapienter.</span> <span class='ocrx_word' id='word_1_177' title='bbox 891 2028 1141 2073; x_wconf 86' lang='lat' dir='ltr'>Eratfrequen-</span> 
     </span>
     <span class='ocr_line' id='line_1_33' title="bbox 465 2078 1140 2125; baseline 0.004 -15"><span class='ocrx_word' id='word_1_178' title='bbox 465 2078 595 2111; x_wconf 89' lang='lat' dir='ltr'>tissima</span> <span class='ocrx_word' id='word_1_179' title='bbox 615 2080 819 2113; x_wconf 79' lang='lat' dir='ltr'>acclamatio</span> <span class='ocrx_word' id='word_1_180' title='bbox 838 2093 958 2113; x_wconf 89' lang='lat' dir='ltr'>eorum</span> <span class='ocrx_word' id='word_1_181' title='bbox 979 2081 1041 2125; x_wconf 87' lang='lat' dir='ltr'>qui</span> <span class='ocrx_word' id='word_1_182' title='bbox 1057 2080 1140 2113; x_wconf 90' lang='lat' dir='ltr'>reci—</span> 
     </span>
     <span class='ocr_line' id='line_1_34' title="bbox 465 2132 1137 2178; baseline 0.004 -15"><span class='ocrx_word' id='word_1_183' title='bbox 465 2132 568 2164; x_wconf 81' lang='lat' dir='ltr'>tantis</span> <span class='ocrx_word' id='word_1_184' title='bbox 590 2133 718 2178; x_wconf 85' lang='lat' dir='ltr'>scripta</span> <span class='ocrx_word' id='word_1_185' title='bbox 745 2133 944 2167; x_wconf 82' lang='lat' dir='ltr'>laudabant.</span> <span class='ocrx_word' id='word_1_186' title='bbox 963 2132 1056 2166; x_wconf 75' lang='lat' dir='ltr'>Vide</span> <span class='ocrx_word' id='word_1_187' title='bbox 1083 2146 1137 2178; x_wconf 87' lang='lat' dir='ltr'>ep.</span> 
     </span>
     <span class='ocr_line' id='line_1_35' title="bbox 470 2185 1139 2231; baseline 0.006 -16"><span class='ocrx_word' id='word_1_188' title='bbox 470 2186 516 2216; x_wconf 84' lang='lat'>50</span> <span class='ocrx_word' id='word_1_189' title='bbox 540 2185 629 2218; x_wconf 82' lang='lat' dir='ltr'>iufra</span> <span class='ocrx_word' id='word_1_190' title='bbox 647 2198 654 2217; x_wconf 86' lang='lat'>:</span> <span class='ocrx_word' id='word_1_191' title='bbox 679 2204 690 2214; x_wconf 89' lang='lat'>«</span> <span class='ocrx_word' id='word_1_192' title='bbox 712 2186 888 2219; x_wconf 85' lang='lat' dir='ltr'>Mercetur</span> <span class='ocrx_word' id='word_1_193' title='bbox 906 2187 991 2219; x_wconf 67' lang='lat' dir='ltr'>alius</span> <span class='ocrx_word' id='word_1_194' title='bbox 1009 2185 1139 2231; x_wconf 81' lang='lat' dir='ltr'>grande</span> 
     </span>
     <span class='ocr_line' id='line_1_36' title="bbox 467 2238 1138 2284; baseline 0.003 -15"><span class='ocrx_word' id='word_1_195' title='bbox 467 2246 499 2269; x_wconf 85' lang='lat' dir='ltr'>et</span> <span class='ocrx_word' id='word_1_196' title='bbox 539 2238 699 2271; x_wconf 82' lang='lat' dir='ltr'>insanum</span> <span class='ocrx_word' id='word_1_197' title='bbox 737 2240 876 2284; x_wconf 85' lang='lat' dir='ltr'>sophos.</span> <span class='ocrx_word' id='word_1_198' title='bbox 902 2258 914 2268; x_wconf 65' lang='grc' dir='ltr'>ι·</span> <span class='ocrx_word' id='word_1_199' title='bbox 950 2260 1002 2264; x_wconf 90' lang='lat'>—</span> <span class='ocrx_word' id='word_1_200' title='bbox 1037 2240 1138 2272; x_wconf 67' lang='lat' dir='ltr'>Basia</span> 
     </span>
     <span class='ocr_line' id='line_1_37' title="bbox 467 2292 1139 2337; baseline 0.009 -18"><span class='ocrx_word' id='word_1_201' title='bbox 467 2300 584 2333; x_wconf 64' lang='lat' dir='ltr'>casnm.</span> <span class='ocrx_word' id='word_1_202' title='bbox 614 2292 915 2337; x_wconf 71' lang='lat' dir='ltr'>Approbati01n&gt;s3</span> <span class='ocrx_word' id='word_1_203' title='bbox 939 2305 1018 2324; x_wconf 78' lang='lat' dir='ltr'>nam</span> <span class='ocrx_word' id='word_1_204' title='bbox 1041 2304 1139 2325; x_wconf 87' lang='lat' dir='ltr'>oscu-</span> 
     </span>
     <span class='ocr_line' id='line_1_38' title="bbox 466 2342 1142 2390; baseline 0.004 -16"><span class='ocrx_word' id='word_1_205' title='bbox 466 2342 626 2376; x_wconf 83' lang='lat' dir='ltr'>labantur</span> <span class='ocrx_word' id='word_1_206' title='bbox 664 2345 799 2390; x_wconf 79' lang='lat' dir='ltr'>antiqui</span> <span class='ocrx_word' id='word_1_207' title='bbox 834 2358 921 2390; x_wconf 79' lang='lat' dir='ltr'>quos</span> <span class='ocrx_word' id='word_1_208' title='bbox 958 2345 1142 2378; x_wconf 80' lang='lat' dir='ltr'>recitantes</span> 
     </span>
     <span class='ocr_line' id='line_1_39' title="bbox 467 2396 1142 2442; baseline 0.007 -16"><span class='ocrx_word' id='word_1_209' title='bbox 467 2396 703 2438; x_wconf 79' lang='lat' dir='ltr'>probaverant</span> <span class='ocrx_word' id='word_1_210' title='bbox 727 2424 735 2439; x_wconf 92' lang='lat'>,</span> <span class='ocrx_word' id='word_1_211' title='bbox 773 2398 858 2442; x_wconf 84' lang='lat' dir='ltr'>quin</span> <span class='ocrx_word' id='word_1_212' title='bbox 892 2399 993 2431; x_wconf 77' lang='lat' dir='ltr'>etiam</span> <span class='ocrx_word' id='word_1_213' title='bbox 1036 2398 1142 2431; x_wconf 81' lang='lat' dir='ltr'>libros</span> 
     </span>
     <span class='ocr_line' id='line_1_40' title="bbox 468 2448 1077 2496; baseline 0.008 -18"><span class='ocrx_word' id='word_1_214' title='bbox 468 2448 573 2492; x_wconf 74' lang='lat' dir='ltr'>ipsos.</span> <span class='ocrx_word' id='word_1_215' title='bbox 598 2449 681 2483; x_wconf 65' lang='lat' dir='ltr'>Yitl.</span> <span class='ocrx_word' id='word_1_216' title='bbox 702 2451 812 2496; x_wconf 80' lang='lat' dir='ltr'>epigr.</span> <span class='ocrx_word' id='word_1_217' title='bbox 835 2464 956 2484; x_wconf 48' lang='lat' dir='ltr'>1¹xxv11</span> <span class='ocrx_word' id='word_1_218' title='bbox 977 2451 1077 2484; x_wconf 84' lang='lat' dir='ltr'>iufra.</span> 
     </span>
    </p>

    <p class='ocr_par' dir='ltr' id='par_1_6' title="bbox 471 2501 1144 2601">
     <span class='ocr_line' id='line_1_41' title="bbox 523 2501 1140 2537; baseline 0.006 -4"><span class='ocrx_word' id='word_1_219' title='bbox 523 2501 557 2534; x_wconf 88' lang='grc'>8.</span> <span class='ocrx_word' id='word_1_220' title='bbox 579 2502 639 2534; x_wconf 56' lang='lat' dir='ltr'>Ilm</span> <span class='ocrx_word' id='word_1_221' title='bbox 667 2504 705 2535; x_wconf 70' lang='lat' dir='ltr'>ab</span> <span class='ocrx_word' id='word_1_222' title='bbox 736 2518 872 2537; x_wconf 38' lang='lat' dir='ltr'>eim-asso,</span> <span class='ocrx_word' id='word_1_223' title='bbox 903 2504 1087 2537; x_wconf 80' lang='lat' dir='ltr'>Suetonius</span> <span class='ocrx_word' id='word_1_224' title='bbox 1107 2505 1140 2536; x_wconf 87' lang='lat' dir='ltr'>in</span> 
     </span>
     <span class='ocr_line' id='line_1_42' title="bbox 471 2553 1144 2601; baseline 0.01 -18"><span class='ocrx_word' id='word_1_225' title='bbox 471 2553 611 2587; x_wconf 76' lang='lat' dir='ltr'>Othone</span> <span class='ocrx_word' id='word_1_226' title='bbox 627 2582 634 2596; x_wconf 86' lang='lat'>,</span> <span class='ocrx_word' id='word_1_227' title='bbox 653 2569 726 2601; x_wconf 74' lang='lat' dir='ltr'>cap.</span> <span class='ocrx_word' id='word_1_228' title='bbox 749 2570 780 2590; x_wconf 82' lang='lat'>2.</span> <span class='ocrx_word' id='word_1_229' title='bbox 804 2575 816 2585; x_wconf 79' lang='grc' dir='ltr'>ι</span> <span class='ocrx_word' id='word_1_230' title='bbox 837 2557 1028 2590; x_wconf 77' lang='lat' dir='ltr'>Ferebatur</span> <span class='ocrx_word' id='word_1_231' title='bbox 1042 2566 1074 2590; x_wconf 83' lang='lat' dir='ltr'>et</span> <span class='ocrx_word' id='word_1_232' title='bbox 1091 2569 1144 2590; x_wconf 76' lang='lat' dir='ltr'>va-</span> 
     </span>
    </p>
   </div>
   <div class='ocr_carea' id='block_1_5' title="bbox 1184 809 1883 2541">
    <p class='ocr_par' dir='ltr' id='par_1_7' title="bbox 1184 809 1869 1384">
     <span class='ocr_line' id='line_1_43' title="bbox 1184 809 1859 854; baseline 0 -13"><span class='ocrx_word' id='word_1_233' title='bbox 1184 809 1257 854; x_wconf 86' lang='lat' dir='ltr'>gari</span> <span class='ocrx_word' id='word_1_234' title='bbox 1285 809 1446 843; x_wconf 86' lang='lat' dir='ltr'>noctibus</span> <span class='ocrx_word' id='word_1_235' title='bbox 1472 809 1593 842; x_wconf 90' lang='lat' dir='ltr'>solitus</span> <span class='ocrx_word' id='word_1_236' title='bbox 1610 821 1618 842; x_wconf 94' lang='lat'><strong>:</strong></span> <span class='ocrx_word' id='word_1_237' title='bbox 1639 817 1743 854; x_wconf 85' lang='lat' dir='ltr'>atque</span> <span class='ocrx_word' id='word_1_238' title='bbox 1762 809 1859 841; x_wconf 86' lang='lat' dir='ltr'>inva-</span> 
     </span>
     <span class='ocr_line' id='line_1_44' title="bbox 1186 860 1862 907; baseline -0.001 -13"><span class='ocrx_word' id='word_1_239' title='bbox 1186 860 1297 894; x_wconf 88' lang='lat' dir='ltr'>lidum</span> <span class='ocrx_word' id='word_1_240' title='bbox 1314 874 1488 907; x_wconf 85' lang='lat' dir='ltr'>quemque</span> <span class='ocrx_word' id='word_1_241' title='bbox 1507 862 1691 895; x_wconf 90' lang='lat' dir='ltr'>obviorum</span> <span class='ocrx_word' id='word_1_242' title='bbox 1704 887 1713 903; x_wconf 94' lang='lat'>,</span> <span class='ocrx_word' id='word_1_243' title='bbox 1733 861 1786 894; x_wconf 86' lang='lat' dir='ltr'>vel</span> <span class='ocrx_word' id='word_1_244' title='bbox 1802 873 1862 906; x_wconf 82' lang='lat' dir='ltr'>po·</span> 
     </span>
     <span class='ocr_line' id='line_1_45' title="bbox 1187 913 1862 960; baseline -0.001 -13"><span class='ocrx_word' id='word_1_245' title='bbox 1187 915 1358 948; x_wconf 87' lang='lat' dir='ltr'>tulentum</span> <span class='ocrx_word' id='word_1_246' title='bbox 1393 915 1571 960; x_wconf 84' lang='lat' dir='ltr'>corripere</span> <span class='ocrx_word' id='word_1_247' title='bbox 1596 927 1604 947; x_wconf 90' lang='lat'>:</span> <span class='ocrx_word' id='word_1_248' title='bbox 1635 927 1673 948; x_wconf 90' lang='lat' dir='ltr'>ac</span> <span class='ocrx_word' id='word_1_249' title='bbox 1707 913 1862 947; x_wconf 88' lang='lat' dir='ltr'>distento</span> 
     </span>
     <span class='ocr_line' id='line_1_46' title="bbox 1187 967 1863 1012; baseline -0.003 -11"><span class='ocrx_word' id='word_1_250' title='bbox 1187 979 1266 1012; x_wconf 85' lang='lat' dir='ltr'>sago</span> <span class='ocrx_word' id='word_1_251' title='bbox 1294 967 1497 1012; x_wconf 88' lang='lat' dir='ltr'>impositum</span> <span class='ocrx_word' id='word_1_252' title='bbox 1525 967 1561 1000; x_wconf 89' lang='lat' dir='ltr'>in</span> <span class='ocrx_word' id='word_1_253' title='bbox 1588 967 1735 1001; x_wconf 88' lang='lat' dir='ltr'>sublime</span> <span class='ocrx_word' id='word_1_254' title='bbox 1757 970 1863 1012; x_wconf 87' lang='lat' dir='ltr'>jacta·</span> 
     </span>
     <span class='ocr_line' id='line_1_47' title="bbox 1187 1019 1864 1065; baseline -0.001 -12"><span class='ocrx_word' id='word_1_255' title='bbox 1187 1032 1237 1053; x_wconf 89' lang='lat' dir='ltr'>re.</span> <span class='ocrx_word' id='word_1_256' title='bbox 1261 1037 1274 1049; x_wconf 81' lang='lat' dir='ltr'>n</span> <span class='ocrx_word' id='word_1_257' title='bbox 1298 1020 1431 1053; x_wconf 85' lang='lat' dir='ltr'>Gallice</span> <span class='ocrx_word' id='word_1_258' title='bbox 1446 1045 1454 1059; x_wconf 88' lang='lat'>,</span> <span class='ocrx_word' id='word_1_259' title='bbox 1478 1019 1596 1054; x_wconf 79' lang='lat' dir='ltr'>berner.</span> <span class='ocrx_word' id='word_1_260' title='bbox 1624 1020 1690 1053; x_wconf 91' lang='lat' dir='ltr'>Hic</span> <span class='ocrx_word' id='word_1_261' title='bbox 1714 1033 1778 1065; x_wconf 89' lang='lat' dir='ltr'>per</span> <span class='ocrx_word' id='word_1_262' title='bbox 1795 1031 1864 1052; x_wconf 89' lang='lat' dir='ltr'>me-</span> 
     </span>
     <span class='ocr_line' id='line_1_48' title="bbox 1190 1073 1865 1119; baseline 0.001 -14"><span class='ocrx_word' id='word_1_263' title='bbox 1190 1073 1373 1118; x_wconf 87' lang='lat' dir='ltr'>taphoram</span> <span class='ocrx_word' id='word_1_264' title='bbox 1393 1073 1541 1106; x_wconf 87' lang='lat' dir='ltr'>sumitur</span> <span class='ocrx_word' id='word_1_265' title='bbox 1561 1086 1626 1119; x_wconf 87' lang='lat' dir='ltr'>pro</span> <span class='ocrx_word' id='word_1_266' title='bbox 1645 1073 1717 1106; x_wconf 87' lang='lat' dir='ltr'>risu</span> <span class='ocrx_word' id='word_1_267' title='bbox 1734 1081 1767 1106; x_wconf 91' lang='lat' dir='ltr'>et</span> <span class='ocrx_word' id='word_1_268' title='bbox 1786 1085 1865 1106; x_wconf 88' lang='lat' dir='ltr'>con-</span> 
     </span>
     <span class='ocr_line' id='line_1_49' title="bbox 1190 1125 1865 1171; baseline -0.001 -13"><span class='ocrx_word' id='word_1_269' title='bbox 1190 1133 1337 1170; x_wconf 89' lang='lat' dir='ltr'>temptu.</span> <span class='ocrx_word' id='word_1_270' title='bbox 1369 1147 1420 1151; x_wconf 86' lang='lat'>——</span> <span class='ocrx_word' id='word_1_271' title='bbox 1447 1126 1547 1170; x_wconf 70' lang='lat' dir='ltr'>Saga.</span> <span class='ocrx_word' id='word_1_272' title='bbox 1575 1125 1722 1171; x_wconf 88' lang='lat' dir='ltr'>Proprie</span> <span class='ocrx_word' id='word_1_273' title='bbox 1748 1138 1865 1170; x_wconf 83' lang='lat' dir='ltr'>sagum</span> 
     </span>
     <span class='ocr_line' id='line_1_50' title="bbox 1190 1178 1868 1224; baseline -0.001 -13"><span class='ocrx_word' id='word_1_274' title='bbox 1190 1185 1242 1211; x_wconf 85' lang='lat' dir='ltr'>est</span> <span class='ocrx_word' id='word_1_275' title='bbox 1251 1179 1353 1211; x_wconf 87' lang='lat' dir='ltr'>vestis</span> <span class='ocrx_word' id='word_1_276' title='bbox 1367 1179 1516 1212; x_wconf 87' lang='lat' dir='ltr'>militum</span> <span class='ocrx_word' id='word_1_277' title='bbox 1533 1191 1541 1212; x_wconf 73' lang='lat' dir='ltr'>t</span> <span class='ocrx_word' id='word_1_278' title='bbox 1559 1178 1616 1212; x_wconf 92' lang='lat' dir='ltr'>hic</span> <span class='ocrx_word' id='word_1_279' title='bbox 1634 1191 1699 1224; x_wconf 85' lang='lat' dir='ltr'>pro</span> <span class='ocrx_word' id='word_1_280' title='bbox 1713 1179 1868 1224; x_wconf 85' lang='lat' dir='ltr'>qualibet</span> 
     </span>
     <span class='ocr_line' id='line_1_51' title="bbox 1192 1231 1868 1276; baseline -0.001 -12"><span class='ocrx_word' id='word_1_281' title='bbox 1192 1231 1335 1276; x_wconf 89' lang='lat' dir='ltr'>ponitur</span> <span class='ocrx_word' id='word_1_282' title='bbox 1346 1256 1356 1272; x_wconf 97' lang='lat'>,</span> <span class='ocrx_word' id='word_1_283' title='bbox 1375 1233 1472 1276; x_wconf 89' lang='lat' dir='ltr'>cujus</span> <span class='ocrx_word' id='word_1_284' title='bbox 1485 1245 1560 1266; x_wconf 85' lang='lat' dir='ltr'>oras</span> <span class='ocrx_word' id='word_1_285' title='bbox 1577 1240 1745 1265; x_wconf 81' lang='lat' dir='ltr'>extremas</span> <span class='ocrx_word' id='word_1_286' title='bbox 1761 1243 1868 1264; x_wconf 86' lang='lat' dir='ltr'>manu</span> 
     </span>
     <span class='ocr_line' id='line_1_52' title="bbox 1192 1283 1869 1326; baseline -0.001 -9"><span class='ocrx_word' id='word_1_287' title='bbox 1192 1292 1333 1318; x_wconf 85' lang='lat' dir='ltr'>teneant</span> <span class='ocrx_word' id='word_1_288' title='bbox 1353 1284 1510 1318; x_wconf 86' lang='lat' dir='ltr'>irrisores</span> <span class='ocrx_word' id='word_1_289' title='bbox 1523 1311 1532 1326; x_wconf 90' lang='lat'>,</span> <span class='ocrx_word' id='word_1_290' title='bbox 1548 1285 1681 1317; x_wconf 90' lang='lat' dir='ltr'>librum</span> <span class='ocrx_word' id='word_1_291' title='bbox 1697 1284 1733 1317; x_wconf 90' lang='lat' dir='ltr'>in</span> <span class='ocrx_word' id='word_1_292' title='bbox 1754 1283 1869 1317; x_wconf 87' lang='lat' dir='ltr'>media</span> 
     </span>
     <span class='ocr_line' id='line_1_53' title="bbox 1194 1337 1867 1384; baseline -0.003 -14"><span class='ocrx_word' id='word_1_293' title='bbox 1194 1346 1285 1371; x_wconf 87' lang='lat' dir='ltr'>veste</span> <span class='ocrx_word' id='word_1_294' title='bbox 1304 1338 1474 1384; x_wconf 88' lang='lat' dir='ltr'>positum,</span> <span class='ocrx_word' id='word_1_295' title='bbox 1497 1338 1533 1371; x_wconf 88' lang='lat' dir='ltr'>in</span> <span class='ocrx_word' id='word_1_296' title='bbox 1553 1350 1630 1371; x_wconf 86' lang='lat' dir='ltr'>aera</span> <span class='ocrx_word' id='word_1_297' title='bbox 1649 1337 1786 1382; x_wconf 82' lang='lat' dir='ltr'>jacturi.</span> <span class='ocrx_word' id='word_1_298' title='bbox 1800 1338 1867 1369; x_wconf 86' lang='lat' dir='ltr'>En.</span> 
     </span>
    </p>

    <p class='ocr_par' dir='ltr' id='par_1_8' title="bbox 1193 1388 1871 1582">
     <span class='ocr_line' id='line_1_54' title="bbox 1248 1388 1869 1433; baseline -0.002 -10"><span class='ocrx_word' id='word_1_299' title='bbox 1248 1403 1282 1433; x_wconf 86' lang='lat'>9.</span> <span class='ocrx_word' id='word_1_300' title='bbox 1308 1391 1374 1424; x_wconf 78' lang='lat' dir='ltr'>Sed</span> <span class='ocrx_word' id='word_1_301' title='bbox 1398 1399 1431 1423; x_wconf 77' lang='lat' dir='ltr'>tu</span> <span class='ocrx_word' id='word_1_302' title='bbox 1453 1404 1490 1422; x_wconf 81' lang='lat' dir='ltr'>ne</span> <span class='ocrx_word' id='word_1_303' title='bbox 1512 1394 1611 1423; x_wconf 76' lang='lat' dir='ltr'>toties.</span> <span class='ocrx_word' id='word_1_304' title='bbox 1641 1388 1869 1423; x_wconf 89' lang='lat' dir='ltr'>Emendantis</span> 
     </span>
     <span class='ocr_line' id='line_1_55' title="bbox 1193 1442 1869 1488; baseline -0.001 -12"><span class='ocrx_word' id='word_1_305' title='bbox 1193 1451 1305 1488; x_wconf 89' lang='lat' dir='ltr'>poetae</span> <span class='ocrx_word' id='word_1_306' title='bbox 1328 1444 1448 1476; x_wconf 84' lang='lat' dir='ltr'>lituras</span> <span class='ocrx_word' id='word_1_307' title='bbox 1472 1443 1623 1488; x_wconf 82' lang='lat' dir='ltr'>effugere</span> <span class='ocrx_word' id='word_1_308' title='bbox 1649 1443 1770 1488; x_wconf 83' lang='lat' dir='ltr'>cupis3</span> <span class='ocrx_word' id='word_1_309' title='bbox 1790 1442 1869 1475; x_wconf 87' lang='lat' dir='ltr'>uni·</span> 
     </span>
     <span class='ocr_line' id='line_1_56' title="bbox 1194 1495 1871 1541; baseline 0 -13"><span class='ocrx_word' id='word_1_310' title='bbox 1194 1495 1320 1541; x_wconf 90' lang='lat' dir='ltr'>cuique</span> <span class='ocrx_word' id='word_1_311' title='bbox 1342 1496 1435 1529; x_wconf 88' lang='lat' dir='ltr'>enim</span> <span class='ocrx_word' id='word_1_312' title='bbox 1455 1508 1599 1530; x_wconf 85' lang='lat' dir='ltr'>censura</span> <span class='ocrx_word' id='word_1_313' title='bbox 1623 1496 1736 1541; x_wconf 81' lang='lat' dir='ltr'>gravis</span> <span class='ocrx_word' id='word_1_314' title='bbox 1758 1503 1809 1529; x_wconf 88' lang='lat' dir='ltr'>est</span> <span class='ocrx_word' id='word_1_315' title='bbox 1837 1503 1871 1528; x_wconf 89' lang='lat' dir='ltr'>et</span> 
     </span>
     <span class='ocr_line' id='line_1_57' title="bbox 1195 1547 1324 1582; baseline 0 0"><span class='ocrx_word' id='word_1_316' title='bbox 1195 1547 1324 1582; x_wconf 86' lang='lat' dir='ltr'>odiosa.</span> 
     </span>
    </p>

    <p class='ocr_par' dir='ltr' id='par_1_9' title="bbox 1195 1599 1875 1805">
     <span class='ocr_line' id='line_1_58' title="bbox 1253 1599 1872 1635; baseline 0.002 -2"><span class='ocrx_word' id='word_1_317' title='bbox 1253 1613 1306 1635; x_wconf 90' lang='lat'>10.</span> <span class='ocrx_word' id='word_1_318' title='bbox 1336 1603 1449 1635; x_wconf 79' lang='lat' dir='ltr'>Tristis</span> <span class='ocrx_word' id='word_1_319' title='bbox 1474 1601 1606 1634; x_wconf 78' lang='lat' dir='ltr'>arundo.</span> <span class='ocrx_word' id='word_1_320' title='bbox 1626 1602 1678 1634; x_wconf 84' lang='lat' dir='ltr'>Ex</span> <span class='ocrx_word' id='word_1_321' title='bbox 1699 1599 1872 1634; x_wconf 83' lang='lat' dir='ltr'>arundine</span> 
     </span>
     <span class='ocr_line' id='line_1_59' title="bbox 1195 1653 1873 1700; baseline -0.001 -13"><span class='ocrx_word' id='word_1_322' title='bbox 1195 1666 1279 1687; x_wconf 77' lang='lat' dir='ltr'>vero</span> <span class='ocrx_word' id='word_1_323' title='bbox 1292 1680 1300 1696; x_wconf 84' lang='lat'>,</span> <span class='ocrx_word' id='word_1_324' title='bbox 1321 1654 1513 1700; x_wconf 65' lang='lat' dir='ltr'>praesertim</span> <span class='ocrx_word' id='word_1_325' title='bbox 1537 1654 1699 1699; x_wconf 59' lang='lat' dir='ltr'>[Egyptia</span> <span class='ocrx_word' id='word_1_326' title='bbox 1712 1680 1721 1695; x_wconf 93' lang='lat'>,</span> <span class='ocrx_word' id='word_1_327' title='bbox 1742 1653 1873 1687; x_wconf 88' lang='lat' dir='ltr'>fiebant</span> 
     </span>
     <span class='ocr_line' id='line_1_60' title="bbox 1197 1706 1875 1753; baseline -0.003 -13"><span class='ocrx_word' id='word_1_328' title='bbox 1197 1707 1318 1740; x_wconf 84' lang='lat' dir='ltr'>calami</span> <span class='ocrx_word' id='word_1_329' title='bbox 1350 1708 1537 1753; x_wconf 88' lang='lat' dir='ltr'>scriptorii.</span> <span class='ocrx_word' id='word_1_330' title='bbox 1566 1706 1650 1741; x_wconf 71' lang='lat' dir='ltr'>Vid.</span> <span class='ocrx_word' id='word_1_331' title='bbox 1677 1708 1739 1740; x_wconf 91' lang='lat' dir='ltr'>lib.</span> <span class='ocrx_word' id='word_1_332' title='bbox 1773 1707 1875 1747; x_wconf 85' lang='lat' dir='ltr'>XIV,</span> 
     </span>
     <span class='ocr_line' id='line_1_61' title="bbox 1200 1760 1477 1805; baseline 0 -12"><span class='ocrx_word' id='word_1_333' title='bbox 1200 1760 1308 1805; x_wconf 79' lang='lat' dir='ltr'>epigr.</span> <span class='ocrx_word' id='word_1_334' title='bbox 1328 1773 1477 1794; x_wconf 74' lang='lat' dir='ltr'>xxxvnr.</span> 
     </span>
    </p>

    <p class='ocr_par' dir='ltr' id='par_1_10' title="bbox 1260 1811 1854 1858">
     <span class='ocr_line' id='line_1_62' title="bbox 1260 1811 1854 1858; baseline -0.003 -12"><span class='ocrx_word' id='word_1_335' title='bbox 1260 1826 1271 1846; x_wconf 87' lang='lat'>1</span> <span class='ocrx_word' id='word_1_336' title='bbox 1286 1825 1315 1846; x_wconf 90' lang='lat'>1.</span> <span class='ocrx_word' id='word_1_337' title='bbox 1337 1815 1489 1846; x_wconf 77' lang='lat' dir='ltr'>Volitare.</span> <span class='ocrx_word' id='word_1_338' title='bbox 1506 1814 1548 1846; x_wconf 89' lang='lat' dir='ltr'>In</span> <span class='ocrx_word' id='word_1_339' title='bbox 1568 1814 1685 1846; x_wconf 85' lang='lat' dir='ltr'>lucem</span> <span class='ocrx_word' id='word_1_340' title='bbox 1700 1811 1854 1858; x_wconf 87' lang='lat' dir='ltr'>prodire.</span> 
     </span>
    </p>

    <p class='ocr_par' dir='ltr' id='par_1_11' title="bbox 1198 1866 1876 2218">
     <span class='ocr_line' id='line_1_63' title="bbox 1258 1866 1874 1911; baseline -0.002 -13"><span class='ocrx_word' id='word_1_341' title='bbox 1258 1879 1314 1898; x_wconf 82' lang='lat'>12.</span> <span class='ocrx_word' id='word_1_342' title='bbox 1340 1867 1405 1899; x_wconf 75' lang='lat' dir='ltr'>Vel</span> <span class='ocrx_word' id='word_1_343' title='bbox 1422 1868 1512 1911; x_wconf 77' lang='lat' dir='ltr'>frige</span> <span class='ocrx_word' id='word_1_344' title='bbox 1541 1868 1569 1898; x_wconf 82' lang='lat' dir='ltr'>si</span> <span class='ocrx_word' id='word_1_345' title='bbox 1592 1874 1719 1911; x_wconf 79' lang='lat' dir='ltr'>poteras</span> <span class='ocrx_word' id='word_1_346' title='bbox 1747 1866 1874 1897; x_wconf 83' lang='lat' dir='ltr'>Bever-</span> 
     </span>
     <span class='ocr_line' id='line_1_64' title="bbox 1204 1915 1872 1953; baseline -0.004 -1"><span class='ocrx_word' id='word_1_347' title='bbox 1204 1918 1296 1952; x_wconf 82' lang='lat' dir='ltr'>{andi</span> <span class='ocrx_word' id='word_1_348' title='bbox 1321 1920 1398 1953; x_wconf 90' lang='lat' dir='ltr'>MS.</span> <span class='ocrx_word' id='word_1_349' title='bbox 1424 1941 1476 1946; x_wconf 90' lang='lat'>-—-</span> <span class='ocrx_word' id='word_1_350' title='bbox 1497 1920 1575 1951; x_wconf 81' lang='lat' dir='ltr'>Esse</span> <span class='ocrx_word' id='word_1_351' title='bbox 1598 1919 1693 1951; x_wconf 82' lang='lat' dir='ltr'>domi.</span> <span class='ocrx_word' id='word_1_352' title='bbox 1716 1939 1767 1944; x_wconf 84' lang='lat'>——</span> <span class='ocrx_word' id='word_1_353' title='bbox 1786 1915 1872 1950; x_wconf 86' lang='lat' dir='ltr'>Vid.</span> 
     </span>
     <span class='ocr_line' id='line_1_65' title="bbox 1201 1970 1876 2018; baseline -0.006 -12"><span class='ocrx_word' id='word_1_354' title='bbox 1201 1985 1277 2018; x_wconf 83' lang='lat' dir='ltr'>sup.</span> <span class='ocrx_word' id='word_1_355' title='bbox 1292 1985 1324 2006; x_wconf 83' lang='lat' dir='ltr'>v.</span> <span class='ocrx_word' id='word_1_356' title='bbox 1344 1986 1360 2005; x_wconf 76' lang='lat'><strong>2</strong></span> <span class='ocrx_word' id='word_1_357' title='bbox 1381 1985 1388 2006; x_wconf 92' lang='lat'>:</span> <span class='ocrx_word' id='word_1_358' title='bbox 1404 1973 1542 2014; x_wconf 84' lang='lat' dir='ltr'>«Quum</span> <span class='ocrx_word' id='word_1_359' title='bbox 1559 1971 1622 2004; x_wconf 84' lang='lat' dir='ltr'>tibi</span> <span class='ocrx_word' id='word_1_360' title='bbox 1635 1998 1642 2012; x_wconf 95' lang='lat'>,</span> <span class='ocrx_word' id='word_1_361' title='bbox 1655 1982 1762 2017; x_wconf 88' lang='lat' dir='ltr'>parve</span> <span class='ocrx_word' id='word_1_362' title='bbox 1775 1970 1876 2011; x_wconf 87' lang='lat' dir='ltr'>liber,</span> 
     </span>
     <span class='ocr_line' id='line_1_66' title="bbox 1201 2023 1876 2059; baseline -0.006 -1"><span class='ocrx_word' id='word_1_363' title='bbox 1201 2025 1326 2059; x_wconf 87' lang='lat' dir='ltr'>scrinia</span> <span class='ocrx_word' id='word_1_364' title='bbox 1363 2034 1481 2059; x_wconf 88' lang='lat' dir='ltr'>nostra</span> <span class='ocrx_word' id='word_1_365' title='bbox 1522 2033 1658 2058; x_wconf 85' lang='lat' dir='ltr'>vacent.</span> <span class='ocrx_word' id='word_1_366' title='bbox 1690 2042 1703 2054; x_wconf 88' lang='lat'>»</span> <span class='ocrx_word' id='word_1_367' title='bbox 1743 2023 1876 2056; x_wconf 85' lang='lat' dir='ltr'>Bolaeus</span> 
     </span>
     <span class='ocr_line' id='line_1_67' title="bbox 1201 2076 1876 2124; baseline -0.006 -12"><span class='ocrx_word' id='word_1_368' title='bbox 1201 2087 1321 2112; x_wconf 83' lang='lat' dir='ltr'>noster</span> <span class='ocrx_word' id='word_1_369' title='bbox 1352 2080 1386 2111; x_wconf 89' lang='lat' dir='ltr'>in</span> <span class='ocrx_word' id='word_1_370' title='bbox 1416 2078 1537 2124; x_wconf 89' lang='lat' dir='ltr'>primis</span> <span class='ocrx_word' id='word_1_371' title='bbox 1559 2086 1593 2111; x_wconf 86' lang='lat' dir='ltr'>et</span> <span class='ocrx_word' id='word_1_372' title='bbox 1616 2078 1746 2111; x_wconf 89' lang='lat' dir='ltr'>ultimis</span> <span class='ocrx_word' id='word_1_373' title='bbox 1768 2076 1876 2109; x_wconf 88' lang='lat' dir='ltr'>versi-</span> 
     </span>
     <span class='ocr_line' id='line_1_68' title="bbox 1198 2130 1876 2177; baseline -0.001 -14"><span class='ocrx_word' id='word_1_374' title='bbox 1198 2132 1264 2164; x_wconf 86' lang='lat' dir='ltr'>bus</span> <span class='ocrx_word' id='word_1_375' title='bbox 1283 2133 1382 2177; x_wconf 88' lang='lat' dir='ltr'>epist.</span> <span class='ocrx_word' id='word_1_376' title='bbox 1402 2134 1434 2165; x_wconf 93' lang='lat' dir='ltr'><strong>X</strong></span> <span class='ocrx_word' id='word_1_377' title='bbox 1447 2158 1455 2173; x_wconf 88' lang='lat'>,</span> <span class='ocrx_word' id='word_1_378' title='bbox 1470 2132 1567 2164; x_wconf 85' lang='lat' dir='ltr'>hunc</span> <span class='ocrx_word' id='word_1_379' title='bbox 1583 2131 1701 2164; x_wconf 88' lang='lat' dir='ltr'>locum</span> <span class='ocrx_word' id='word_1_380' title='bbox 1721 2130 1876 2163; x_wconf 82' lang='lat' dir='ltr'>imitatus</span> 
     </span>
     <span class='ocr_line' id='line_1_69' title="bbox 1199 2185 1349 2218; baseline 0.013 -2"><span class='ocrx_word' id='word_1_381' title='bbox 1199 2193 1261 2217; x_wconf 84' lang='lat' dir='ltr'>est.</span> <span class='ocrx_word' id='word_1_382' title='bbox 1282 2185 1349 2218; x_wconf 73' lang='lat' dir='ltr'>En.</span> 
     </span>
    </p>

    <p class='ocr_par' dir='ltr' id='par_1_12' title="bbox 1199 2240 1869 2271">
     <span class='ocr_line' id='line_1_70' title="bbox 1199 2240 1869 2271; baseline -0.003 -6"><span class='ocrx_word' id='word_1_383' title='bbox 1199 2241 1247 2266; x_wconf 79' lang='lat' dir='ltr'>J’ai</span> <span class='ocrx_word' id='word_1_384' title='bbox 1257 2242 1319 2265; x_wconf 74' lang='lat' dir='ltr'>beau</span> <span class='ocrx_word' id='word_1_385' title='bbox 1327 2252 1391 2266; x_wconf 82' lang='lat' dir='ltr'>vous</span> <span class='ocrx_word' id='word_1_386' title='bbox 1401 2242 1509 2271; x_wconf 61' lang='grc' dir='ltr'>ιιι-τέκεν,</span> <span class='ocrx_word' id='word_1_387' title='bbox 1518 2252 1556 2265; x_wconf 84' lang='lat' dir='ltr'>ma</span> <span class='ocrx_word' id='word_1_388' title='bbox 1566 2248 1741 2265; x_wconf 75' lang='lat' dir='ltr'>remontrance</span> <span class='ocrx_word' id='word_1_389' title='bbox 1751 2247 1789 2264; x_wconf 81' lang='lat' dir='ltr'>est</span> <span class='ocrx_word' id='word_1_390' title='bbox 1796 2240 1869 2264; x_wconf 77' lang='lat' dir='ltr'>vaine</span> 
     </span>
    </p>

    <p class='ocr_par' dir='ltr' id='par_1_13' title="bbox 1202 2292 1877 2377">
     <span class='ocr_line' id='line_1_71' title="bbox 1202 2292 1877 2327; baseline -0.003 -11"><span class='ocrx_word' id='word_1_391' title='bbox 1202 2292 1275 2322; x_wconf 51' lang='lat' dir='ltr'>Alleh</span> <span class='ocrx_word' id='word_1_392' title='bbox 1289 2313 1294 2323; x_wconf 83' lang='lat'>‚</span> <span class='ocrx_word' id='word_1_393' title='bbox 1307 2301 1392 2327; x_wconf 71' lang='lat' dir='ltr'>partez</span> <span class='ocrx_word' id='word_1_394' title='bbox 1405 2313 1411 2324; x_wconf 89' lang='lat'>,</span> <span class='ocrx_word' id='word_1_395' title='bbox 1435 2303 1486 2319; x_wconf 82' lang='lat' dir='ltr'>mes</span> <span class='ocrx_word' id='word_1_396' title='bbox 1509 2304 1582 2325; x_wconf 70' lang='lat' dir='ltr'>vers,</span> <span class='ocrx_word' id='word_1_397' title='bbox 1598 2295 1703 2318; x_wconf 82' lang='lat' dir='ltr'>dernier</span> <span class='ocrx_word' id='word_1_398' title='bbox 1720 2293 1782 2317; x_wconf 80' lang='lat' dir='ltr'>fruit</span> <span class='ocrx_word' id='word_1_399' title='bbox 1791 2293 1821 2316; x_wconf 82' lang='lat' dir='ltr'>de</span> <span class='ocrx_word' id='word_1_400' title='bbox 1838 2301 1877 2315; x_wconf 80' lang='lat' dir='ltr'>ma</span> 
     </span>
     <span class='ocr_line' id='line_1_72' title="bbox 1289 2351 1377 2377; baseline -0.023 -3"><span class='ocrx_word' id='word_1_401' title='bbox 1289 2351 1377 2377; x_wconf 63' lang='grc' dir='ltr'>νείκης</span> 
     </span>
    </p>

    <p class='ocr_par' dir='ltr' id='par_1_14' title="bbox 1201 2397 1876 2487">
     <span class='ocr_line' id='line_1_73' title="bbox 1201 2397 1876 2435; baseline -0.01 -8"><span class='ocrx_word' id='word_1_402' title='bbox 1201 2403 1269 2427; x_wconf 71' lang='lat' dir='ltr'>C&#39;est</span> <span class='ocrx_word' id='word_1_403' title='bbox 1283 2409 1341 2435; x_wconf 80' lang='lat' dir='ltr'>trop</span> <span class='ocrx_word' id='word_1_404' title='bbox 1360 2401 1461 2433; x_wconf 77' lang='lat' dir='ltr'>languir</span> <span class='ocrx_word' id='word_1_405' title='bbox 1475 2400 1538 2424; x_wconf 70' lang='lat' dir='ltr'>clu-z</span> <span class='ocrx_word' id='word_1_406' title='bbox 1563 2400 1612 2423; x_wconf 87' lang='lat' dir='ltr'>moi</span> <span class='ocrx_word' id='word_1_407' title='bbox 1636 2399 1698 2422; x_wconf 81' lang='lat' dir='ltr'>dans</span> <span class='ocrx_word' id='word_1_408' title='bbox 1726 2407 1759 2421; x_wconf 86' lang='lat' dir='ltr'>un</span> <span class='ocrx_word' id='word_1_409' title='bbox 1788 2397 1876 2421; x_wconf 73' lang='lat' dir='ltr'>obscui</span> 
     </span>
     <span class='ocr_line' id='line_1_74' title="bbox 1289 2455 1389 2487; baseline -0.01 -9"><span class='ocrx_word' id='word_1_410' title='bbox 1289 2455 1389 2487; x_wconf 72' lang='lat' dir='ltr'>sejour‚</span> 
     </span>
    </p>

    <p class='ocr_par' dir='ltr' id='par_1_15' title="bbox 1205 2502 1883 2541">
     <span class='ocr_line' id='line_1_75' title="bbox 1205 2502 1883 2541; baseline -0.012 -8"><span class='ocrx_word' id='word_1_411' title='bbox 1205 2509 1238 2533; x_wconf 81' lang='lat' dir='ltr'>La</span> <span class='ocrx_word' id='word_1_412' title='bbox 1249 2509 1336 2541; x_wconf 80' lang='lat' dir='ltr'>prison</span> <span class='ocrx_word' id='word_1_413' title='bbox 1355 2516 1416 2531; x_wconf 70' lang='lat' dir='ltr'>vous</span> <span class='ocrx_word' id='word_1_414' title='bbox 1427 2504 1541 2538; x_wconf 62' lang='lat' dir='ltr'>‹leplait.</span> <span class='ocrx_word' id='word_1_415' title='bbox 1559 2513 1621 2528; x_wconf 77' lang='lat' dir='ltr'>vous</span> <span class='ocrx_word' id='word_1_416' title='bbox 1631 2502 1752 2528; x_wconf 72' lang='lat' dir='ltr'>cherchcz</span> <span class='ocrx_word' id='word_1_417' title='bbox 1764 2503 1787 2526; x_wconf 73' lang='lat' dir='ltr'>lc</span> <span class='ocrx_word' id='word_1_418' title='bbox 1803 2502 1883 2533; x_wconf 67' lang='lat' dir='ltr'>grand</span> 
     </span>
    </p>
   </div>
   <div class='ocr_carea' id='block_1_6' title="bbox 1293 2561 1429 2591">
    <p class='ocr_par' dir='ltr' id='par_1_16' title="bbox 1293 2561 1429 2591">
     <span class='ocr_line' id='line_1_76' title="bbox 1293 2561 1429 2591; baseline -0.007 -8"><span class='ocrx_word' id='word_1_419' title='bbox 1293 2561 1349 2591; x_wconf 69' lang='lat' dir='ltr'>iour</span> <span class='ocrx_word' id='word_1_420' title='bbox 1361 2578 1366 2588; x_wconf 86' lang='lat'><strong><em>‚</em></strong></span> <span class='ocrx_word' id='word_1_421' title='bbox 1383 2566 1429 2584; x_wconf 71' lang='lat' dir='ltr'>cle.</span> 
     </span>
    </p>
   </div>
  </div>
 </body>
</html>
