2061 3288
447 220 1035 268 EPIGRAMMATUM
1074 220 1195 263 Lln.
1237 222 1269 263 Ι.

1470 221 1560 276 143

288 316 470 358 Amator
497 311 567 355 ille
599 311 786 355 tristium
812 308 1107 361 lacernarum,

289 387 345 428 Et
371 384 624 436 Baeticatus,
650 391 780 442 atque
806 380 1152 442 leucophaeatus,

288 455 378 512 Qui
404 454 654 499 coccinatos
678 469 767 496 non
790 461 916 513 putat
940 452 1056 495 viros
1079 467 1194 505 esse,

291 525 701 586 Amethystinasque
730 522 962 567 mulierum
987 531 1117 566 vocat
1142 532 1305 577 vestes;

289 597 450 640 Nativa
472 594 619 639 laudet
639 629 650 648 ,
674 594 835 638 habeat
860 603 904 638 et
927 592 1026 637 licet
1050 609 1222 654 semper

289 668 450 711 Fuscos
476 665 669 721 colores,
697 664 904 725 galbanos
930 664 1062 708 habet
1087 680 1242 708 mores.

147 803 353 848 mysterium
372 803 531 843 Cereris3
545 810 578 835 et
592 800 709 847 lepide
725 809 828 846 poeta

144 856 267 901 jubet,
299 865 338 890 ut
369 856 405 889 in
435 867 554 889 aurem
580 854 695 896 dicat,
718 866 829 899 quum

150 911 221 954 ipse
231 909 372 955 publico
383 921 484 942 versu
495 908 616 953 vulget
623 920 686 953 per
693 908 826 940 orbem.

203 967 238 1003 4.
259 963 399 996 Amator
423 962 485 995 ille.
511 961 645 1006 Aliquis
667 961 828 993 Materno

149 1023 275 1056 notus,
294 1028 398 1060 quem
412 1015 470 1048 alii
487 1015 654 1056 Cinnam,
674 1013 731 1046 alii
750 1013 830 1046 Gal-

147 1069 229 1101 bam
248 1094 257 1109 ,
290 1068 453 1101 nonnulli
495 1068 644 1101 Fuscum
679 1075 829 1106 vocant;

148 1120 291 1166 quidam
324 1130 358 1154 et
390 1122 506 1167 ipsum
537 1121 736 1154 Maternum
750 1147 757 1160 ,
791 1128 830 1153 ut

150 1174 240 1207 infra
260 1174 417 1208 dicemus
429 1200 439 1216 ,
458 1187 491 1207 v.
524 1186 537 1207 1
549 1178 581 1214 4.
602 1193 653 1199 —
678 1173 829 1206 Tristc'um

150 1228 359 1262 lacernarum.
373 1228 458 1262 Erat
473 1228 610 1260 lacerna
623 1227 728 1260 vestis
743 1239 831 1260 cras-

149 1280 233 1321 sior,
253 1293 330 1326 quae
358 1289 445 1326 togae
472 1280 681 1326 plerumque
709 1292 830 1324 super-

150 1333 400 1379 imponebatur
413 1359 421 1375 ,
437 1332 628 1378 aliquando
644 1333 830 1378 separatim

149 1386 353 1420 sumebatur
371 1399 379 1427 ;
411 1400 430 1420 a
464 1386 637 1419 militibus
672 1386 830 1431 primum

150 1448 318 1485 usurpata
335 1440 371 1472 in
386 1440 507 1473 castris
523 1466 531 1481 ‚
550 1448 583 1473 et
596 1439 699 1472 armis
712 1451 831 1484 super-

149 1492 274 1538 injecta
289 1505 298 1534 ;
315 1501 395 1539 post
411 1493 447 1526 in
469 1493 592 1527 urbem
612 1492 767 1526 inducta.
779 1512 831 1519 -—

150 1545 216 1578 Hic
247 1546 357 1591 igitur
387 1545 431 1579 de
459 1558 529 1592 quo
553 1546 710 1591 loquitur
736 1545 830 1578 Mar-

151 1598 263 1637 tialis,
295 1599 443 1632 lacernis
475 1599 657 1641 tristibus,
688 1597 725 1631 id
754 1607 830 1639 est,

151 1652 306 1685 subfusci
325 1653 452 1686 coloris
471 1653 633 1686 utebatur
645 1679 655 1694 ,
669 1652 764 1685 viros
783 1664 832 1685 se-

151 1717 251 1738 veros
263 1705 461 1738 imitaturus
473 1730 482 1746 ,
502 1718 590 1751 quos
607 1705 764 1750 pudebat
780 1705 832 1738 in-

151 1756 260 1791 duere
279 1758 413 1791 colores
437 1759 576 1792 feminis
597 1759 780 1805 proprios,
798 1767 832 1791 et

151 1811 235 1844 luxu
255 1820 485 1845 consecratos.
509 1812 575 1845 En.

207 1863 240 1897 5.
261 1864 450 1897 Baeticams.
466 1865 537 1906 Qui
554 1865 665 1899 utitur
677 1864 832 1898 vestibus

151 1916 228 1949 lana
275 1917 493 1963 hispaniensi
547 1917 731 1951 contextis.
788 1918 831 1950 In

153 1969 322 2015 Hispania
340 1996 349 2012 ,
380 1971 573 2016 praesertim
610 1971 645 2004 in
681 1970 804 2004 Baetica
819 1995 828 2011 ,

153 2020 254 2067 (qure
282 2036 376 2057 nunc
399 2032 450 2057 est
472 2023 659 2057 Andalusia
691 2032 725 2057 et
752 2037 830 2069 pars

153 2076 251 2120 regni
277 2075 524 2118 Granatensis,
544 2090 562 2110 a
585 2077 694 2110 fluvio
722 2077 827 2116 Baeti,

152 2127 259 2162 hodie
284 2128 531 2175 Guadczlquidr,
546 2130 595 2163 sic
620 2125 827 2176 appellata),

153 2182 382 2215 nascebantur
401 2196 502 2224 oves,
519 2195 667 2228 quarum
685 2183 830 2225 vellere,

152 2234 269 2268 native
297 2235 396 2268 fusco
421 2245 455 2269 et
481 2237 676 2277 subrutilo,
699 2236 831 2269 fiebant

153 2295 264 2321 vestes
286 2288 389 2333 pullae
404 2314 413 2330 ,
441 2301 524 2333 quas
548 2289 737 2322 severitatis
765 2290 830 2322 iste

153 2340 335 2373 simulator
362 2341 481 2374 tinctis
502 2342 658 2375 vestibus
685 2351 830 2387 antepo-

152 2394 268 2427 nebat.
289 2393 375 2427 Vid.
393 2395 485 2428 Plin.
504 2395 564 2427 lib.
581 2395 687 2436 VIII,
705 2408 734 2428 c.
757 2396 827 2436 483

154 2447 252 2492 Virg.
271 2449 350 2480 AEn.
371 2447 432 2480 lib.
454 2448 504 2480 IX
518 2473 527 2487 ,
545 2461 576 2480 v.
598 2447 688 2489 5813
706 2456 740 2481 et
755 2448 829 2480 No·

153 2507 280 2542 strum,
297 2501 356 2534 lib.
373 2501 418 2541 V,
434 2500 543 2546 epigr.
561 2513 680 2534 xxxvn
697 2527 706 2542 ,
725 2513 758 2533 v.
786 2513 829 2545 73

153 2552 212 2585 lib.
229 2554 280 2586 IX
293 2579 302 2594 ‚
320 2553 429 2599 epigr.
447 2566 538 2595 LXII,
551 2567 585 2587 v.
608 2553 627 2587 3
639 2566 648 2594 3
662 2554 725 2587 lib.
741 2554 827 2589 XII,

155 2605 266 2650 e‘pigr.
286 2619 324 2642 c,
350 2619 383 2640 v.
413 2620 455 2649 23
483 2615 516 2640 et
540 2607 602 2640 lib.
630 2607 729 2647 XIV,
755 2608 828 2653 epi-

152 2670 258 2702 gram.
281 2672 430 2694 cxxxnl.
455 2661 522 2696 En.
545 2682 597 2687 —
620 2661 830 2705 Leucoplzoea-

888 809 947 833 tus.
963 800 1035 841 Qui
1057 809 1168 834 vestes
1187 802 1277 846 gerit
1292 802 1485 847 leucophaei
1511 816 1567 837 co-

887 853 992 895 loris,
1017 865 1059 887 f(
1088 853 1167 887 albo
1198 862 1232 888 et
1263 855 1366 900 nigro
1394 856 1536 890 conflati
1557 872 1566 900 ;

886 906 1030 951 gallice,
1046 909 1114 952 gris
1135 907 1214 940 brun
1237 901 1281 951 (a
1298 910 1405 948 λευκὸς
1417 935 1427 952 ,
1446 910 1536 943 albas
1556 939 1563 949 ‚

888 968 922 993 et
944 961 1034 1004 φαιὸς
1048 986 1057 1000 ,
1074 959 1216 1005 pullus.)

942 1015 977 1046 6.
1008 1012 1206 1048 coccinatos.
1234 1015 1462 1050 Delicatiores
1491 1017 1566 1050 lau-

888 1066 1064 1112 tior-esque
1092 1066 1312 1102 habebantur
1325 1095 1335 1110 ,
1357 1082 1429 1102 non
1449 1079 1564 1104 tamen

888 1119 1010 1152 molles
1029 1129 1063 1153 et
1080 1121 1293 1163 effeminati,
1308 1123 1374 1155 nisi
1393 1123 1496 1168 hujus
1518 1137 1567 1157 sn-

888 1172 1030 1218 pientiae
1058 1173 1269 1208 affectatoris
1295 1177 1486 1217 sententia,
1505 1178 1568 1223 qui

888 1225 1041 1259 vestibus
1072 1227 1262 1261 utebantur
1298 1241 1404 1263 cocco
1435 1230 1566 1264 tinctis.

889 1278 1022 1312 Coccus
1057 1288 1108 1313 est
1136 1293 1283 1325 granum
1315 1291 1494 1328 sumptum
1525 1296 1567 1318 ex

887 1332 1070 1366 arbuscula
1089 1333 1255 1378 quadam,
1275 1347 1345 1380 quo
1362 1336 1492 1369 rubeus
1508 1349 1566 1370 co-

888 1384 942 1418 lor
957 1384 1150 1419 admodum
1170 1386 1310 1422 vividus
1329 1389 1527 1423 conficitur.

945 1450 977 1482 7.
997 1441 1248 1486 Ametlg7·stinas.
1262 1442 1420 1475 Violacei
1439 1444 1567 1477 coloris

888 1499 1021 1535 vestes,
1042 1489 1116 1532 (sic
1145 1493 1255 1527 dictes
1277 1507 1295 1528 a
1320 1508 1458 1541 gemma
1476 1509 1567 1531 ame-

889 1544 1034 1591 thysto,
1060 1548 1160 1591 cujus
1190 1548 1288 1580 color
1318 1549 1439 1582 vinum
1466 1551 1566 1595 palli-

890 1596 992 1639 dum,
1011 1607 1073 1632 aut
1099 1601 1304 1645 sanguinem
1333 1601 1486 1636 dilutum
1513 1617 1567 1637 re-

889 1652 955 1684 fert
965 1650 990 1693 ),
1004 1653 1208 1688 mulieribus
1226 1663 1344 1688 censet
1362 1656 1567 1703 relinquen·-

889 1703 960 1738 das.
986 1705 1070 1739 Vid.
1100 1707 1162 1740 lib.
1194 1708 1248 1748 X,
1274 1709 1385 1754 epigr.
1407 1722 1508 1752 xmx,
1531 1723 1564 1743 v.

896 1769 931 1797 1,
953 1766 987 1791 et
1008 1759 1068 1793 lib.
1093 1760 1194 1802 XIV,
1215 1761 1323 1807 epigr.
1347 1775 1440 1797 cmv.

945 1812 980 1844 8.
1014 1812 1055 1844 In
1093 1813 1212 1847 multis
1252 1814 1362 1847 laudat
1382 1829 1394 1855 ;
1427 1817 1565 1862 Lipsius

890 1863 1043 1898 Elector.
1067 1865 1126 1899 lib.
1145 1867 1183 1909 I,
1208 1879 1284 1912 cap.
1307 1868 1369 1910 13,
1392 1869 1475 1915 legit
1495 1870 1565 1902 laa-

890 1917 943 1949 det
955 1942 964 1957 ,
981 1917 1076 1963 quod
1091 1919 1204 1964 placet
1218 1921 1425 1956 Ramiresio.
1439 1945 1490 1948 —
1502 1923 1568 1956 Na-

891 1973 953 2002 tiva
967 1997 976 2010 ,
1000 1979 1065 2004 etc.
1085 1972 1256 2012 Quamvis
1268 1974 1399 2008 nativas
1414 2000 1424 2015 ,
1446 1974 1480 2008 id
1498 1985 1565 2016 est,

890 2032 1030 2065 natura,
1042 2037 1113 2057 non
1130 2033 1203 2058 arte
1219 2027 1341 2061 tinctas
1362 2036 1470 2061 vestes
1491 2029 1566 2062 lau-

889 2075 969 2118 det,
996 2077 1174 2111 Baeticatas
1199 2080 1386 2120 nimirum,
1414 2082 1565 2115 colores-

889 2142 956 2175 que
969 2130 1118 2164 vestinm
1132 2131 1258 2166 habeat
1275 2133 1390 2167 fuscos
1407 2143 1441 2168 et
1456 2135 1540 2169 viles
1556 2162 1564 2178 ,

888 2195 1003 2216 mores
1018 2192 1134 2217 tamen
1147 2185 1268 2227 habet,
1280 2187 1341 2232 qui
1354 2200 1427 2220 non
1441 2186 1565 2223 decent

889 2235 1070 2270 hominem
1098 2238 1202 2272 fuscis
1228 2238 1393 2273 indutum
1409 2266 1417 2282 ,
1436 2240 1471 2273 id
1493 2251 1563 2284 est,

890 2302 1072 2331 severum3
1104 2290 1165 2324 sed
1197 2293 1258 2338 qui
1283 2294 1401 2338 potius
1441 2293 1565 2329 decent

890 2341 1054 2376 indutum
1077 2344 1249 2388 galbanis,
1272 2345 1310 2378 id
1334 2355 1402 2388 est,
1431 2348 1566 2382 effemi=

889 2404 1022 2428 natum.
1038 2395 1131 2429 Vide
1144 2397 1207 2431 lib.
1219 2400 1273 2432 III
1284 2425 1293 2441 ,
1306 2400 1415 2445 epigr.
1430 2414 1565 2444 Lxxxn,

888 2461 919 2481 v.
941 2449 974 2482 5.
990 2449 1057 2482 En.

944 2514 978 2545 9.
998 2503 1068 2535 Alii
1086 2503 1210 2537 malint
1229 2504 1393 2540 Galbiaos.
1410 2528 1462 2534 ——-
1481 2507 1564 2542 Gal-

890 2555 1006 2595 banos‚·
1027 2557 1194 2601 galbanus
1212 2558 1284 2591 sive
1302 2559 1484 2604 galbinus,
1507 2570 1565 2594 aut

889 2608 1052 2652 galbeus,
1072 2621 1130 2643 aut
1154 2611 1341 2656 galbaneus
1355 2638 1365 2653 ,
1394 2622 1444 2647 est
1467 2615 1565 2648 color

892 2661 1054 2696 snbalhus
1069 2673 1103 2698 et
1116 2663 1285 2709 pallidus,
1296 2666 1406 2711 qualis
1424 2676 1565 2713 apparet
