2061 3288
444 231 541 278 350

818 237 880 279 M.
901 237 1042 281 VAL.
1081 239 1477 282 MARTIALIS

577 323 786 365 Praestare
803 323 933 383 jussi,
957 325 1136 368 nutibus
1163 327 1457 386 propinamus.

581 394 672 436 Hos
692 392 953 438 Malchionis
980 396 1171 455 patimur
1201 396 1385 456 improbi
1417 397 1574 450 fastus3

578 463 673 507 Nec
700 463 944 520 vindicare,
971 466 1108 520 Rufe,
1140 483 1393 526 possumu53
1422 466 1552 511 fellat.

493 601 510 633 3
521 613 548 633 1.
567 601 922 647 Nulilmspropinamm.
940 603 1021 635 Non
1034 615 1115 648 pro-

435 654 504 687 lato
527 655 600 698 ejus
621 655 764 688 nomine
784 656 840 689 cui
859 656 1111 701 propinamus;

436 706 496 739 sed
517 707 661 740 nutibus
682 708 845 742 invicem.
861 710 1021 742 Attamen
1040 722 1114 742 mos

436 769 508 793 erat
534 763 712 793 nominare
743 761 838 794 hunc
865 761 921 794 cni
947 763 1113 807 propina-

435 813 550 846 batur.
572 812 656 846 Vid.
680 814 741 846 lib.
763 815 797 846 ΙΙ
813 839 821 854 ,
844 815 953 859 epigr.
975 827 1032 848 xv.

490 865 548 898 32.
579 866 781 900 Malchionis.
812 867 887 900 Hoc
920 875 991 908 est,
1023 868 1111 901 effe-

435 919 580 952 minati:
600 931 728 952 nomen
748 919 873 953 fictum
898 933 916 953 a
943 922 1087 966 μαλακὸς
1103 947 1112 961 ,

436 973 548 1004 mollis.
570 972 700 1004 Forsan
728 981 767 1005 ut
792 985 866 1006 uno
890 973 962 1006 ictu
995 975 1113 1019 pingat

436 1026 603 1070 superbos
625 1026 730 1058 fastus
755 1033 789 1058 et
809 1026 976 1059 insulsam
999 1027 1112 1072 impo-

436 1078 579 1110 tentiam
600 1078 712 1119 Zoili,
736 1091 815 1111 eum
845 1079 927 1112 hinc
956 1079 1114 1125 designat

436 1131 580 1163 nomine
603 1132 734 1164 famoso
756 1132 1027 1165 Trimalchionis
1049 1134 1113 1165 Pe-

436 1184 541 1217 tronii
553 1209 562 1225 ‚
579 1183 674 1230 quod
690 1197 756 1216 una
771 1185 902 1229 syllaba
919 1184 1114 1226 deminuit,

436 1236 541 1269 credo
554 1264 562 1280 ‚
580 1245 617 1269 nt
633 1246 745 1270 metro
766 1238 962 1272 satisfaciat.
982 1240 1049 1271 ΕΙ).

491 1290 549 1323 33.
571 1290 783 1330 Seriverius,
805 1299 947 1324 auctore
970 1291 1115 1336 Joseph.

436 1342 612 1387 Scaligero
629 1368 639 1384 ,
656 1344 795 1388 scripsit
813 1355 820 1376 :
842 1344 911 1377 Nec
934 1345 1093 1376 vindicare
1109 1371 1117 1385 ‚

1174 604 1257 645 Rufe
1271 630 1278 642 ‚
1296 617 1459 649 possumus
1467 609 1485 637 Ρ
1488 606 1585 648 fellas
1596 619 1609 645 ,·
1623 606 1655 638 h.
1669 617 1698 638 e.
1712 606 1851 651 inepti-43

1175 657 1297 690 stultos
1330 657 1461 702 quippe
1488 658 1659 692 vocabant
1692 658 1851 692 homines

1174 723 1284 754 spurco
1296 723 1359 743 ore.
1371 731 1422 736 —-
1435 710 1500 743 Nec
1519 712 1694 745 vindicare.
1710 712 1850 745 Etenim

1174 762 1304 807 impuri
1316 762 1470 796 hominis
1483 776 1521 796 os
1528 763 1628 796 valde
1639 763 1848 797 timendum.

1174 815 1217 847 Se
1257 823 1371 859 potest
1404 815 1583 849 vindicare
1616 816 1849 850 posthumum

1174 867 1345 901 imitando
1357 893 1365 909 ,
1378 867 1415 901 id
1429 877 1497 909 est,
1509 869 1718 902 basiationes
1732 871 1851 903 invitis

1173 920 1465 965 ingerendoVid.
1478 922 1537 955 lib.
1551 923 1585 954 II
1596 948 1603 961 ,
1621 923 1730 967 epigr.
1742 935 1849 955 xxm.

1174 974 1241 1006 Vel
1259 974 1362 1006 etiam
1381 974 1528 1007 alterum
1545 986 1683 1007 sensum
1698 975 1852 1020 intellige
1880 1016 1882 1018 v

1173 1039 1214 1059 ex
1237 1026 1347 1072 epigr.
1366 1038 1464 1060 xcvu
1478 1027 1558 1059 infr.
1581 1028 1712 1060 scilicet
1727 1039 1735 1060 ε
1753 1040 1848 1060 mor-

1173 1078 1269 1112 dicus
1284 1088 1448 1124 appetere
1464 1080 1654 1113 mentulam
1665 1089 1796 1125 potest,
1808 1081 1851 1113 ad

1174 1131 1425 1166 ulciscendum.
1445 1133 1541 1165 Malo
1564 1133 1737 1178 explicare
1754 1146 1762 1166 :
1782 1133 1851 1166 Ho-

1176 1185 1279 1217 minis
1295 1185 1412 1229 spurci
1434 1186 1579 1231 impurae
1599 1194 1634 1218 et
1650 1183 1776 1219 foetidae
1790 1187 1850 1218 ba-

1177 1238 1338 1271 siationes
1349 1262 1358 1277 ‚
1378 1250 1460 1282 quas
1476 1239 1605 1271 volenti
1621 1238 1755 1271 nolenti
1768 1237 1852 1271 dare

1178 1298 1292 1336 potest
1310 1303 1372 1335 per
1389 1291 1548 1324 amicitiae
1572 1291 1850 1329 simulationem,

1179 1352 1259 1376 sunt
1281 1342 1454 1376 timendae.
1478 1344 1544 1377 ED.

946 1481 1332 1536 LXXXIII.

922 1638 977 1665 IN
1024 1617 1366 1666 (ΈΟΟΙΛΙΤΕΜ.4

508 1762 580 1805 UT
611 1761 764 1804 faciam
794 1761 995 1804 breviora
1021 1777 1171 1804 mones
1197 1760 1547 1821 Epigrammata,
1577 1758 1744 1804 Cocles.

579 1833 663 1875 Fac
693 1831 824 1887 mihi,
854 1830 971 1891 quod
998 1831 1169 1875 Chione
1194 1848 1201 1873 :
1230 1847 1319 1874 non
1351 1831 1472 1891 potui
1502 1830 1691 1874 brevius.

489 1966 503 1980 ⁴¹
524 1971 582 2003 Ad
604 1970 740 2003 Cordum
758 1969 960 2003 inscribitur
979 1970 1014 2002 in
1034 1968 1112 2002 cod.

437 2024 636 2057 Pulmanni.

494 2090 525 2110 1.
546 2076 671 2116 Corde,
696 2076 732 2108 in
754 2075 879 2109 eodem
901 2074 1033 2122 codice.

492 2143 523 2162 2.
546 2131 586 2162 In
606 2128 813 2174 quibusdam
837 2142 900 2161 non
917 2131 1022 2173 potuit
1043 2127 1111 2159 hre-

437 2186 499 2215 νὶιις
519 2210 526 2221 ,
567 2181 662 2227 qnod
694 2181 900 2215 Calderinus
930 2182 1112 2226 interpret.

437 2236 516 2268 Non
536 2236 649 2281 potuit
665 2234 782 2268 dicere
799 2235 863 2269 tibi
886 2243 924 2268 ut
942 2233 1000 2267 des
1016 2259 1025 2275 ,
1045 2242 1111 2267 etc.

1174 1990 1225 1994 --
1254 1968 1324 2001 Fac
1350 1968 1447 2007 milti,
1471 1975 1537 2000 etc.
1566 1965 1658 1999 Vide
1684 1979 1789 2013 quam
1818 1976 1850 2001 te

1173 2030 1251 2054 utar
1264 2020 1442 2054 brevitatis
1461 2019 1623 2064 magistro
1639 2032 1648 2060 ς
1668 2032 1732 2053 nec
1749 2022 1849 2065 potui

1173 2073 1396 2119 paucioribus
1423 2073 1536 2105 verbis
1558 2081 1680 2105 notare
1706 2080 1738 2106 te
1763 2073 1849 2106 vitio

1173 2125 1315 2159 fellandi
1331 2152 1339 2167 ‚
1363 2139 1465 2172 quam
1484 2124 1696 2158 conferendo
1715 2134 1748 2158 te
1769 2139 1849 2159 cum

1173 2180 1322 2213 Chione.
1339 2180 1425 2213 Infr.
1441 2178 1643 2224 epigramm.
1658 2191 1800 2212 Lxxxvn
1816 2188 1848 2212 et

1172 2244 1280 2266 XCVIL
