2061 3288
449 202 546 258 462

830 203 892 246 Μ.
925 204 1066 247 VAL.
1109 204 1501 248 MARTIALIS

591 289 780 334 Incaluit
808 291 978 352 quoties
1007 291 1154 334 saucia
1184 307 1298 334 vena
1327 308 1461 334 mero.

521 362 615 405 Nec
645 362 797 405 nocuit
826 362 951 405 tectis
977 363 1114 421 ignis,
1141 377 1222 405 nec
1249 363 1387 405 Sirius
1414 365 1555 422 agri53

593 432 688 475 Nec
720 449 862 476 mersa
893 441 957 476 est
988 432 1163 493 pelago,
1193 449 1274 476 nec
1306 432 1402 476 fluit
1428 432 1516 476 ulla
1547 434 1663 477 ratis.

520 503 754 563 Supposita
781 513 846 547 est
873 502 1035 547 blando
1061 520 1286 565 nunquam
1314 503 1391 547 tibi
1422 513 1584 548 tessera
1614 503 1734 561 talo;
1846 521 1875 544 ιε

594 573 697 618 Alea
728 574 803 618 sed
834 590 977 635 parcae
1003 573 1095 619 sola
1125 575 1246 619 fuere
1277 591 1426 618 nuces.

510 726 567 746 12.
597 713 715 747 Saucia
719 740 782 748 .....
800 726 894 747 merO.
915 714 1034 747 Ebria.
1055 714 1135 747 Lib.

452 767 506 799 III
522 793 530 807 ‚
554 767 662 812 epigr.
678 779 798 800 van1
811 794 819 809 ‚
838 780 888 800 vs.
911 769 945 800 6.
960 788 1011 794 --
1031 768 1136 801 Vena.

453 874 524 914 VI,
554 874 665 918 epigr.
700 886 806 914 xmx,
825 887 875 906 vs.
904 886 944 914 23
973 874 1035 907 lib.
1066 875 1137 915 XI,

454 927 564 971 epigr.
592 939 676 970 xVI,
704 939 756 959 vs.
787 929 830 968 53
858 927 981 960 Horat.
1008 927 1068 960 lib.
1097 928 1138 969 I,

453 988 515 1013 sat.
537 991 579 1013 11.

513 1032 570 1066 13.
604 1033 673 1066 Nec
705 1035 832 1075 nocuit,
865 1041 932 1066 etc.
964 1033 1139 1079 Proponit

454 1099 549 1119 nunc
574 1099 639 1132 per
662 1087 885 1132 negationem
911 1099 1027 1120 causas
1050 1100 1138 1131 pau-

453 1141 598 1185 pertatis
620 1166 629 1181 ,
668 1153 819 1185 quarum
857 1140 953 1172 nulla
993 1141 1139 1185 contigit

455 1193 573 1235 Lino;
602 1201 777 1226 tectorum
807 1192 1116 1238 conflagrationem
1130 1220 1139 1234 ‚

455 1259 621 1292 agrorum
644 1245 805 1279 ardorem
825 1273 834 1287 ‚
859 1247 1002 1279 navium
1026 1248 1139 1292 jactu-

456 1312 542 1333 ram.
563 1301 770 1333 Ramiresius.
789 1322 841 1325 —
860 1299 974 1333 Sirius.
994 1299 1139 1345 Signum

457 1354 591 1386 caeleste
632 1353 733 1385 aliter
773 1352 909 1386 dictum
951 1353 1117 1386 Canicula
1131 1380 1139 1394 ‚

457 1415 588 1439 astrum
609 1407 902 1439 nocentissimum
919 1407 1094 1450 segetibus
1108 1415 1141 1439 et

458 1460 643 1493 arboribus
662 1485 672 1500 .,
700 1472 718 1492 e
750 1461 849 1504 cujus
874 1459 986 1492 nimio
1015 1459 1141 1492 ardore

459 1513 575 1547 exusti
597 1513 709 1546 solent
726 1513 843 1558 perire
863 1511 978 1546 fundi.

517 1578 530 1598 1
540 1571 572 1607 4.
589 1567 658 1599 Nec
668 1579 780 1598 merces
789 1566 906 1610 pelago
917 1565 1061 1610 perdidit
1074 1565 1141 1597 ulla

459 1621 538 1651 ratis
549 1646 558 1659 ,
580 1619 635 1652 vel
655 1620 724 1652 Nec
742 1632 855 1651 merces
868 1619 985 1664 pelago
996 1618 1142 1664 prodidit

461 1673 526 1704 ulla
544 1675 622 1704 ralis
644 1672 787 1717 conjicit
806 1673 886 1705 Ant.
905 1671 943 1704 de
959 1673 1062 1718 Reor.
1087 1672 1140 1705 Cf.

459 1726 521 1759 lib.
549 1727 595 1767 V,
623 1726 734 1771 epigr.
764 1737 869 1758 xum.
899 1724 1003 1758 Haud
1035 1725 1142 1757 inele-

461 1787 601 1824 ganter,
632 1779 753 1824 inquit
769 1805 778 1819 ‚
801 1778 900 1811 navis
926 1791 1057 1811 merces
1082 1790 1142 1822 pe·

460 1833 537 1877 lago
559 1832 692 1877 prodere
720 1831 851 1865 dicitur
872 1844 938 1877 pro
957 1830 1119 1874 esftmfflere
1132 1858 1140 1871 ‚

462 1894 568 1931 atque
586 1884 673 1918 adeo
701 1897 936 1931 possessorem
964 1897 1025 1930 spe
1054 1884 1145 1917 frau-

464 1938 559 1972 dare.
581 1937 673 1971 Vide
690 1951 767 1984 quae
782 1937 826 1971 de
841 1938 905 1971 hac
923 1938 1021 1971 verbi
1040 1938 1145 1983 hujus

463 1992 610 2025 notione
625 1991 685 2024 dat
698 1992 856 2025 Gronov,
874 1991 976 2024 Obss.
991 1991 1051 2024 lib.
1071 1991 1141 2029 ΙΙΙ,

463 2057 538 2091 cap.
561 2058 619 2079 20.
638 2044 774 2078 Deinde
793 2044 931 2078 dubitat
951 2044 1144 2089 scripserit·-

462 2111 507 2131 ne
526 2099 696 2131 Martialis
719 2112 724 2130 :
751 2117 763 2128 «ι
783 2099 855 2131 Nec
872 2110 1000 2131 mersas
1022 2098 1145 2143 pelago

466 2152 586 2185 obruit
618 2151 712 2184 unda
738 2161 850 2193 rates,
878 2168 891 2180 »
925 2151 980 2184 vel
1006 2163 1013 2183 ι
1046 2151 1146 2183 «Nec

465 2218 592 2238 mersas
618 2205 729 2251 pelagi
752 2205 873 2237 obruit
892 2203 985 2237 unda
1004 2213 1105 2237 rates.
1128 2221 1141 2232 n

466 2259 523 2291 Cf.
547 2258 645 2303 Virg.
672 2261 749 2291 jlfin.
773 2259 812 2298 I,
836 2258 897 2303 73.
922 2258 1041 2290 Nostr.
1062 2257 1144 2289 infr.

466 2311 541 2351 IX,
570 2315 636 2351 sil?
663 2312 795 2344 Lucan.
822 2312 878 2344 III
895 2336 904 2351 ‚
931 2311 1019 2354 1953
1040 2308 1145 2342 Ovid.

466 2366 586 2397 Amor.
612 2365 666 2402 II,
696 2376 737 2397 11
757 2390 766 2405 ‚
791 2365 943 2405 1;Pont.
961 2364 999 2405 Ι,
1017 2364 1035 2396 5
1051 2389 1058 2403 ,
1078 2362 1145 2406 393

466 2417 572 2450 Trist.
598 2418 633 2449 ΙΙ
645 2443 653 2455 ,
680 2420 762 2459 196.
780 2418 853 2450 Nec
873 2425 924 2450 est
939 2443 948 2457 ,
965 2415 1062 2462 quod
1075 2416 1146 2448 hia-

464 2478 542 2502 tum
580 2483 770 2503 moremur.
806 2470 938 2516 Saepius
965 2470 1061 2502 hunc
1091 2469 1146 2501 vel

464 2523 573 2568 primi
594 2522 729 2556 ordinis
748 2532 841 2556 vates
858 2523 1066 2569 neglexisse,
1081 2535 1145 2555 no-

464 2585 592 2610 verunt
623 2576 699 2616 illi,
729 2577 789 2621 qui
819 2578 990 2610 Veterum
1019 2588 1145 2608 monu-

466 2639 582 2663 menta
606 2638 801 2663 versarnnt.
824 2629 917 2662 ‘Vide
939 2628 1146 2674 Cnnnegiet.

1197 714 1241 747 ad
1256 714 1376 748 Avian.
1396 714 1465 748 fab.
1482 714 1661 752 XXVIII,
1686 727 1741 748 12.
1756 715 1876 748 Vonk.

1196 768 1273 801 lect.
1294 768 1352 801 lat.
1377 768 1432 809 II,
1451 770 1494 808 63
1516 767 1662 801 Miscell.
1687 767 1787 801 Obss.
1805 768 1876 801 vol.

1198 822 1250 861 X,
1271 833 1349 866 pag.
1385 833 1475 865 190;
1499 820 1618 853 Barth.
1642 819 1687 853 ad
1710 820 1876 866 Calpurn.

1198 875 1262 907 ecl.
1285 875 1332 913 V,
1360 885 1402 906 12
1419 886 1428 914 ;
1447 874 1564 907 Wasii
1584 873 1702 906 Senar.
1730 886 1757 906 c.
1781 877 1823 915 4,
1845 882 1878 907 et

1199 928 1300 960 Voss.
1313 928 1389 959 Art.
1408 926 1635 959 Gran11n.1ib.
1653 927 1688 958 II
1702 952 1710 967 ‚
1722 939 1798 972 cap.
1818 931 1877 967 14.

1198 994 1253 1013 nec
1274 982 1342 1023 ficit
1363 980 1428 1012 ulla
1455 982 1533 1012 ratis
1562 978 1770 1012 Beverlandi
1804 979 1879 1012 MS.

1198 1055 1251 1059 —
1272 1034 1374 1066 Fluit.
1401 1033 1506 1065 Nulla
1530 1033 1614 1065 ratis
1634 1045 1710 1078 quae
1734 1041 1792 1065 tua
1810 1033 1855 1066 sit
1870 1059 1880 1074 ,

1198 1099 1261 1132 per
1276 1099 1370 1119 mare
1384 1095 1541 1118 versatur
1555 1112 1564 1126 ‚
1580 1094 1614 1119 et
1631 1086 1667 1119 in
1683 1086 1880 1130 periculum

1198 1140 1375 1185 naufragii
1395 1140 1503 1172 venit.
1521 1140 1586 1172 ΕΒ.

1258 1205 1270 1225 1
1284 1195 1315 1226 5.
1353 1192 1522 1238 Suppositu
1557 1200 1604 1224 es!
1637 1192 1754 1225 blundo
1772 1219 1782 1231 ,
1814 1201 1878 1225 etc.

1200 1246 1390 1291 Nunquam
1411 1246 1488 1279 talis
1509 1245 1662 1286 relictis,
1691 1246 1727 1278 in
1756 1257 1879 1278 eorum

1199 1299 1317 1332 locum
1341 1299 1476 1332 tesseris
1493 1299 1608 1332 lusisti
1623 1325 1631 1340 ,
1649 1312 1730 1332 cum
1755 1298 1880 1344 majori

1200 1353 1360 1397 pecuniae
1379 1354 1533 1397 jactura3
1553 1352 1620 1385 hoc
1639 1360 1689 1385 est
1703 1377 1712 1392 ‚
1732 1364 1804 1384 non
1820 1350 1880 1383 de-

1201 1406 1322 1438 coxisti
1337 1404 1589 1451 patrimonium
1608 1405 1745 1437 tesseris
1761 1417 1769 1438 :
1786 1405 1880 1437 luso-

1201 1471 1254 1491 res
1272 1467 1386 1491 autem
1406 1458 1562 1491 solebant
1579 1470 1595 1490 a
1615 1457 1745 1491 minori
1768 1455 1853 1490 ludo
1869 1482 1879 1497 ‚

1200 1524 1219 1544 a
1237 1512 1314 1544 tulis
1330 1523 1457 1555 nempe
1474 1536 1481 1550 ‚
1503 1511 1659 1556 incipere
1677 1537 1685 1553 ,
1703 1523 1783 1543 mox
1811 1511 1883 1544 ani-

1201 1564 1584 1605 misincalescentibus‚
1602 1563 1769 1609 depositis
1786 1563 1882 1604 talis,

1202 1618 1492 1663 supponebantur
1518 1625 1673 1659 tesserae,
1699 1617 1735 1649 in
1754 1617 1882 1662 quibus

1202 1672 1314 1716 major
1342 1679 1415 1703 erat
1439 1670 1521 1702 alea.
1545 1671 1622 1703 Lib.
1643 1671 1745 1711 XIV,
1770 1670 1881 1715 epigr.

1203 1736 1247 1756 xv
1262 1736 1269 1756 :
1291 1741 1303 1752 u
1322 1724 1402 1756 Non
1419 1723 1483 1755 sim
1495 1723 1645 1756 talorum
1659 1735 1806 1756 numero
1819 1735 1883 1768 par

1203 1785 1348 1817 tessera,
1368 1775 1452 1809 dum
1473 1776 1516 1809 sit
1542 1777 1679 1822 Major,
1699 1789 1805 1821 quam
1831 1784 1882 1808 ta·

1203 1830 1265 1871 lis,
1291 1830 1362 1862 alea
1391 1842 1480 1874 saepe
1507 1829 1608 1862 mihi.

1205 1883 1281 1916 talo.
1297 1883 1404 1916 Talus
1417 1906 1427 1922 ‚
1444 1883 1565 1923 osselet,
1581 1890 1730 1928 quatuor
1747 1890 1884 1915 tantum

1205 1936 1310 1969 facies
1337 1936 1461 1976 habet,
1491 1935 1539 1968 sic
1566 1934 1680 1968 dictus
1705 1935 1786 1980 quia
1804 1947 1883 1980 spe·

1206 1990 1295 2023 ciem
1306 1989 1410 2022 habet
1420 2001 1457 2021 ac
1468 1988 1613 2021 formam
1630 1988 1771 2021 ossiculi
1788 1987 1883 2034 quod

1631 1847 1644 1859 κ
1670 1851 1722 1855 —
1751 1830 1882 1861 Tessera

1206 2043 1242 2075 in
1261 2043 1330 2075 talo
1350 2049 1411 2075 est.
1431 2041 1525 2074 Talis
1546 2041 1767 2087 potissimum
1783 2040 1883 2074 lude·

1206 2097 1291 2128 bant
1303 2095 1409 2128 animi
1420 2107 1540 2136 causa3
1554 2095 1642 2128 lucri
1655 2102 1771 2127 autem
1781 2107 1883 2128 causa

1208 2148 1505 2182 tesseris.Tessera
1518 2156 1569 2181 est
1585 2149 1708 2189 cubus,
1720 2159 1780 2180 seu
1795 2149 1884 2180 ebur

1206 2203 1249 2236 ab
1261 2202 1359 2235 omni
1375 2210 1474 2246 parte
1490 2200 1699 2246 quadratum
1710 2227 1718 2241 ‚
1729 2209 1763 2233 et
1781 2201 1884 2234 certis

1208 2264 1366 2288 notatum
1393 2254 1532 2299 punctis
1568 2265 1719 2287 numero
1757 2254 1885 2294 variis;

1208 2309 1332 2354 gallico
1355 2320 1515 2341 sermone
1535 2321 1577 2340 zm
1598 2307 1646 2340 de'.

1269 2374 1280 2394 1
1291 2363 1324 2395 6.
1339 2361 1424 2395 Alea
1438 2360 1494 2393 sed
1506 2374 1624 2405 parcoe.
1640 2360 1717 2392 Hoc
1736 2366 1804 2400 est,
1824 2357 1885 2391 sed

1206 2415 1360 2448 victoriae
1401 2414 1584 2459 praemium
1622 2421 1719 2446 erant
1754 2424 1860 2444 nuces
1875 2437 1884 2451 ,

1207 2469 1420 2514 quibuscum
1440 2467 1494 2499 vel
1517 2467 1617 2512 pueri
1638 2465 1776 2499 ludunt.
1800 2463 1882 2496 Vid.

1208 2522 1269 2554 lib.
1291 2522 1390 2561 XIV,
1415 2520 1523 2565 epigr.
1550 2531 1656 2553 xvnI.
1672 2541 1725 2546 —
1742 2519 1822 2550 Ant.
1847 2517 1886 2548 de

1208 2575 1298 2619 Rooy
1317 2574 1480 2619 conjicit,
1508 2582 1574 2605 tota
1599 2574 1688 2617 fuere
1705 2583 1808 2604 nuces.
1830 2570 1883 2602 Cf.

1209 2626 1312 2661 Ovid.
1335 2627 1423 2660 Nur.
1446 2626 1506 2670 75.
