2061 3288
470 263 483 290 l
499 262 563 307 90

461 332 558 366 landi
586 332 661 366 MS.
692 346 795 379 quam
819 334 1005 368 lectionem
1035 335 1141 368 habet

461 386 564 419 etiam
580 387 726 420 Juntina
741 396 858 421 nostra
875 389 1023 433 margini
1038 389 1141 423 ascri-

462 448 556 484 ptam
571 465 579 479 ‚
599 452 678 473 cum
693 441 898 474 notatione:
921 442 1029 474 Codes
1047 456 1140 476 meus.

460 512 513 517 -—
535 493 607 525 Has
632 494 792 536 offendere
815 493 1013 528 basiationes.
1039 496 1142 529 Hunc

837 250 900 291 M.
930 250 1070 292 VAL.
1109 251 1501 295 MARTIALIS

1200 337 1410 371 basiatorem
1429 337 1571 380 laedere,
1601 347 1636 372 et
1668 339 1755 373 mihi
1786 353 1874 386 prte-

1201 400 1291 424 stare
1312 391 1507 426 inimicum.
1531 413 1582 418 --
1599 391 1693 425 Vide
1709 393 1818 439 epigr.
1835 407 1873 436 x,

1201 456 1254 476 XII
1268 470 1277 485 ,
1299 456 1356 477 xm
1378 453 1411 477 et
1432 458 1506 479 xxn
1531 445 1621 479 infra
1639 471 1648 487 ,
1677 444 1720 479 de
1752 445 1873 480 eodem

1202 505 1421 541 argumento,

1038 639 1283 696 XXIV.

928 802 983 830 IN
1031 802 1359 831 CANDIDUM.
1386 782 1405 799 ⁴*

529 933 576 976 Si
603 931 674 975 det
702 932 847 992 iniqua
873 932 952 976 tibi
979 934 1145 977 tristem
1174 933 1350 977 fortuna
1378 943 1570 989 reatum,

597 1002 826 1063 Squalidus
851 1003 1048 1057 haerebo,
1075 1002 1363 1065 pallidiorque
1388 1021 1476 1048 reo.

529 1075 571 1118 Si
595 1074 746 1134 jubeat
774 1075 913 1135 patria
942 1075 1197 1118 damnatum
1227 1075 1436 1120 excedere
1466 1085 1608 1131 terra,

601 1147 684 1189 Per
712 1145 844 1202 freta,
871 1162 949 1207 per
975 1145 1178 1207 scopulos
1206 1145 1363 1190 exsulis
1393 1146 1465 1190 ibo
1492 1162 1650 1190 comes.

530 1218 620 1260 Dat
645 1216 720 1260 tibi
745 1216 915 1261 divitias
940 1234 948 1260 :
973 1217 1129 1278 ecquid
1151 1227 1251 1261 sunt
1276 1218 1355 1261 ista
1377 1216 1596 1261 duorum?

600 1289 691 1331 Das
720 1287 921 1349 partem?
947 1287 1132 1332 multum
1160 1299 1245 1341 est;
1270 1288 1491 1342 Candide3
1517 1288 1593 1332 das
1622 1286 1813 1348 aliquid?

512 1422 526 1435 ⁴
554 1427 744 1472 Improbus
773 1426 932 1459 amicitiae
958 1427 1138 1460 affectator

460 1479 642 1514 Candidus
654 1506 662 1520 ‚
680 1480 734 1512 cui
758 1493 894 1525 semper
912 1480 947 1512 in
965 1492 1026 1512 ore
1048 1479 1136 1512 κεινὰ

460 1535 556 1579 φίλων
585 1532 720 1575 waurin,
741 1532 907 1578 quamdiu
934 1533 1039 1565 miser
1065 1534 1137 1578 ipse

461 1588 528 1620 fuit
544 1613 551 1625 ‚
588 1586 805 1620 miseriarum
850 1587 1137 1619 communitatem

462 1640 615 1673 Martiali
655 1638 790 1672 assidue
824 1640 1003 1684 jactitabat
1046 1639 1137 1672 inter

462 1694 594 1727 amicos
612 1705 684 1726 esse
701 1691 922 1735 servandam.
941 1693 1053 1733 Quem
1076 1705 1136 1724 au-

462 1756 530 1780 tem
542 1746 684 1779 divitem
696 1746 824 1778 factum
839 1746 1029 1790 interrogat
1042 1758 1138 1778 nunc

462 1800 648 1838 Martialis,
666 1811 707 1831 an
724 1800 897 1831 bonorum
915 1811 1056 1844 quoque
1068 1799 1139 1831 lau-

461 1854 519 1887 (let
547 1854 638 1886 inter
668 1853 795 1885 amicos
825 1851 1138 1885 communitatem?

462 1919 567 1953 quam
597 1905 875 1939 admonitionem
903 1904 1017 1938 surdis
1046 1905 1137 1938 auri-

462 1963 528 1994 bus
547 1959 672 2005 accipit
692 1957 870 1992 Candidus
884 1984 893 1999 ‚
913 1967 952 1991 ut
970 1958 1059 1991 infra
1077 1971 1138 2004 pa-

461 2023 508 2048 tet
528 2027 569 2047 ex
589 2012 697 2058 epigr.
716 2012 905 2045 XL111.ED.

519 2080 547 2100 1.
580 2066 617 2099 Si
644 2066 696 2098 det
725 2068 852 2111 iniqua,
885 2073 949 2098 etc.
975 2064 1138 2105 Quatuor

460 2122 523 2155 hos
545 2119 676 2166 primos
692 2131 830 2159 versus,
851 2118 1118 2151 cum'Farnabio
1130 2144 1140 2159 ‚

461 2174 522 2208 sed
537 2181 658 2207 contra
672 2184 792 2205 omnes
811 2171 895 2204 alios
912 2171 1137 2216 interpretes,

463 2226 623 2262 Candido
639 2238 765 2258 censeo
783 2222 970 2258 tribuenda
983 2250 990 2264 ‚
1008 2224 1139 2269 magni-

462 2282 526 2315 fica
546 2279 749 2327 pollicenti,
766 2276 933 2323 quamdiu
950 2277 1054 2310 miser
1072 2277 1138 2310 fuit

463 2337 537 2379 ipse
549 2360 558 2375 ‚
571 2345 634 2365 nec
648 2339 721 2365 erat
740 2330 876 2364 occasio
896 2330 1066 2376 promissa
1084 2342 1139 2363 ex-

462 2386 595 2433 plendi.
621 2386 688 2418 En.
709 2405 761 2410 ——-—
788 2385 921 2416 Tristem
945 2392 1075 2417 reatum.
1102 2384 1137 2417 Si

461 2451 494 2475 te
514 2453 586 2474 sors
609 2439 728 2483 iniqua
747 2450 846 2470 reum
865 2437 997 2470 fecerit.

517 2507 549 2527 2.
567 2492 739 2537 Squalidus
757 2490 891 2524 haerebo.
911 2490 987 2523 Hoc
1009 2498 1059 2523 est
1075 2516 1084 2531 ‚
1110 2490 1137 2523 si

462 2560 540 2580 reus
552 2547 660 2579 factus
675 2544 801 2585 fueris,
815 2556 879 2589 ego
896 2551 1027 2577 mutata
1044 2552 1137 2576 veste

461 2598 659 2635 sordidatus
683 2609 905 2642 quocumque
931 2605 965 2630 te
993 2596 1136 2630 comita-

459 2656 524 2688 bor
546 2667 553 2685 :
575 2651 625 2684 rei
645 2651 757 2689 enim,
788 2662 984 2694 eorumque
1011 2649 1136 2690 amici,

459 2707 603 2742 clientes
619 2717 656 2739 ac
673 2704 886 2750 propinqui,
903 2702 1088 2747 lugubrem
1103 2711 1137 2735 et

1196 1426 1373 1460 sordidam
1414 1435 1542 1460 vestem
1579 1425 1772 1460 induebant
1792 1452 1802 1468 ‚
1835 1436 1874 1460 ut

1194 1479 1327 1525 judices
1351 1480 1393 1513 ad
1417 1478 1691 1514 misericordiam
1717 1492 1872 1513 commo-

1194 1542 1329 1566 verent.

1252 1591 1284 1626 4.
1308 1588 1372 1619 Per·
1383 1588 1472 1629 fram
1487 1614 1494 1626 ,
1510 1600 1568 1631 pet·
1578 1587 1711 1631 populos
1723 1586 1873 1619 ,Iuntina

1196 1648 1314 1673 nostra
1336 1641 1372 1672 in
1399 1640 1579 1684 margine;
1607 1638 1668 1671 scd
1693 1640 1796 1672 lectio
1818 1651 1872 1672 re-

1196 1701 1297 1738 cepta
1325 1706 1396 1725 non
1419 1691 1650 1725 sollicitanda.
1676 1693 1753 1726 Lib.
1777 1692 1848 1724 VII
1863 1718 1872 1734 ,

1197 1746 1304 1791 epigr.
1330 1758 1441 1779 anx:
1464 1763 1476 1775 ιι
1490 1748 1643 1791 sEquora
1665 1758 1729 1791 per
1750 1745 1872 1790 Scyllae

1197 1812 1340 1844 magnus
1360 1811 1474 1832 comes
1499 1799 1622 1832 exsulis
1646 1798 1719 1840 isti3
1748 1816 1762 1828 »
1791 1798 1813 1831 i.
1841 1811 1871 1831 e.

1196 1865 1260 1897 per
1281 1853 1404 1898 Scyllae
1425 1853 1597 1897 scopulos.

1253 1906 1286 1939 5.
1308 1906 1381 1938 Dat
1401 1906 1459 1938 tihi
1481 1905 1617 1938 divitias.
1640 1905 1706 1938 Hic
1726 1917 1871 1950 respon-

1197 1958 1256 1992 det
1281 1958 1452 1992 Martialis
1473 1970 1481 1991 :
1504 1959 1585 1991 Non
1606 1971 1682 1991 sum
1703 1958 1797 1991 exsul
1814 1965 1871 1990 aut

1196 2025 1293 2052 reus,
1322 2011 1382 2045 sed
1406 2024 1562 2057 pauper,
1594 2019 1714 2057 utpote
1738 2018 1867 2056 poeta:

1197 2064 1255 2110 qui
1267 2065 1484 2098 miseriarum
1495 2065 1784 2097 communitatem
1794 2065 1873 2097 sub-

1196 2117 1279 2151 inde
1297 2117 1462 2151 laudabas
1476 2144 1484 2159 ,
1506 2130 1601 2151 nunc
1619 2130 1675 2150 me
1695 2117 1870 2150 bonorum

1196 2172 1248 2204 fac
1270 2172 1474 2217 participem
1487 2197 1496 2211 ‚
1518 2183 1626 2216 quum
1646 2169 1710 2204 tibi
1732 2170 1870 2203 fortuna

1195 2224 1361 2257 arriserit.
1379 2225 1446 2257 En.
1469 2245 1521 2250 —-
1539 2224 1688 2270 Ecquid,
1712 2232 1777 2256 etc.
1798 2223 1872 2257 Cur

1195 2290 1268 2310 non
1290 2276 1450 2319 divitias,
1469 2285 1508 2310 ut
1534 2277 1688 2311 miserias
1718 2274 1870 2309 duorum

1196 2342 1269 2364 esse
1289 2330 1436 2364 censes?
1453 2331 1519 2363 En.

1251 2386 1284 2417 6.
1303 2385 1374 2416 Das
1383 2391 1505 2429 partem
1521 2392 1532 2412 .·
1549 2383 1677 2415 multum
1696 2389 1763 2414 est:
1782 2380 1870 2414 Can-

1196 2437 1270 2469 dide
1282 2464 1290 2477 ‚
1322 2445 1386 2470 etc.
1415 2437 1451 2469 in
1482 2434 1563 2469 edd.
1597 2442 1682 2467 vett.
1715 2455 1768 2460 ——
1799 2434 1870 2466 Das

1192 2498 1315 2535 partem
1331 2495 1350 2523 Ρ
1367 2490 1460 2523 Num
1478 2488 1565 2522 mihi
1584 2486 1643 2521 das
1663 2495 1798 2532 partem
1819 2487 1870 2519 di-

1197 2544 1323 2576 midiam
1343 2549 1361 2576 Ρ
1388 2543 1510 2588 Neque
1537 2541 1609 2574 haec
1635 2540 1755 2585 iniqua
1783 2548 1870 2573 esset

1196 2597 1384 2642 postulatio
1398 2622 1406 2636 ‚
1429 2593 1522 2641 apud
1542 2606 1622 2627 eum
1643 2593 1705 2638 qui
1726 2605 1761 2626 se
1781 2592 1868 2626 mihi

1196 2650 1298 2683 toties
1313 2649 1501 2694 ingesserat
1518 2646 1739 2680 adversarum
1750 2658 1867 2679 rerum

1195 2702 1348 2736 socium!
1366 2701 1515 2736 nimium
1531 2708 1582 2734 est
1593 2725 1603 2742 ‚
1618 2700 1755 2746 inquis:
1769 2708 1842 2734 esto
1855 2712 1866 2740 ;
