2061 3288
462 226 1048 274 EPIGRAMMATUM
1085 226 1210 269 LIB.
1252 225 1348 268 III.

1519 223 1618 286 269

268 322 431 382 Magna
455 319 555 363 licet
581 318 749 362 dederit
771 316 977 378 jucnndae
1002 330 1187 358 munera
1214 314 1336 369 vitae,

336 390 438 435 Plus
466 406 691 451 nunquam
721 389 834 450 patri
860 387 1060 449 praestitit
1082 384 1151 429 illa
1175 384 1278 429 dies.

195 540 269 574 quo
287 527 443 574 primum
456 528 600 560 barbam
613 526 801 568 radebant,
820 527 874 559 in-

195 581 300 627 signis
322 580 419 627 apud
449 582 624 614 Romanos
655 589 729 614 erat
756 580 876 613 laetitia

198 642 233 667 et
246 634 480 668 anniversaria
499 634 666 667 memoria
682 645 689 666 :
705 634 778 667 haec
792 633 876 666 festa

194 687 411 720 vocabantur
423 687 589 719 Juvenalia
604 701 616 726 ;
636 685 736 719 ludos
747 713 756 729 ,
772 687 877 720 sacri-

194 739 271 773 ficia
284 766 293 780 ‚
315 752 459 774 munera
483 748 567 773 tunc
587 740 876 785 frequentabant,

194 793 337 826 barbam
346 801 515 826 resectam
530 792 596 826 diis
610 793 874 827 consecrabant.

195 845 279 879 Vid.
295 846 439 880 Sueton.
455 847 538 880 Ner.
562 859 638 892 cap.
665 858 730 887 123
748 846 877 891 Xiphi-

192 899 255 933 lin.
270 899 306 932 in
323 900 463 933 Nerone
480 907 513 933 et
527 900 778 944 Heliogabalo3
794 899 877 932 Juv.

194 952 265 986 Sat.
289 953 366 994 ΙΙΙ,
390 965 423 986 v.
452 955 534 986 186.

992 524 1025 558 5.
1045 524 1169 568 Magna
1188 523 1271 555 licet.
1294 520 1402 563 Quod
1425 520 1498 555 dies
1518 529 1617 557 nata·

935 579 976 611 lis
991 578 1099 611 vitam
1121 576 1211 622 patri
1231 573 1370 608 dederit
1384 598 1394 614 .,
1418 587 1545 608 munus
1565 585 1618 610 est

937 632 1078 677 ingens;
1094 628 1155 663 sed
1171 630 1282 674 majus
1299 637 1369 669 est,
1382 627 1478 674 quod
1494 627 1618 662 eadem

937 686 995 718 illa
1013 683 1070 717 die.
1087 683 1180 716 filius
1195 683 1249 715 vir
1261 682 1410 715 evaserit
1427 696 1433 714 2
1453 694 1533 714 nain
1548 682 1617 715 viri

937 737 1206 783 appellabantur
1220 747 1236 768 a
1248 735 1356 768 barba
1366 743 1505 768 resecta.
1518 735 1615 768 Mar-

936 791 1009 826 tial.
1022 790 1133 836 epigr.
1150 800 1312 822 Lxxxvur
1329 797 1337 818 :
1359 806 1372 817 «
1385 789 1543 821 Tonsum
1556 788 1611 822 fac

936 845 1008 878 cito
1020 869 1029 885 ‚
1046 855 1122 876 sero
1144 843 1274 875 virum.
1293 860 1304 871 u
1321 843 1462 875 Rmmz.

993 900 1025 930 6.
1043 896 1234 930 Farnabius
1259 908 1278 928 e
1301 895 1512 940 quibusdam
1536 894 1618 929 edd.

939 951 1040 984 affert
1061 962 1068 983 ἰ
1084 952 1237 995 praestitit
1254 949 1320 981 ulla
1339 948 1414 981 dies.

837 1094 975 1150 VII.

228 1250 288 1279 DE
326 1251 498 1281 EDICTO
536 1251 796 1280 DOMITIANI
833 1250 1002 1280 COENAS
1041 1249 1216 1278 RECTAS
1256 1226 1579 1278 REVOCANTE.*

333 1378 541 1420 CENTUM
565 1375 717 1419 miselli
734 1376 824 1436 jam
847 1375 986 1420 valete
1007 1375 1297 1436 quadrantes,

333 1445 696 1490 Anteambulonis
718 1447 988 1508 congiarium
1011 1445 1134 1499 lassi,

331 1518 455 1576 Quos
478 1517 700 1562 dividebat
721 1516 950 1562 balneator
974 1516 1122 1561 elixus.

244 1657 259 1670 ¹
278 1661 374 1694 Nero
389 1673 523 1694 coenam
541 1670 671 1695 rectam
687 1661 872 1695 clientibus

192 1713 382 1748 exhibitam
393 1726 410 1746 a
422 1714 680 1760 potentioribus
690 1713 872 1760 redegerat

192 1766 235 1800 ad
257 1767 473 1813 sportulam,
501 1780 578 1812 quae
605 1767 758 1801 calathus
780 1768 846 1801 fuit
861 1793 872 1810 ‚

191 1832 262 1865 quo
281 1821 438 1865 primum
460 1820 606 1853 obsonia
619 1846 627 1861 ‚
650 1829 769 1866 postea
788 1832 869 1854 cen-

191 1881 266 1905 tum
285 1873 495 1919 quadrantes
514 1872 702 1907 dabantur.
722 1873 868 1907 Sueton.

190 1925 228 1959 in
261 1926 401 1960 Nerone
416 1952 424 1967 ‚
446 1939 522 1972 cap.
560 1930 601 1960 16
630 1939 639 1959 ε
671 1943 684 1956 α
714 1926 868 1959 Publicae

190 1991 295 2012 ccenae
314 1979 359 2012 ad
375 1980 566 2026 sportulam
578 1978 738 2013 redactae.
764 1997 777 2009 n
801 1980 869 2012 Do-

190 2031 355 2065 mitianus
384 2040 499 2066 autem
523 2033 689 2078 abrogato
713 2033 773 2065 illo
797 2033 867 2066 Ne-

190 2084 286 2118 ronis
296 2084 413 2118 edicto
428 2085 605 2119 revocavit
616 2098 728 2119 coenas
743 2094 867 2119 rectas.

191 2137 336 2171 Sueton.
378 2139 412 2170 in
448 2139 650 2172 Domitiano
668 2165 676 2181 ‚
709 2151 787 2184 cap·
819 2152 839 2184 7
857 2151 866 2172 ε

195 2207 209 2219 ε
230 2190 410 2236 Sportulas
428 2192 583 2235 publicas
595 2192 751 2233 sustulit,
765 2205 866 2226 revo-

189 2251 263 2276 cata
284 2256 461 2277 coenarum
482 2253 658 2279 rectarum
681 2254 866 2279 consuetu-

188 2295 283 2330 (line.
309 2313 323 2325 π
355 2318 407 2323 ——
434 2296 600 2330 Edictum
627 2297 717 2331 illud
748 2297 868 2332 laudat

190 2349 379 2390 Martialis,
404 2358 438 2382 et
466 2350 647 2395 pristinam
676 2351 868 2385 insectatur

189 2401 342 2435 divitum
365 2403 545 2436 avaritiam
561 2430 570 2445 ‚
590 2405 765 2449 sportulas
786 2404 868 2437 dan-

188 2455 277 2488 tium
293 2455 452 2488 misellas.
473 2455 558 2490 Vid.
575 2457 654 2489 infr.
675 2457 782 2502 epigr.
799 2470 867 2490 xxx

189 2516 223 2540 et
234 2520 289 2541 Lx.
301 2530 352 2534 —
365 2509 406 2541 In
423 2510 586 2542 omnibus
601 2522 608 2543 ε
626 2511 676 2542 De
693 2510 862 2555 Sportula,

188 2560 283 2605 quod
302 2562 525 2595 mutavimus.
542 2562 609 2595 En.

247 2626 277 2646 1.
303 2613 434 2647 Centum
458 2616 593 2655 miselli,
621 2625 686 2648 etc.
715 2615 866 2649 Centum

189 2665 440 2711 quadrantibus
454 2694 463 2709 ‚
486 2667 522 2702 id
539 2676 606 2711 est,
626 2669 750 2714 viginti
768 2669 868 2715 quin-

933 1674 1002 1707 que
1014 1661 1146 1695 assibus
1162 1661 1343 1694 constabat
1357 1660 1513 1706 sportula
1523 1685 1533 1702 ‚
1556 1661 1614 1694 cui

932 1727 974 1747 ex
988 1713 1103 1748 edicto
1120 1714 1315 1747 Domitiani
1331 1713 1508 1748 valedicit.
1525 1713 1611 1747 Vid.

930 1768 992 1801 lib.
1020 1767 1039 1800 I
1050 1792 1059 1806 ,
1083 1768 1193 1813 epigr.
1216 1781 1281 1809 Lx;
1306 1768 1366 1801 lib.
1397 1768 1449 1800 VI
1460 1793 1470 1808 ,
1497 1767 1608 1812 epigr.

931 1833 1096 1854 Lxxxvnt
1109 1833 1119 1862 ;
1134 1821 1195 1853 lib.
1209 1821 1243 1854 X
1254 1846 1264 1862 ,
1279 1821 1391 1866 epigr.
1407 1833 1527 1854 LXXIV.
1540 1821 1608 1854 En.

985 1887 1017 1906 2.
1031 1873 1307 1906 Anteambulonis.
1325 1874 1473 1907 Clientis
1489 1881 1610 1919 patro-

928 1938 1015 1959 num
1028 1938 1131 1959 suum
1147 1925 1392 1971 praecedentis,
1409 1934 1449 1959 ut
1465 1926 1496 1959 ei
1514 1926 1607 1959 viam

927 1980 1055 2012 faceret
1069 2005 1079 2021 ,
1097 1987 1131 2012 et
1146 1979 1290 2013 honoris
1308 1992 1409 2013 causa
1425 1987 1607 2013 sterneret.

928 2031 1012 2066 Vid.
1027 2033 1090 2065 lib.
1104 2033 1140 2065 ΙΙ
1153 2058 1161 2073 ,
1177 2032 1286 2078 epigr.
1305 2044 1398 2066 xvnr
1412 2059 1422 2074 ‚
1436 2045 1470 2067 v.
1488 2036 1523 2066 6.
1539 2033 1606 2066 En.

926 2107 978 2111 -——
992 2085 1210 2130 Congiarium.
1228 2086 1454 2131 Congiarium
1470 2094 1521 2119 est
1533 2099 1609 2119 mu-

927 2152 992 2172 nus
1000 2139 1137 2184 regium
1149 2151 1209 2172 seu
1222 2139 1502 2185 imperatorium,
1513 2147 1607 2172 certa

927 2193 1087 2237 pecuniae
1106 2204 1256 2233 summa,
1271 2205 1337 2238 qua
1355 2193 1528 2238 populum
1544 2191 1607 2225 do-

927 2246 1057 2279 nabant
1070 2245 1260 2291 principes.
1275 2246 1505 2291 Congiarium
1522 2257 1604 2291 ergo

926 2307 1021 2331 recte
1045 2297 1132 2332 dicit
1155 2299 1368 2344 sportulam,
1396 2311 1522 2332 munus
1541 2311 1604 2344 pa·

927 2360 1116 2385 tronorum
1134 2364 1223 2397 quos
1239 2364 1325 2396 reges
1340 2352 1471 2398 ubique
1491 2361 1605 2386 vocat.

927 2405 1153 2450 Congiarium
1169 2404 1327 2438 dicitura
1343 2406 1472 2450 congio
1483 2431 1491 2444 ,
1510 2419 1607 2439 inen-

926 2470 1005 2490 sura
1039 2457 1265 2502 liquidorum.
1291 2457 1382 2491 Vide
1405 2468 1500 2491 tomo
1532 2459 1584 2491 IV
1596 2485 1605 2500 ,

926 2523 962 2556 p.
985 2513 1054 2544 260
1067 2537 1075 2551 ,
1093 2511 1254 2544 Tacitum
1268 2510 1362 2544 Edit.
1380 2521 1521 2545 nostrae.
1536 2513 1604 2546 ΕΙ).

981 2563 1012 2595 3.
1035 2564 1219 2597 Balneator.
1243 2565 1438 2598 Clientibus
1459 2565 1603 2609 singulis

927 2629 1007 2649 cum
1032 2615 1176 2649 domino
1205 2618 1400 2651 lavantibus
1421 2617 1497 2651 dari
1517 2619 1607 2650 sole-

930 2671 1015 2703 bant
1028 2678 1169 2704 centum
1181 2670 1405 2716 quadrantes,
1419 2683 1507 2716 quos
1517 2671 1607 2704 forte
