2061 3288
485 219 582 275 324

856 220 916 262 M.
942 220 1082 262 VAL.
1118 219 1511 263 MARTIALIS
1549 225 1567 245 ³

616 309 703 352 Res
728 307 806 351 tibi
829 323 929 350 cum
955 307 1142 351 rhombo
1168 316 1233 350 est
1257 324 1266 350 :
1297 317 1340 351 at
1364 307 1470 352 mihi
1496 324 1597 352 cum
1624 308 1810 370 spai'ulo.

548 380 712 422 Cereus
734 378 975 423 immodicis
998 387 1143 421 turtur
1166 387 1208 421 te
1231 376 1429 422 clunibus
1454 378 1606 440 implet
1633 395 1641 422 ε

615 450 796 493 Ponitur
821 450 865 491 in
890 464 1023 492 cavea
1048 458 1221 492 mortua
1246 449 1342 509 pica
1368 449 1488 492 mihi.

543 521 635 564 Cur
663 521 752 563 siue
779 530 821 563 te
848 535 973 563 coeno
989 553 999 573 ,
1027 536 1163 579 quum
1188 529 1356 573 tecum,
1380 520 1583 575 Pontice,
1605 519 1804 564 coenem?

612 590 818 651 Sportula
843 589 960 650 quod
984 606 1073 633 non
1099 600 1187 643 est,
1209 591 1348 650 prosit
1375 607 1382 632 :
1411 590 1590 634 edamus
1615 590 1741 634 idem.
1855 620 1886 635 ιι»

522 734 555 765 6.
585 732 735 764 Rlzombo.
769 731 922 772 Gallice,
953 730 1067 763 tta-boc.
1092 750 1146 756 ——-

466 784 616 830 Sparulo.
651 784 723 817 Vili
752 784 921 830 pisciculo
939 809 948 824 ,
978 783 1037 828 qui
1073 783 1144 815 for-

464 846 553 871 tasse
583 850 712 870 nomen
739 838 843 870 habet
872 849 889 869 a
922 849 1048 882 sparO,
1073 836 1144 869 telo

463 889 619 936 quodam
634 890 775 935 agresti,
790 892 888 935 cujus
900 890 1046 922 formam
1064 889 1143 921 imi-

461 950 564 976 tatur.
579 943 760 976 Rhombus
771 952 803 976 et
817 943 977 988 sparulus
992 950 1141 986 uterque

459 1008 477 1030 e
499 1008 625 1041 genere
647 997 793 1041 passeris
820 996 972 1037 marini,
999 994 1059 1028 sed
1082 995 1140 1027 hic

459 1050 571 1082 multo
594 1048 709 1082 vilior.

514 1115 546 1147 7.
572 1103 698 1135 Aureus
717 1102 752 1133 in
773 1102 873 1134 Junt.
897 1113 972 1146 quae
990 1100 1138 1146 margini

457 1155 560 1188 etiam
580 1154 794 1200 adscriptum
812 1154 918 1186 habet
939 1154 1065 1187 Cereus.
1086 1176 1138 1180 —-

456 1209 596 1241 Aureus.
619 1207 688 1240 Seu
705 1208 839 1253 legatur
854 1220 966 1239 aureus
977 1234 985 1247 ,
1011 1219 1071 1240 seu
1087 1207 1136 1239 le-

453 1269 554 1306 gatur
570 1274 692 1300 cereus,
713 1269 860 1306 utraque
879 1272 948 1292 vox
965 1260 1137 1305 significat

455 1314 610 1346 colorem
639 1313 848 1359 pallidulum
876 1326 894 1346 e
917 1312 1135 1358 pinguedine

455 1366 613 1400 ductum.
638 1365 722 1399 Vid.
753 1379 848 1411 supr.
882 1366 989 1412 epigr.
1019 1378 1133 1406 LVIII,

452 1432 540 1452 vers.
560 1433 616 1463 19·
633 1421 701 1452 En.
717 1441 767 1445 ——
786 1419 975 1452 Immodicis.
995 1418 1129 1451 Obesis.

509 1473 541 1505 8.
561 1473 598 1505 ln
619 1485 713 1504 cavea
729 1480 864 1504 mortua.
883 1472 962 1504 Non
980 1473 1014 1504 in
1034 1483 1131 1504 men-

453 1537 523 1557 sam
551 1525 684 1565 occisa,
709 1524 770 1558 scd
793 1537 856 1570 per
884 1525 1047 1557 morbum
1072 1532 1131 1557 aut

1206 739 1419 763 senectutem
1441 730 1477 762 in
1496 742 1598 763 cavea
1626 738 1767 763 mortua
1781 755 1791 771 ,
1813 743 1882 776 quo

1204 782 1339 815 vilioris
1356 791 1406 816 est
1425 783 1559 827 saporis
1581 783 1657 816 vilis
1673 796 1734 828 per
1747 795 1781 816 se
1798 784 1880 817 avis.

1204 836 1269 868 En.
1292 855 1342 861 --
1367 836 1484 869 Cavea.
1505 837 1617 869 Cavea
1634 836 1693 869 hic
1711 836 1881 881 significat

1204 897 1342 934 septum
1368 889 1405 921 in
1433 901 1503 934 quo
1526 901 1603 922 aves
1628 897 1662 921 et
1684 889 1803 922 bestiae
1825 889 1879 922 in-

1203 941 1400 988 cluduntur
1417 953 1424 974 2
1443 942 1540 983 alias,
1556 942 1652 974 locus
1672 950 1721 974 est
1738 943 1800 975 ubi
1815 955 1879 987 po-

1200 995 1304 1040 pulus
1326 993 1448 1027 sedens
1468 994 1568 1027 ludos
1586 995 1772 1039 spectabat.

1254 1060 1287 1091 9.
1301 1048 1368 1081 Cat·
1385 1050 1450 1080 sine
1465 1055 1492 1079 te
1504 1074 1511 1085 ,
1534 1057 1598 1081 etc.
1610 1049 1742 1080 Tecum
1757 1073 1766 1088 ‚
1792 1048 1872 1093 quia

1199 1113 1294 1134 coena
1312 1101 1417 1133 nobis
1439 1109 1473 1134 et
1492 1112 1610 1133 mensa
1627 1099 1747 1133 eadem
1768 1112 1777 1133 :
1804 1113 1876 1134 non

1198 1161 1315 1186 tecum
1332 1180 1340 1194 ,
1369 1155 1451 1199 quia
1481 1162 1519 1187 tu
1544 1154 1709 1194 meliora,
1734 1166 1798 1198 ego
1819 1153 1878 1187 de-

1199 1207 1328 1240 teriora
1347 1219 1491 1240 coenem.

1254 1273 1309 1293 10.
1329 1259 1481 1304 Sportula
1501 1273 1569 1304 quse
1593 1272 1654 1292 non
1676 1267 1722 1291 est
1746 1260 1874 1293 Bever-

1195 1312 1291 1345 laudi
1325 1313 1400 1346 MS.
1439 1313 1589 1358 Sportula
1624 1312 1710 1357 quod
1740 1325 1801 1345 non
1832 1315 1874 1345 sit

1194 1368 1285 1410 conj.
1306 1366 1528 1398 Ramiresius.
1545 1386 1597 1390 —
1611 1366 1731 1398 Prosit.
1753 1366 1873 1399 Voluit

1193 1419 1411 1451 Domitianus
1441 1419 1574 1452 sublata
1604 1418 1782 1462 sportula,
1804 1419 1870 1451 mi-

1193 1472 1276 1504 seris
1309 1472 1495 1504 clientibus
1526 1472 1666 1512 favere3
1696 1483 1794 1504 coena
1826 1471 1871 1504 sit

1193 1536 1271 1569 ergo
1291 1533 1382 1558 recta
1394 1551 1402 1566 ,
1422 1537 1486 1557 nec
1502 1524 1657 1570 sportula
1673 1525 1785 1570 pejor.
1802 1524 1867 1557 ΕΙ).

1073 1657 1238 1714 LXI.

967 1815 1022 1843 IN
1055 1794 1343 1843 ·CINNAM.*

515 1946 628 1988 ESSE
661 1940 768 1984 nihil
798 1940 928 1996 dicis,
961 1939 1171 2000 quidquid
1202 1941 1334 2000 petis,
1366 1939 1564 1999 improbe
1595 1941 1737 1984 Cinna
1763 1958 1770 1983 :

583 2014 626 2057 Si
657 2011 715 2055 nil
748 2013 890 2056 Cinna
920 2011 1056 2071 petis;
1081 2010 1141 2054 nil
1170 2011 1268 2065 tibi,
1299 2011 1462 2065 Cinna,
1493 2026 1619 2070 nego.

493 2148 508 2162 '‘
522 2154 564 2185 In
577 2151 683 2196 hujus
700 2149 956 2196 epigrammatis
969 2148 1119 2181 lectione

440 2206 529 2238 nihil
539 2205 673 2238 variant
686 2212 745 2237 aut
761 2202 841 2236 libri
859 2214 963 2235 manu
978 2201 1118 2246 scripti,

441 2266 499 2291 aut
519 2257 611 2302 typis
631 2256 802 2302 impressi.

495 2323 526 2343 1.
554 2311 634 2342 Esse
663 2310 753 2343 nihil.
781 2310 869 2341 Rem
896 2307 1029 2340 nullius
1061 2314 1119 2339 aut

438 2362 556 2408 exigui
568 2362 749 2395 momenti.
766 2362 822 2394 Sic
839 2360 932 2394 enim
952 2369 1118 2394 extenua-

439 2416 499 2448 bat
517 2415 611 2460 quod
626 2416 766 2461 petebat
783 2415 1006 2460 importunus
1024 2412 1118 2458 flagi-

435 2476 525 2501 tator
543 2468 671 2501 Cinna.

1234 2162 1268 2181 2.
1300 2148 1363 2180 Nil
1390 2148 1455 2181 tibi.
1489 2148 1546 2181 Nil
1576 2148 1665 2192 petis
1681 2163 1688 2189 ;
1718 2149 1783 2182 tibi
1809 2148 1856 2182 do

1179 2199 1273 2246 quod
1301 2201 1411 2246 petis,
1434 2200 1469 2234 id
1498 2210 1548 2235 est
1567 2202 1676 2244 nihil;
1700 2214 1783 2248 ergo
1809 2214 1856 2235 ne

1178 2254 1347 2287 irascaris,
1362 2254 1457 2287 Nihil
1469 2254 1517 2287 ibi
1529 2255 1687 2300 ambigue
1698 2254 1852 2288 dictum:

1179 2307 1269 2339 nihil
1281 2307 1386 2340 relate
1396 2333 1404 2347 ,
1418 2319 1475 2340 seu
1490 2320 1563 2340 rem
1574 2308 1684 2341 levem
1694 2334 1703 2349 ,
1718 2302 1855 2353 (gallice

1179 2373 1218 2392 un
1239 2354 1485 2405 rie12‚)petebat
1503 2360 1633 2403 Cinna;
1650 2369 1683 2394 at
1696 2360 1854 2394 absolute

1178 2413 1342 2457 intelligit
1358 2413 1440 2446 nillil
1449 2421 1553 2458 poeta
1563 2439 1572 2455 ,
1582 2427 1646 2447 nec
1658 2412 1850 2459 quidquam

1178 2465 1237 2499 dat
1261 2474 1318 2498 aut
1337 2474 1448 2510 negat.
1463 2466 1530 2499 En.
