2061 3288
435 222 1023 270 EPIGRAMMATUM
1062 221 1325 265 Ll'13.111.

1493 217 1589 273 345

752 380 1012 437 LXXX.

693 540 752 567 Αῐ)
803 537 1055 567 APICIUM.
1073 516 1091 532 *

247 667 318 709 DF,
339 664 458 709 nullo
482 666 697 726 quereris,
723 663 831 708 nulli
856 662 1101 718 maledicis,
1126 662 1247 722 Apici
1268 678 1274 703 :

318 737 490 780 Rumor
519 737 600 791 ait,
631 735 789 796 linguae
820 745 862 779 te
892 744 1038 778 tamen
1070 749 1162 777 esse.
1193 732 1327 776 malae.

234 880 248 893 *
268 881 475 915 Fellatorem
501 881 663 927 Apicium
683 881 853 927 perstrin-

175 934 224 979 git
238 959 247 974 ‚
262 936 321 980 qui
336 934 463 979 linguae
479 935 575 967 malae
595 943 667 968 erat
682 934 784 967 etiam
803 942 854 967 ta-

176 1000 269 1021 cens.

226 1062 279 1067 —
300 1040 421 1085 Neque
448 1040 484 1072 in
511 1040 579 1073 hoc
604 1040 854 1085 epigrammate

175 1092 367 1139 quidquam
390 1093 525 1126 variant
547 1094 689 1139 scripti,
708 1103 766 1127 aut
788 1094 854 1126 im-

177 1147 283 1191 pressi
299 1146 392 1180 libri.

232 1212 262 1232 1.
278 1199 453 1232 Maledicis.
472 1199 550 1232 Lib.
568 1200 622 1237 II⁷
641 1199 750 1244 epigr.
767 1211 826 1233 Lx1
842 1224 852 1241 ,

181 1251 303 1285 eodem
322 1253 408 1285 vitio
424 1261 522 1285 notat
539 1251 758 1286 maledicum.

970 892 1003 913 α.
1016 880 1136 912 Rumor
1147 880 1210 918 ait,
1230 886 1297 912 etc.
1316 878 1395 911 Lib.
1411 878 1466 919 11,
1483 879 1593 924 epigr.

914 945 1034 974 Lxxn,
1053 946 1086 966 v.
1117 945 1145 967 1.
1174 954 1228 958 -—-
1248 933 1384 976 Linguae
1409 932 1510 964 malfe.
1539 930 1593 964 Ad

914 985 1010 1032 quod
1027 986 1142 1019 allusit
1161 985 1335 1018 Minutius
1348 985 1444 1017 Felix
1462 985 1496 1017 in
1513 984 1592 1018 Oct.

915 1055 928 1066 «ι
950 1038 1055 1085 Apud
1080 1051 1167 1084 quos
1192 1046 1264 1072 tota
1289 1036 1509 1083 impudicitia
1531 1051 1594 1070 vo-

914 1102 1013 1126 catur
1031 1092 1228 1132 urbanitas;
1249 1091 1310 1137 qui
1339 1090 1472 1124 medios
1498 1091 1593 1123 viros

913 1146 1075 1179 lambunt
1090 1169 1100 1185 ‚
1129 1153 1195 1178 etc.
1218 1144 1379 1177 homines
1400 1144 1498 1177 malae
1525 1144 1593 1176 lin-

913 1212 988 1244 guae
1003 1224 1013 1239 ,
1037 1198 1173 1232 etiamsi
1197 1206 1362 1231 tacerent.
1386 1215 1399 1227 υ
1426 1197 1483 1230 Sic
1509 1199 1591 1232 zzz-h

913 1257 1050 1297 γλῶσσα
1079 1251 1210 1285 Graecis
1223 1277 1232 1292 ‚
1254 1249 1434 1284 malediCa.
1455 1250 1591 1284 [lez-«ld.

737 1393 1034 1448 LXXXI.

704 1550 757 1578 IN
797 1549 1061 1579 BAETICUM.

242 1675 372 1730 QUID
403 1690 503 1717 cum
530 1673 734 1718 foemineo
763 1675 863 1726 tibi,
895 1675 1053 1719 Baetice
1085 1673 1236 1729 Galle,
1268 1674 1508 1718 barathro?

313 1746 417 1788 Haec
442 1744 571 1788 (lebet
596 1744 761 1789 medios
791 1744 983 1788 lambere
1013 1744 1161 1805 lingua
1194 1745 1323 1788 viros.

240 1815 442 1859 Abscissa
470 1824 535 1858 est
561 1831 695 1875 quare
720 1817 864 1859 Samia
895 1816 971 1859 tibi
1003 1814 1196 1859 mentula
1226 1825 1358 1870 testa,

313 1887 357 1929 Si
387 1885 463 1929 tibi
492 1895 580 1929 tam
607 1895 779 1946 gratus,
808 1887 987 1940 Baetice,
1011 1902 1182 1929 cunnus
1211 1885 1335 1929 erat?
1363 1881 1370 1885 ’

230 2043 260 2064 1.
286 2032 384 2075 Quid.
422 2032 617 2065 Insectatur
650 2032 817 2064 Baeticum
840 2058 849 2073 ,

172 2096 276 2128 quem
294 2084 470 2117 fellantem
486 2085 596 2130 epigr.
609 2096 732 2117 Lxxvn
748 2097 844 2129 supr.

171 2136 452 2182 reprehenderat.
470 2139 515 2170 At
543 2151 637 2171 nunc
668 2138 846 2170 cunnilin-

170 2202 253 2234 gum
273 2189 434 2223 eumdem
451 2191 579 2235 carpit,
602 2191 731 2223 mirans
747 2191 847 2224 illurn

171 2243 236 2275 sibi
257 2243 369 2276 virilia
386 2243 575 2277 exsecuisse
595 2244 751 2277 femineae
764 2256 843 2288 par-

172 2296 215 2328 tis
247 2304 447 2330 amatorem.
469 2297 536 2329 En.
561 2318 612 2322 —-
642 2296 749 2330 Galle.
773 2296 846 2337 Qui

169 2348 328 2381 sacerdos
362 2361 397 2382 es
426 2349 571 2394 Cybeles
603 2350 764 2383 eviratus.
794 2371 846 2376 ——

170 2402 343 2434 Bar-allero.
365 2399 490 2447 αἰδοίῳ.

224 2467 254 2487 2.
264 2454 400 2494 Medios,
414 2463 480 2488 etc.
494 2454 578 2488 Vid.
595 2455 654 2488 lib.
667 2455 702 2487 II
712 2480 721 2496 ,
736 2455 844 2500 epigr.

170 2520 248 2544 Lu,
271 2520 320 2540 vs.
348 2521 381 2541 2.

223 2561 258 2594 3.
279 2561 414 2594 Abscisa
434 2568 480 2592 est
503 2573 598 2606 quat-e
616 2560 765 2605 margini
783 2560 844 2593 ad-

169 2613 338 2659 scriptum
356 2614 458 2647 habet
477 2626 540 2646 nos
562 2626 668 2658 penes
686 2613 843 2647 Juntina.

168 2667 392 2707 -Ahoctsscg
412 2674 478 2700 etc.
490 2665 574 2699 Vid.
590 2666 649 2699 lib.
666 2667 718 2707 II,
734 2667 843 2711 epigr.

910 2044 989 2071 va3
1007 2031 1141 2064 Plinius
1155 2057 1163 2069 ‚
1186 2032 1246 2065 lib.
1264 2032 1416 2072 XXXV,
1429 2044 1506 2078 cap.
1531 2045 1544 2065 1
1557 2046 1588 2066 2.

909 2104 961 2111 ——
974 2084 1085 2117 Samia
1106 2093 1195 2117 testa.
1217 2085 1336 2117 Samos
1349 2111 1358 2125 ,
1378 2093 1459 2118 nota
1476 2085 1588 2119 insula

908 2137 945 2170 in
961 2137 1063 2170 Ionio
1083 2139 1170 2170 mari
1191 2137 1228 2170 in
1249 2150 1317 2183 qua
1338 2138 1434 2170 Juno
1452 2139 1589 2172 coleba-

909 2199 966 2223 tur
984 2217 993 2233 ,
1021 2189 1117 2236 quod
1145 2191 1180 2223 iu
1199 2203 1238 2223 ea
1261 2199 1359 2229 nata,
1391 2190 1536 2225 educata
1555 2201 1590 2225 et

907 2244 987 2277 Jovi
1007 2251 1118 2289 nupta
1142 2244 1269 2285 fuerit;
1291 2244 1372 2276 huic
1392 2252 1507 2277 tamen
1529 2258 1590 2278 an-

906 2298 1096 2342 teponebat
1118 2296 1182 2330 dea
1204 2297 1465 2342 Carthaginem.
1486 2298 1586 2344 Virg.

906 2352 986 2382 AEn.
1009 2350 1069 2383 lib.
1094 2351 1132 2388 l,
1163 2362 1196 2382 v.
1223 2351 1265 2382 15
1286 2362 1294 2382 :
1321 2367 1334 2378 «
1359 2350 1473 2391 Quam
1490 2351 1587 2384 Juno

906 2402 1017 2435 fertur
1036 2402 1138 2435 terris
1160 2404 1270 2447 magis
1296 2404 1460 2436 omnibus
1482 2417 1586 2437 unani

906 2455 1109 2488 posthabita
1135 2456 1286 2488 coluisse
1308 2455 1422 2489 Samo.
1449 2474 1463 2486 n
1489 2459 1530 2490 In
1549 2471 1587 2491 ea

905 2508 1036 2541 fiebant
1056 2521 1134 2542 vasa
1152 2508 1272 2541 fictilia
1294 2521 1370 2554 quae
1389 2509 1501 2544 Samia
1523 2523 1586 2543 vo-

905 2561 1073 2594 cabantur
1086 2587 1095 2601 ‚
1127 2562 1252 2607 quibus
1273 2563 1499 2606 amputabant
1519 2563 1586 2596 sihi

905 2614 1108 2647 virilitatem
1135 2615 1240 2648 Galli.
1267 2614 1442 2649 Videatur
1465 2616 1584 2649 Catul-

907 2668 980 2707 lus,
1002 2668 1037 2700 in
1059 2669 1148 2712 Aty,
1172 2680 1226 2713 ep.
1253 2670 1314 2707 64.
