2061 3288
410 223 473 268 86

785 223 848 265 Μ.
870 222 1010 265 VAL=
1049 221 1436 266 MARTIALIS

617 310 749 367 Quod
779 310 832 354 cle
859 308 1056 354 Gadibus
1087 309 1311 370 improbus
1337 311 1571 371 magister:

623 380 757 438 Quod
781 381 921 423 bucca
949 389 1014 423 est
1038 379 1172 423 vetuli
1200 379 1358 441 loquax
1389 381 1552 426 cinaedi.

620 452 769 508 Quare
800 450 946 495 desine
967 450 1057 510 jam
1087 450 1165 494 tihi
1196 450 1355 507 videri,

621 521 754 578 Quod
779 521 857 565 soli
886 521 985 578 tibi,
1012 520 1180 575 Caecili,
1201 521 1358 566 videris
1379 539 1388 565 :

621 592 710 648 Qui
735 591 921 636 Galbam
947 590 1106 635 salibus
1133 592 1239 646 tuis,
1264 602 1308 636 et
1333 593 1475 653 ipsum

620 664 763 706 Possis
788 664 964 706 vincere
989 663 1180 706 Sextium
1208 661 1450 707 Caballum.

622 734 724 777 Non
749 734 1008 793 cuicumque
1032 733 1182 776 datum
1208 743 1274 777 est
1296 733 1458 777 habere
1480 749 1646 777 nasum.

623 803 757 847 Ludit
782 805 855 864 qui
881 802 1035 847 stolida
1061 805 1348 864 procacitate,

623 873 725 917 Non
751 884 816 917 est
837 875 1006 917 Sextius
1033 873 1124 931 ille,
1152 874 1226 918 sed
1252 873 1457 919 caballus.

415 1012 536 1045 resins.
565 1034 617 1038 ——
648 1012 780 1044 Urbicus
797 1021 903 1057 poeta.
926 1013 1094 1057 Intelligit

416 1065 628 1098 histrionum
645 1064 822 1110 quoddam
837 1078 946 1111 genus
964 1075 996 1099 et
1010 1079 1094 1112 poe-

419 1127 535 1152 tarum
545 1143 554 1159 ‚
573 1118 633 1163 qui
647 1131 765 1151 versus
775 1119 941 1164 pessimos
953 1119 1095 1164 popello

419 1170 607 1205 decantant
627 1172 663 1203 in
685 1171 817 1213 triviis,
843 1180 946 1217 atque
972 1172 1018 1205 ita
1041 1184 1096 1204 ca-

419 1233 521 1270 ptant
539 1225 634 1269 vulgi
658 1236 777 1265 aures,
801 1233 951 1270 quaestus
976 1225 1096 1270 gratia.

423 1277 562 1318 Quibus
583 1286 697 1310 tamen
713 1304 722 1319 ‚
742 1290 853 1322 quum
874 1278 967 1310 inter
989 1274 1099 1311 inulta

422 1329 566 1375 illepide
606 1330 700 1364 dicta
740 1330 903 1364 excidant
941 1330 1100 1376 quaetlain

423 1382 515 1416 dicta
553 1384 660 1416 facete
672 1408 682 1424 ‚
711 1396 783 1416 non
811 1385 946 1429 optimo
979 1396 1102 1417 eorum

424 1435 680 1481 comparandus
692 1444 741 1469 est
752 1437 911 1470 Caecilius
920 1462 929 1477 ‚
940 1437 1000 1483 qui
1014 1437 1102 1469 nihil

426 1490 553 1522 urbani
572 1489 687 1522 habet.
704 1489 770 1522 En.

485 1554 540 1575 12.
559 1543 701 1575 Ramires
723 1542 761 1574 de
785 1543 896 1575 Prado
920 1543 1018 1576 malit
1046 1545 1103 1575 im-

423 1594 531 1639 probis
545 1622 553 1634 ‚
571 1603 611 1628 ut
623 1595 684 1627 lib.
698 1596 745 1636 V,
758 1596 869 1641 epigr.
884 1608 1006 1637 LXX1x3
1022 1596 1102 1629 Juv.

428 1656 492 1680 sat.
519 1659 532 1679 1
545 1660 558 1680 1
576 1674 585 1689 ‚
613 1660 625 1680 1
636 1650 695 1681 62.
710 1669 763 1675 —
780 1649 879 1692 Quod
890 1649 928 1681 de
947 1649 1103 1683 Gadibus.

430 1699 544 1733 Gades
559 1701 641 1733 urbs
657 1709 691 1734 et
708 1700 820 1734 insula
836 1711 887 1735 est
903 1702 938 1734 in
954 1711 1107 1735 extrema

431 1753 618 1798 Hispania,
647 1753 691 1786 ad
721 1754 926 1795 meridiem,
957 1754 1000 1787 ad
1027 1754 1106 1788 freti

432 1805 599 1839 Gaditani
615 1807 786 1851 angustias
799 1834 808 1849 ,
824 1807 941 1841 cadim.
959 1807 1026 1840 Hic
1044 1820 1106 1853 pa-

431 1871 511 1891 rum
523 1858 656 1904 pudicae
668 1859 824 1904 quaedam
840 1861 1038 1893 saltationes
1055 1861 1108 1893 vi-

433 1913 558 1957 gebant
587 1924 625 1944 ac
647 1911 864 1946 docebantur
893 1926 911 1946 a
938 1913 1110 1958 magistris

434 1965 471 1997 in
493 1964 604 1997 varias
624 1965 780 2009 regiones
800 1965 882 1999 inde
902 1966 1110 2012 prodeunti-

435 2018 511 2050 bus.
534 2016 620 2050 Vid.
644 2018 705 2051 lib.
729 2019 775 2059 V,
796 2019 904 2064 epigr.
929 2032 1055 2060 Lxx1x‚
1076 2033 1108 2052 v.

439 2072 497 2103 26.
515 2078 549 2102 et
567 2070 626 2102 lib.
645 2070 697 2102 VI
711 2096 720 2110 ‚
745 2072 853 2116 epigr.
879 2085 961 2105 LXXI
975 2098 984 2113 ‚
1002 2085 1035 2106 v,
1058 2086 1090 2104 2.

495 2123 553 2156 13.
588 2122 658 2155 Alii
681 2124 822 2168 legunt,
852 2125 948 2157 dicam
975 2125 1112 2163 cinoedi,·

436 2176 535 2208 Junt.
558 2175 674 2209 Colin.
697 2177 770 2210 aliae
786 2185 869 2210 vett.
886 2178 1016 2212 habent
1033 2203 1042 2218 ‚
1064 2178 1112 2209 lo-

438 2241 522 2274 quax
546 2228 692 2273 CrnaedI'.
714 2251 767 2256 ——
784 2230 902 2263 lfetuli.
921 2230 956 2263 Si
977 2229 1019 2263 ad
1034 2243 1113 2275 pro-

439 2281 686 2325 fligatissimum
701 2281 917 2316 cinaedorum
931 2283 1116 2328 impuden-

440 2334 521 2366 tiam
537 2359 546 2373 ,
576 2334 804 2380 eamdemque
837 2336 1112 2381 loquacissimum

439 2385 572 2419 accedit
585 2396 742 2421 senectus
754 2413 764 2429 ‚
775 2397 853 2422 aetas
864 2389 1116 2434 loquacissima,

440 2438 481 2471 fit
500 2438 799 2484 importunissima
819 2443 1012 2486 garrulitas.

500 2494 556 2524 16.
582 2493 768 2526 D’Ot·leans
792 2495 875 2540 legit
902 2495 1038 2529 Gabam.
1064 2518 1115 2522 --

447 2543 596 2578 Galbam.
617 2544 769 2580 Stolidus
784 2548 841 2581 ille
857 2548 1017 2582 Coecilius
1037 2549 1116 2582 Gal-

1153 1014 1232 1046 bam
1250 1021 1284 1047 et
1305 1014 1461 1047 Sextium
1481 1013 1661 1046 Caballum
1681 1025 1699 1046 a
1716 1024 1751 1046 se
1770 1025 1829 1045 su-

1153 1066 1268 1111 perari
1280 1079 1379 1111 posse
1392 1066 1620 1100 existimabat.
1629 1065 1712 1099 Fuit
1722 1066 1832 1099 Galba

1156 1119 1300 1153 Caesaris
1314 1120 1462 1165 Augusti
1475 1132 1590 1153 scurra
1601 1146 1609 1160 ,
1625 1119 1686 1165 qui
1702 1119 1737 1151 in
1753 1119 1836 1152 Mae-

1156 1172 1284 1205 cenatis
1315 1173 1461 1217 gratiam
1493 1172 1617 1206 doctus
1650 1181 1723 1206 erat
1751 1172 1836 1216 vigi-

1156 1225 1242 1258 lanti
1274 1233 1419 1258 stertere
1451 1238 1548 1260 naso.
1579 1226 1661 1259 Juv.
1689 1233 1749 1258 sat.
1777 1225 1811 1256 V
1825 1249 1835 1263 .,

1159 1291 1192 1312 v.
1213 1283 1245 1318 4.
1263 1278 1344 1311 Fuit
1363 1291 1504 1324 quoque
1520 1279 1657 1312 Sextius
1673 1278 1835 1311 Caballus

1159 1344 1277 1364 scurra
1289 1331 1454 1377 insignis,
1468 1332 1529 1377 qui
1543 1333 1607 1365 sub
1622 1330 1836 1376 Vespasiano

1161 1386 1303 1429 ejusque
1324 1384 1404 1417 filiis
1430 1385 1574 1426 floruit;
1603 1383 1760 1417 Raderus
1787 1392 1837 1416 ta-

1162 1449 1242 1469 men
1261 1437 1413 1470 Sestium
1430 1437 1573 1471 Gallum
1594 1449 1674 1470 vere
1690 1435 1759 1470 dici
1779 1449 1839 1482 pu-

1163 1498 1233 1527 tat,
1265 1489 1309 1523 de
1339 1503 1409 1536 quo
1438 1490 1626 1523 Suetonius
1639 1516 1648 1532 ‚
1681 1501 1758 1534 cap.
1789 1493 1835 1529 42

1163 1542 1312 1576 Tiberii.

1222 1597 1277 1630 18.
1301 1596 1375 1628 Non
1403 1598 1512 1641 cuique
1539 1596 1645 1628 datum
1678 1603 1724 1627 est
1758 1596 1839 1635 conj.

1165 1649 1306 1682 Ramires
1315 1649 1354 1681 dc
1366 1649 1476 1681 Prado
1489 1676 1497 1688 ,
1515 1657 1636 1682 contra
1654 1649 1746 1694 leges
1761 1659 1844 1693 poe-

1166 1702 1267 1742 ticas;
1290 1701 1340 1734 nil
1364 1701 1508 1741 mirum,
1529 1714 1638 1747 quum
1662 1710 1731 1735 tam
1761 1700 1843 1733 felix

1166 1763 1268 1800 poeta
1290 1754 1351 1795 sit,
1371 1763 1405 1787 et
1419 1780 1428 1795 ‚
1449 1763 1487 1788 ut
1503 1754 1667 1788 Sidonius
1687 1753 1842 1789 diceret,

1167 1807 1407 1849 Carminator,
1438 1816 1479 1840 ut
1509 1820 1623 1841 unum
1658 1806 1842 1840 Prudentii

1167 1873 1307 1894 versum
1341 1861 1387 1893 sic
1415 1860 1537 1906 legerit
1556 1873 1565 1894 ε
1600 1878 1613 1890 «
1635 1861 1733 1901 Quos
1766 1860 1843 1892 lana

1169 1923 1276 1947 terret
1295 1912 1446 1947 discolor
1469 1914 1505 1947 in
1524 1913 1653 1959 stipite.
1671 1930 1684 1942 ›-
1703 1935 1754 1939 —
1769 1912 1843 1944 Ha-

1170 1968 1239 2000 here
1254 1979 1374 1999 nasum.
1392 1965 1468 1998 Hoc
1490 1975 1557 2006 est,
1575 1974 1694 2012 argute
1709 1965 1819 2011 jocari
1836 1977 1843 1998 ε

1170 2019 1353 2053 derisionis
1384 2019 1479 2051 enim
1510 2018 1607 2052 sedes
1645 2027 1695 2052 est
1724 2030 1845 2060 nasus,

1173 2072 1282 2117 epigr.
1303 2084 1341 2105 Π
1362 2084 1476 2117 supra.

1229 2138 1242 2158 1
1252 2138 1285 2168 9.
1297 2125 1379 2157 Post
1389 2125 1487 2157 Ludit
1498 2124 1752 2170 interpunguut
1766 2122 1846 2157 Ald.

1171 2179 1270 2210 Junt.
1288 2186 1322 2211 et
1340 2177 1453 2211 Colin.

1227 2243 1280 2263 20.
1299 2231 1389 2263 Sunt
1403 2230 1465 2276 qui
1478 2230 1593 2275 legant
1606 2229 1728 2262 Cestius
1742 2256 1752 2269 ‚
1773 2240 1849 2261 cor-

1174 2291 1316 2329 ruptum
1341 2295 1383 2316 ex
1413 2283 1550 2323 Sestius,
1582 2291 1621 2316 ut
1647 2283 1705 2315 alii
1729 2282 1849 2326 legunt

1176 2336 1336 2381 ἀρχαικὼς
1366 2349 1431 2381 pro
1460 2336 1595 2369 Sentias.
1621 2357 1673 2361 —-
1703 2334 1768 2368 Sed
1795 2347 1849 2366 ca-

1177 2389 1288 2422 ballus.
1312 2389 1392 2422 Non
1423 2397 1473 2422 est
1500 2388 1635 2421 Sextius
1662 2387 1823 2421 caballus
1839 2411 1850 2427 ‚

1177 2442 1234 2474 ille
1244 2442 1372 2474 facetus
1386 2449 1418 2474 et
1432 2442 1585 2474 urbanus
1595 2466 1603 2481 ‚
1614 2439 1673 2472 sed
1685 2440 1851 2479 caballus,

1176 2494 1373 2540 quadrupes
1392 2494 1527 2534 bellua,
1548 2492 1694 2526 dimidia
1713 2500 1850 2525 tantum.

1176 2548 1327 2581 nominis
1344 2556 1442 2593 parte
1458 2546 1594 2591 dignus.
