2061 3288
400 205 482 248 ET
522 202 880 247 OPERIBUS
919 202 1323 248 MARTIALIS.
1470 222 1579 251 xLix

152 294 304 338 intima
327 292 569 354 pervaserit
585 291 718 352 pestis
731 326 742 345 ,
760 290 950 351 ipsisque
967 290 1218 351 praecordiis
1233 291 1451 338 inhaeserit
1466 329 1477 351 ,
1496 295 1582 355 jam

154 363 275 410 nulla
294 365 360 408 vis
380 362 741 415 medicaminum,
762 359 881 404 nulla
904 361 1174 406 medentium
1197 363 1466 424 experientia
1489 383 1586 427 pro-

153 435 344 491 hibebit,
370 435 477 496 quin
503 433 754 495 aegrotantis
789 431 1035 476 miserabile
1062 449 1224 495 corpus
1256 434 1374 479 sanie
1399 438 1520 497 putri
1542 436 1587 481 li-

154 516 336 568 quescat
363 515 413 550 et
430 504 547 550 letali
577 504 679 548 tabe
704 513 1014 560 consumatur3
1043 505 1103 548 ita
1121 521 1257 566 quum
1284 505 1339 549 ab
1360 508 1480 551 omni
1500 509 1587 552 im-

154 579 264 640 perii
297 587 421 639 parte
455 575 606 637 pulsus
641 573 808 619 exsulat
844 575 1010 635 pudor,
1049 585 1093 620 et
1139 575 1371 634 mollities,
1403 595 1587 641 quaeque

156 648 383 693 mollitiem
424 648 529 691 vitia
566 655 920 707 consequuntur,
958 663 1195 707 procerum
1222 658 1266 692 et
1300 647 1589 696 multitudinis

157 721 380 780 antiquam
427 719 728 764 castimoniam
773 717 1083 777 inquinavere,
1118 717 1238 762 nulla
1268 720 1333 764 vis
1368 737 1588 782 unquam,

159 790 279 835 nulla
316 789 409 847 lex,
440 789 559 833 nulla
596 787 747 850 religio
787 786 1009 832 lasciviam
1050 789 1258 835 cohibere
1285 801 1431 852 potest
1467 803 1591 838 extra

160 863 268 907 fines
299 877 472 922 semper
493 870 800 922 evagaturam,
819 869 863 903 et
888 860 948 904 sie
969 860 1012 903 in
1037 859 1129 904 dies
1158 872 1483 907 excrescentem
1501 900 1512 921 ,
1541 874 1591 908 ut

160 949 336 978 necesse
363 934 418 977 sit
441 932 619 976 demum
650 930 811 975 molem
840 929 1090 992 reipublicae
1117 941 1278 989 totam,
1305 935 1428 995 quasi
1460 937 1593 995 putri-

160 1004 267 1048 dum
299 1020 486 1065 corpus,
516 1005 578 1046 ire
609 1018 807 1063 pessum,
837 1011 881 1045 et
914 1003 959 1046 in
989 1004 1137 1047 ruinas
1166 1003 1339 1049 resolvi.

232 1075 368 1136 Atqui
392 1075 469 1118 ubi
496 1075 691 1135 gentium
707 1109 718 1129 ,
736 1073 811 1117 ubi
832 1081 1082 1134 temporum
1110 1091 1304 1136 unquam
1326 1077 1478 1122 civitas
1506 1095 1593 1122 una

162 1146 346 1202 exstitit,
371 1162 468 1206 quae
487 1145 625 1206 magis
645 1161 697 1189 ac
720 1154 826 1188 tunc
851 1145 970 1189 orbis
996 1147 1248 1203 Romanus,
1270 1164 1321 1191 eo
1350 1148 1482 1193 modo
1506 1151 1591 1193 rui·

164 1227 283 1273 tura,
303 1233 356 1260 eo
377 1215 511 1260 modo
531 1214 739 1260 solvenda
752 1251 763 1271 ,
783 1215 1093 1260 insanabilibus
1114 1216 1238 1262 malis
1259 1217 1502 1275 fatisceret,
1523 1221 1594 1265 he-

163 1287 387 1343 besceret,
416 1285 694 1331 tabesceret?
714 1285 868 1331 Saeculi
888 1287 1086 1347 proxime
1111 1287 1244 1349 elapsi
1269 1299 1442 1350 turpem
1468 1290 1596 1336 licen-

164 1359 269 1402 tiam
293 1367 335 1402 et
359 1374 439 1402 nos
465 1356 580 1402 Galli
599 1373 712 1418 saepe
738 1358 1065 1418 conquerimur,
1091 1375 1204 1420 saepe
1230 1360 1498 1405 detestamur
1521 1381 1528 1405 :
1551 1375 1595 1409 at

165 1430 260 1473 haec
284 1430 319 1473 si
343 1429 534 1473 romanis
565 1428 784 1483 moribus,
805 1427 956 1489 quales
982 1430 1206 1473 Caesarum
1241 1431 1322 1475 sub
1344 1433 1594 1493 principatu

166 1500 370 1561 viguere,
387 1498 645 1555 contuleris,
663 1498 902 1560 puellarem
923 1500 1212 1560 ignorantiam
1235 1512 1279 1545 et
1300 1504 1592 1550 innocentiam

169 1570 260 1615 sere
291 1581 489 1632 arguant.
521 1572 720 1630 Namque
759 1580 810 1614 ut
845 1580 1002 1614 caetera
1034 1582 1291 1631 praeteream
1320 1570 1444 1634 (quis
1477 1577 1593 1620 enim

170 1641 340 1703 singula
363 1657 624 1685 enumerans
648 1651 691 1685 et
715 1641 946 1702 indigitans
973 1651 1073 1685 ante
1091 1642 1260 1702 justum
1282 1643 1490 1689 volumen
1518 1647 1591 1692 de-

171 1707 384 1769 sineret?)
404 1721 509 1756 tunc
532 1713 575 1755 in
598 1711 768 1773 palatiis
793 1722 837 1756 et
862 1711 1075 1767 delubris,
1098 1714 1143 1756 in
1161 1714 1299 1758 hortis
1320 1716 1527 1776 publicis,
1550 1720 1594 1762 in

170 1783 330 1839 triviis,
351 1782 721 1843 adspectabantur
742 1785 888 1844 Priapi
910 1784 1119 1845 imagines
1141 1785 1281 1829 nudae.
1302 1788 1354 1830 In
1374 1789 1408 1830 F
1411 1786 1512 1832 lorae
1533 1806 1593 1833 sa-

173 1856 280 1911 cris,
305 1853 512 1899 inclinato
541 1853 738 1898 nondum
764 1856 808 1897 in
835 1871 1062 1916 vesperem
1089 1855 1181 1912 die,
1209 1857 1331 1901 ibant
1356 1857 1475 1919 globi
1502 1877 1591 1904 non

173 1926 453 1970 meretricum
469 1961 479 1981 ,
504 1925 580 1969 sed
606 1935 932 1981 matronarum,
959 1943 1047 1969 non
1074 1926 1245 1988 papillis
1277 1939 1352 1972 aut
1382 1930 1589 1975 umbilico

174 2006 326 2050 tenus,
348 1996 423 2040 sed
461 1997 641 2040 omnino
674 1996 812 2041 nudae.
846 1999 899 2040 In
935 1997 1099 2041 balneis
1132 2015 1239 2058 quas
1276 1999 1468 2060 undique
1499 2002 1590 2061 jam

177 2066 423 2127 splendidas
460 2077 503 2111 et
544 2077 687 2111 vastas
728 2069 1037 2129 imperantium
1084 2068 1270 2113 liberalis
1317 2071 1589 2132 prodigentia

177 2137 448 2190 exstruebat,
468 2149 510 2181 et
531 2139 605 2181 ubi
627 2138 837 2183 vilissimo
856 2141 996 2200 pretio
1014 2137 1306 2200 (quadrante)
1328 2141 1461 2185 lavari
1488 2142 1588 2188 lice-

178 2207 277 2262 bat,
310 2206 567 2252 lavabantur
602 2211 849 2270 promiseue
887 2211 967 2254 viri
1005 2211 1132 2264 nudi,
1159 2212 1331 2255 feminae
1362 2213 1501 2257 nudae.
1536 2217 1589 2258 In

178 2278 360 2322 theatris
388 2277 761 2339 frequentissimis,
785 2297 920 2342 quum
952 2281 1197 2326 fabularum
1226 2298 1325 2342 pars
1354 2284 1474 2344 prior
1497 2285 1586 2345 jain

179 2359 276 2393 acta
309 2359 438 2405 esset,
469 2366 519 2393 ac
554 2351 764 2395 Sotadicis
797 2352 992 2396 versibus
1028 2362 1192 2396 mentes
1231 2354 1589 2413 incenderentur,

179 2420 441 2464 adstantium
474 2422 620 2465 nescio
656 2431 762 2481 quot
793 2422 923 2465 millia
958 2439 1043 2466 una
1076 2440 1184 2467 voce
1217 2427 1586 2487 prorumpebant:

186 2490 454 2535 «Nudentur
480 2493 622 2535 mimae
642 2511 662 2532 γ)
683 2524 867 2533 ......
896 2503 938 2536 et
964 2493 1260 2538 midabantur!
1290 2497 1408 2554 Quid
1437 2498 1590 2558 loquar

180 2561 369 2606 nefarios
409 2572 450 2606 et
483 2561 680 2623 publico*U
720 2565 1004 2608 animantium
1048 2582 1147 2609 cum
1188 2566 1440 2612 mulieribus
1481 2586 1591 2613 con-

183 2632 354 2676 cubitus
371 2669 381 2689 ,
408 2633 537 2685 dum,
572 2644 619 2676 ut
650 2636 784 2678 veteri
814 2635 969 2680 fabulae
996 2647 1164 2681 constet
1189 2637 1317 2695 fides,
1343 2641 1385 2683 in
1416 2640 1593 2701 planitie

255 2723 292 2764 I.

1364 2728 1390 2771 (l
