2061 3288
849 231 910 273 M.
932 229 1074 272 VAL.
1113 231 1506 275 MARTIALIS

469 332 544 353 cem
573 326 688 351 autem
716 317 916 358 insuavem,
944 316 1034 349 fama
1055 316 1146 350 fcre-

469 374 540 405 bat.
559 369 695 404 Deinde
710 383 819 416 quum
831 369 1034 416 provectior
1049 377 1147 403 aetate

471 425 513 458 nd
537 423 728 459 fellandum
755 431 958 463 vocaretur,
986 421 1048 468 qui
1071 435 1147 456 eam

478 234 569 288 142

1206 318 1376 351 vocabant
1392 345 1402 358 ,
1425 317 1682 364 turpitudinem
1699 331 1796 352 suam
1813 319 1881 353 dis-

1207 370 1402 404 simulaturi
1427 372 1601 416 jactabant
1624 384 1660 406 se
1688 384 1762 405 eam
1787 373 1881 406 vocis

1207 435 1308 458 causa
1325 436 1463 458 vocare.

1053 557 1290 614 XCVI.

834 704 903 732 AD
942 702 1179 743 HELIUM,
1218 703 1490 733 RABULAM.
1511 683 1530 701 ⁴*

539 823 683 879 QUOD
709 820 869 865 clamas
896 836 1089 881 semper,
1110 819 1228 881 quod
1249 820 1476 881 agentibus
1499 821 1737 883 obstrepis,
1763 821 1881 875 Heli,

610 892 712 936 Non
738 892 843 936 facis
868 892 954 936 1100
976 892 1109 952 gratis
1133 908 1141 934 ι
1170 892 1352 952 accipis,
1375 901 1423 935 ut
1446 901 1600 936 taceas.

522 1028 535 1041 ⁴¹
570 1032 630 1065 Ad
655 1032 781 1064 sElium
810 1030 992 1076 inscriptio
1026 1038 1077 1064 est
1108 1030 1144 1062 in

470 1085 589 1118 codice
608 1085 793 1119 Thuaneo.

527 1152 559 1172 1.
593 1139 637 1171 In
667 1137 791 1171 eodem
820 1136 964 1178 codice,
995 1136 1146 1182 obstrepis

470 1193 555 1225 AElz'.
580 1191 712 1225 Caetera
730 1191 819 1223 nihil
835 1190 970 1224 variant
984 1190 1065 1223 libri
1088 1199 1147 1224 aut

467 1246 600 1279 calamo
617 1245 745 1278 exarati
763 1270 771 1285 ‚
792 1253 849 1277 aut
865 1244 958 1290 typis
973 1243 1143 1289 impressi.

526 1312 560 1332 2.
578 1300 709 1342 Accipis
731 1306 766 1330 ut
785 1306 899 1330 taceas.
920 1297 1051 1330 Omnes
1070 1308 1147 1330 cau-

469 1350 569 1385 sidici
581 1351 771 1397 accipiunt,
779 1359 818 1384 ut
826 1351 1028 1394 loquantur;
1039 1362 1148 1395 quum

1207 1038 1322 1064 autem
1341 1030 1482 1063 Helium
1501 1038 1646 1076 propter
1667 1030 1881 1075 imperitiam

1207 1096 1312 1117 nemo
1344 1092 1532 1129 patronum
1565 1083 1772 1117 adscisceret
1785 1109 1794 1125 ‚
1825 1084 1883 1116 ille

1207 1137 1390 1182 agentibus
1405 1149 1528 1182 magna
1543 1149 1628 1170 voce
1650 1137 1884 1182 obstrepebat,

1206 1198 1245 1223 ut
1263 1190 1368 1223 tantis
1384 1190 1594 1223 clamoribus
1610 1189 1750 1224 tandem
1767 1190 1883 1223 obtusi

1206 1243 1377 1288 litigantes
1396 1243 1460 1276 sibi
1481 1244 1665 1289 pecuniam
1679 1269 1690 1285 ‚
1715 1244 1806 1277 sicut
1832 1243 1882 1275 la-

1208 1296 1313 1329 tranti
1340 1296 1416 1329 cani
1435 1297 1566 1339 offam,
1583 1298 1758 1342 jacerent,
1778 1304 1813 1328 ut
1829 1304 1881 1327 ta-

1208 1358 1299 1382 ceret.
1315 1350 1383 1383 El).

1039 1484 1312 1542 XCVII.

703 1631 768 1658 ΑΙ)
807 1628 1147 1668 SCAZONTEM,
1185 1629 1250 1656 DE
1290 1607 1654 1657 FELLATORE*

611 1751 659 1793 Si
685 1765 774 1792 non
800 1747 1029 1792 molestum
1060 1757 1150 1803 est,
1174 1757 1303 1807 teque
1328 1763 1418 1790 non
1441 1748 1581 1808 piget,
1602 1748 1792 1800 Scazon‚

611 1820 797 1874 Nostro,
824 1834 1051 1879 rogamus,
1075 1834 1215 1879 pauca
1241 1817 1374 1861 verba
1398 1820 1602 1862 Materno

610 1892 744 1935 Dicas
775 1891 817 1933 in
845 1905 1018 1945 aurem,
1050 1891 1136 1945 sic⁷
1163 1898 1211 1932 ut
1240 1888 1387 1932 audiat
1413 1889 1541 1933 solus.

524 2027 538 2041 *
560 2031 636 2064 Hoc
656 2030 905 2075 epigrammate
925 2042 1036 2063 unum
1057 2030 1149 2062 inse-

470 2093 584 2118 ctatur
615 2096 655 2116 ex
685 2084 760 2117 istis
780 2080 894 2128 (quos
922 2085 993 2128 jam
1021 2084 1150 2127 carpsit

473 2138 583 2183 epigr.
609 2149 696 2177 xxv,
721 2135 868 2181 supra),
895 2136 1070 2181 sapientia:
1097 2136 1147 2168 af-

472 2191 698 2224 sectatoribus
711 2189 902 2222 ambitiosis
915 2214 923 2229 ‚
937 2189 1014 2234 qui,
1033 2197 1071 2221 ut
1085 2189 1149 2221 Ju-

473 2257 552 2277 ven.
564 2245 598 2276 II
608 2269 616 2284 ‚
631 2243 650 2275 3
662 2244 771 2276 verbo
782 2251 872 2283 utar,
888 2259 901 2271 «
910 2242 1035 2276 Curios
1045 2242 1149 2275 simu-

472 2298 545 2330 lant
556 2305 589 2329 et
605 2296 829 2330 Bacchanalia
845 2295 1004 2329 vivunt.»
1021 2295 1086 2327 Eo.
1097 2315 1149 2321 —-

474 2350 534 2383 Ad
561 2350 745 2383 Scatontem
775 2349 813 2381 (le
833 2349 984 2391 fellator&
1017 2348 1149 2393 quodam

473 2404 509 2435 in
526 2401 604 2435 Ald.
623 2403 724 2435 Junt.
745 2402 859 2436 Colin.
880 2410 914 2435 et
930 2401 1003 2435 aliis
1021 2409 1106 2434 vett.

532 2468 560 2489 Ι.
593 2455 630 2488 Si
665 2469 726 2487 non
753 2455 912 2488 molsstum
950 2463 997 2487 est
1014 2482 1022 2494 ‚
1063 2463 1150 2501 teque

476 2521 537 2540 non
572 2511 670 2552 piget.
708 2509 840 2541 Versus
874 2521 996 2542 scazon
1034 2508 1150 2540 iambo

474 2569 596 2594 caetera
629 2561 753 2595 similis
771 2587 781 2603 ,
818 2562 885 2595 hoc
923 2574 994 2594 uno
1033 2559 1150 2606 dispar

475 2613 572 2659 quod
597 2622 729 2647 sextum
753 2613 879 2659 pedem
898 2615 1022 2647 habeat
1044 2626 1150 2659 spon-

475 2667 591 2701 daeum
610 2693 618 2707 ‚
648 2667 810 2712 quintum
843 2668 1018 2708 iambum3
1057 2665 1150 2699 unde

1211 2028 1406 2062 claudicare
1434 2028 1600 2070 videtur,
1629 2038 1663 2062 et
1690 2029 1883 2075 appellatur

1210 2094 1333 2115 scazon
1357 2079 1399 2120 (a
1418 2083 1526 2115 verbo
1547 2084 1654 2121 σκάζω
1666 2110 1674 2122 ,
1693 2080 1858 2121 claudit-0)
1873 2108 1882 2123 ‚

1210 2135 1265 2168 vel
1301 2135 1405 2168 etiam
1442 2135 1649 2168 scoliambus
1679 2133 1719 2174 (a
1741 2138 1883 2176 σκολιὸς,

1209 2196 1384 2228 tortuosus,
1410 2197 1443 2221 et
1467 2187 1585 2232 ἴαμὲος
1602 2215 1610 2228 ,
1642 2186 1804 2230 iambus);
1829 2187 1882 2221 itl-

1208 2241 1301 2275 circo
1331 2240 1415 2274 dicit
1441 2241 1611 2274 Martialis
1634 2241 1672 2274 Si
1697 2255 1758 2274 non
1788 2242 1883 2274 mole-

1208 2303 1288 2326 stum
1304 2303 1350 2326 est
1365 2321 1374 2334 ‚
1393 2303 1495 2327 eto...
1513 2294 1582 2336 Qui
1603 2294 1697 2327 enim
1718 2293 1882 2334 claudus,

1210 2346 1302 2380 idem
1323 2346 1367 2380 ad
1393 2347 1545 2380 eundum
1567 2348 1665 2393 piger
1684 2361 1820 2387 versu5‚
1843 2360 1883 2379 ex

1210 2400 1316 2434 domo
1328 2401 1497 2433 Martialis
1514 2400 1555 2433 ad
1572 2401 1723 2433 Materni
1738 2400 1881 2433 domum

1212 2467 1299 2499 aegre
1316 2454 1481 2486 molietur
1502 2454 1576 2486 iter.
1599 2454 1667 2486 En.

1266 2521 1299 2540 2.
1332 2507 1490 2539 Illaterno.
1519 2506 1661 2546 Amico,
1691 2505 1747 2538 cui
1775 2505 1883 2538 mittit

1208 2561 1277 2593 hoc
1301 2560 1524 2605 epigramma.
1545 2557 1637 2592 Vide
1661 2558 1722 2592 lib.
1738 2559 1769 2591 X
1783 2584 1792 2600 ,
1807 2559 1881 2603 epi-

1211 2626 1318 2659 gram.
1336 2625 1468 2646 xxxvn.

1266 2666 1297 2699 3.
1322 2667 1420 2698 Dicas
1449 2668 1479 2698 in
1503 2679 1617 2698 aurem.
1645 2665 1740 2699 Clam
1758 2691 1765 2703 ‚
1788 2664 1883 2697 velut
