2061 3288
450 240 1044 284 EPIGRAMMATUM
1083 239 1208 282 LIB.
1250 240 1283 281 Ι.

1483 242 1569 300 ¹47

816 385 917 443 CI.

595 531 660 559 DE
699 531 841 560 AFRA
879 509 1142 560 νΕ·ΓυΙ,Α.“ι

228 655 450 699 ΜΑΜΜΛ5
476 663 605 715 atque
634 663 745 697 tatas
771 654 903 698 habet
929 653 1034 698 Afra
1061 670 1070 697 :
1099 653 1174 698 sed
1201 653 1293 714 ipsa
1322 662 1511 697 tatarum

300 726 400 770 Dici
429 735 472 770 et
502 741 793 769 mammarum
818 726 1007 770 maxima
1030 740 1220 769 mamma
1249 734 1406 785 potest.

212 861 227 874 ⁴
240 866 307 899 Hic
328 866 423 899 nulla
440 866 602 899 lectionis
623 866 770 899 varietas
789 874 839 899 est

160 919 197 952 in
215 920 314 952 libris
333 919 470 964 scriptis
485 945 493 960 ‚
517 927 576 952 aut
596 919 783 964 impressis.

218 984 250 1005 1.
282 973 452 1006 Mammas.
484 973 567 1005 Afra
581 997 590 1011 ‚
619 985 690 1018 quo
715 972 836 1017 junior

159 1024 360 1066 videretur,
383 1038 548 1071 personas
573 1026 757 1071 utriusque
782 1037 834 1057 se-

161 1091 221 1111 xus
237 1079 408 1120 seniores,
423 1079 479 1112 vel
498 1091 627 1112 coaevas
639 1104 647 1120 ‚
660 1079 715 1111 vel
731 1078 834 1111 etiam

155 1132 314 1176 juniores
324 1158 334 1173 ,
346 1144 578 1167 mammarum
588 1131 750 1173 nomine,
763 1143 834 1177 quo

898 866 1001 911 pueri
1033 873 1179 899 matrem
1193 893 1201 908 ,
1234 873 1269 898 et
1299 873 1449 899 tatarum
1463 892 1471 904 ‚
1504 877 1576 911 quo

896 919 997 965 pueri
1010 927 1143 964 patrem
1155 919 1351 964 appellant,
1361 917 1578 952 blandiendo

897 984 962 1017 per
984 973 1104 1018 jocum
1132 972 1302 1005 salutabat
1321 998 1330 1012 ,
1359 984 1469 1017 quum
1506 973 1582 1017 ipsa

897 1024 984 1057 adeo
1000 1026 1118 1058 vetula
1137 1033 1245 1066 esset,
1263 1034 1301 1059 ut
1319 1026 1480 1058 omnium
1504 1026 1582 1058 aba·

894 1078 950 1111 via
962 1077 1073 1111 videri
1090 1087 1217 1124 posset.
1230 1079 1322 1111 Hinc
1342 1079 1436 1112 illam
1457 1078 1578 1124 propi-

894 1139 954 1164 nat
969 1131 1096 1164 Noster
1117 1130 1361 1165 deridendam.
1382 1132 1448 1164 En.

803 1258 936 1316 CII.

439 1407 505 1434 DE
543 1405 815 1434 DEMETRII
857 1405 1013 1434 SERVI
1053 1386 1292 1435 MORTE*

229 1535 343 1578 ILLA
368 1549 523 1577 manus
549 1532 770 1593 quondam
797 1531 1040 1576 studiorum
1064 1532 1152 1576 fida
1178 1549 1402 1590 meorum,

299 1606 357 1648 Et
382 1603 482 1647 felix
507 1603 712 1658 domino⁷
734 1612 923 1663 notaque
948 1603 1218 1657 Caesaribus,

229 1675 439 1718 Destituit
460 1675 624 1735 primos
648 1673 796 1718 viridis
818 1675 1070 1718 Demetrius
1094 1690 1231 1718 annos
1253 1692 1262 1718 :

301 1746 470 1802 Quarta
498 1745 636 1788 tribus
659 1744 803 1789 lustris
828 1744 974 1788 addita
997 1746 1147 1788 messis
1176 1739 1299 1789 erat.-

212 1878 227 1893 ⁴
238 1884 289 1916 De
304 1883 466 1915 Demetrio
481 1882 518 1914 in
531 1882 706 1927 plerisque
716 1906 724 1921 ‚
740 1879 837 1926 quod

159 1936 381 1970 mutavimus.
399 1936 450 1968 De
467 1936 552 1977 Ast-o
569 1935 730 1967 Demetrio
742 1960 751 1973 ‚
771 1942 837 1967 etc.

161 1989 366 2022 inscribitur
394 1989 430 2021 in
453 1987 533 2021 edd.
561 1995 644 2021 vett.
668 1987 773 2019 Forte
795 1999 836 2020 ex

161 2042 352 2088 epigraphe
370 2041 561 2086 superioris
580 2039 837 2086 epigrammatis

162 2095 303 2140 irrepsit
333 2093 421 2127 illud
434 2119 443 2135 ‚
471 2094 568 2137 Afro.
600 2114 650 2119 —--
685 2094 838 2125 Demetrii

162 2150 241 2180 servi
263 2147 481 2181 amanuensis
494 2173 502 2188 ,
521 2155 555 2180 et
577 2159 594 2179 a
614 2146 774 2179 Martiale
795 2145 838 2178 li-

162 2202 295 2234 bertate
308 2227 316 2242 ,
337 2209 522 2244 antequam
539 2207 736 2232 moreretur
749 2225 757 2239 ‚
774 2197 838 2231 do-

162 2254 235 2287 nati
249 2254 355 2286 funus
369 2253 599 2285 immaturum
616 2251 720 2285 deflet
733 2251 839 2285 tristis

162 2305 339 2340 dominus.
359 2306 424 2339 ΕΙ).

223 2372 252 2392 1.
292 2360 355 2392 Illa
398 2371 517 2390 manus.
564 2358 630 2390 Per
678 2365 838 2401 metony-

164 2412 269 2445 miam
279 2437 289 2453 ‚
298 2425 363 2457 pro
374 2437 382 2453 ‚
392 2424 496 2443 servus
506 2411 557 2442 ille
566 2412 775 2449 amanuensis,
787 2423 840 2441 seu

165 2466 334 2505 librarius,
361 2465 653 2510 epigrammatum
679 2475 840 2495 meorum

165 2518 395 2563 transcriptor
413 2517 584 2550 conscius.
602 2517 668 2548 En.

225 2584 257 2605 2.
270 2571 377 2605 Feli.1.·.
388 2570 505 2603 Utilis.
519 2591 570 2594 ——
589 2570 736 2601 Domino.
748 2568 841 2600 Mar-

167 2623 254 2658 tiali.
278 2645 330 2650 -—-
348 2624 496 2668 ‚Notaque
530 2621 720 2655 Cauarillus.
760 2621 842 2653 Tito

167 2685 201 2709 et
238 2676 441 2709 Domitiano
453 2701 462 2716 ‚
493 2675 554 2720 qui
598 2675 845 2720 epigraminata

894 1893 1000 1913 manu
1020 1881 1189 1914 Demetrii
1204 1882 1334 1927 scripta
1357 1883 1574 1929 accipiebant

895 1933 1095 1967 aMartiale.
1110 1934 1176 1967 ED.

951 1987 984 2020 3,
1009 1987 1175 2020 Destituit.
1194 1987 1313 2020 Vitam
1340 1988 1398 2021 vix
1424 1989 1570 2022 inchoa-

896 2047 964 2072 tam
986 2040 1153 2084 reliquit,
1185 2047 1283 2073 aetate
1305 2040 1446 2074 florenti
1465 2051 1499 2075 et
1518 2044 1569 2076 vi-

895 2091 976 2125 ridi.
1005 2093 1069 2125 En.
1092 2114 1143 2118 —
1165 2094 1205 2124 In
1237 2094 1412 2139 plerisque
1438 2096 1568 2130 virides.

897 2146 1088 2190 Caguerius
1100 2145 1288 2190 legendum
1305 2156 1419 2180 censet
1429 2149 1544 2181 nub-ldis
1557 2163 1568 2182 .-

896 2199 962 2231 hoc
983 2207 1032 2231 est
1045 2223 1053 2234 ‚
1079 2197 1192 2231 adhuc
1212 2199 1329 2232 virens
1343 2226 1351 2240 ,
1370 2208 1408 2232 ut
1428 2201 1569 2236 Proser-

896 2251 978 2296 pina
998 2252 1112 2296 puella
1129 2251 1221 2296 apud
1239 2251 1482 2287 Claudianum.
1498 2256 1572 2288 Au-

897 2305 1035 2337 sonius:
1055 2303 1181 2336 «viridi
1198 2305 1373 2349 Trajanus
1391 2307 1427 2338 in
1448 2320 1532 2341 aevo.
1551 2326 1564 2338 n

896 2357 996 2390 Idem
1016 2357 1120 2390 sentit
1139 2357 1330 2399 Gruterus;
1351 2358 1437 2393 dicit
1456 2361 1548 2393 enim
1563 2388 1571 2402 ‚

898 2411 926 2442 si
943 2410 1061 2442 <virides
1078 2410 1344 2452 retinuerimus,
1361 2423 1573 2447 concurrent

899 2461 970 2495 duo
990 2463 1155 2507 epitheta.

957 2520 989 2555 4.
1016 2516 1141 2559 (Μαι-[α
1162 2516 1258 2548 tribus
1272 2516 1388 2551 lustris.
1406 2519 1573 2553 Lustrum

903 2576 953 2600 est
968 2569 1116 2614 spatium
1135 2582 1306 2603 annorum
1319 2572 1486 2617 quinque,
1503 2585 1575 2617 quo

903 2621 1006 2654 finito
1023 2634 1182 2655 censores
1193 2622 1388 2657 lustrabant
1405 2626 1527 2657 urbem
1542 2634 1577 2658 et

906 2676 1131 2708 recensebant
1148 2675 1277 2708 civium
1295 2677 1453 2718 nomina,
1471 2679 1582 2711 fortu-

1297 2747 1380 2790 ιο2
