2061 3288
475 245 561 273 {20

834 232 894 273 M.
923 233 1058 275 VAL.
1099 234 1492 278 MARTIALIS

1025 354 1303 412 LXXII.

975 489 1046 517 AD
1092 490 1349 520 SOMNUM.

530 584 695 629 NAEVIA
721 602 794 630 sex
820 588 1010 648 cyathis,
1038 598 1200 650 septem
1222 590 1389 633 Justina
1414 590 1610 646 bibatur,

600 655 806 717 Quinque
836 660 998 718 Lycas,
1022 659 1143 719 Lyde
1169 670 1374 720 quatuor,
1403 661 1483 704 Ida
1513 661 1662 705 tribus.

531 725 686 770 Omnis
717 728 771 770 ab
803 727 945 773 infuso
975 740 1230 774 numeretur
1259 732 1398 775 amica
1425 730 1630 786 Falern03

598 797 656 839 Et
683 798 783 857 quia
811 798 928 843 nulla
953 801 1094 856 venit,
1118 810 1164 844 tu
1190 801 1318 857 mihi,
1343 803 1527 858 Somne,
1547 802 1662 845 veni.

519 921 549 942 1.
578 910 679 943 Nevia
706 912 743 945 in
772 914 982 959 quibusdam
1001 915 1132 949 codici-

461 961 525 995 bus
552 963 738 1005 mendose3
768 967 803 999 in
833 968 907 1001 aliis
936 969 1053 1002 Laevia.
1080 969 1133 1002 Ex

460 1013 527 1047 hoc
542 1015 788 1061 epigrammate
801 1028 912 1065 patet,
923 1022 1080 1067 quamvis
1097 1022 1132 1055 in

459 1069 640 1102 nonnullis
661 1080 743 1105 vett.
765 1074 1010 1119 manuscriptis
1028 1073 1133 1121 diph-

459 1119 631 1166 thongum
650 1137 677 1155 ce
691 1124 847 1169 simplice
866 1141 881 1158 e
899 1127 1062 1172 scriptam
1080 1128 1132 1161 vi-

458 1171 603 1207 deamus
618 1200 627 1215 ‚
650 1176 824 1211 Romanos
849 1178 1007 1213 eamdem
1026 1179 1131 1225 diph-

459 1225 632 1271 thongum
656 1229 747 1263 binis
773 1231 954 1265 elementis
981 1233 1131 1267 scribere

458 1288 652 1314 consuetos.
672 1281 740 1315 Pro
753 1285 873 1329 cyathis
887 1285 922 1318 in
935 1284 1039 1319 codd.
1056 1286 1131 1331 qui-

458 1330 604 1365 busdam
627 1335 770 1369 calathis.
797 1336 890 1371 Vide
915 1350 989 1371 var.
1009 1347 1128 1381 notas,

458 1391 491 1416 et
509 1397 580 1418 var.
608 1386 686 1420 lect.
710 1387 754 1421 ad
777 1389 839 1423 lib.
864 1391 918 1432 II,
942 1391 1050 1436 epigr.
1072 1405 1126 1426 xv.

456 1438 632 1471 —Naevia
650 1453 703 1471 δατ
715 1453 726 1473 :
743 1442 886 1477 Veteres
903 1444 1060 1477 solebant
1076 1453 1127 1478 tot

455 1488 597 1524 haurire
613 1493 869 1540 cyathos,quot
885 1496 1000 1530 literas
1018 1497 1127 1530 inclu-

456 1540 587 1576 debant
607 1545 738 1585 amicae,
760 1548 814 1580 vel
836 1549 958 1592 amici,
977 1550 1032 1582 vel
1060 1549 1126 1583 im-

454 1597 626 1638 peratoris
641 1599 792 1633 nomina.
811 1601 927 1635 Naevia
947 1615 1003 1635 sex
1018 1602 1125 1635 habe-

453 1647 513 1680 bat
543 1649 658 1683 literas
689 1661 834 1698 propter
865 1654 1124 1699 diphthongum

453 1713 499 1741 ce,
520 1714 596 1746 quae
613 1702 747 1738 duabus
768 1707 971 1751 aequivalet3
992 1720 1049 1740 sex
1073 1721 1125 1742 er-

452 1764 495 1796 go
514 1756 657 1799 cyathos
673 1758 932 1793 exhauriendos
952 1773 1022 1793 esse
1039 1760 1126 1794 dicit

451 1805 578 1849 Poeta,
607 1809 642 1842 in
671 1810 841 1845 honorem
872 1813 1009 1846 Naeviae.
1034 1813 1125 1847 Vide

450 1859 514 1893 lib.
529 1861 633 1903 VIII,
651 1863 759 1909 epigr.
771 1877 827 1903 LI,
843 1879 876 1898 v.
897 1881 913 1899 2
925 1879 937 1899 1
955 1880 963 1908 ;
977 1866 1039 1899 lib.
1053 1868 1123 1907 IX,

449 1913 557 1957 epigr.
576 1927 675 1957 xcrv3
695 1917 756 1949 lib.
781 1918 850 1960 XI,
873 1919 982 1964 epigr.
1003 1932 1122 1953 XXXVI.

505 1967 537 1999 3.
559 1968 670 2001 Omnis
680 1969 730 2003 ab.
747 1970 803 2003 Sic
821 1971 912 2004 enim
928 1972 1045 2007 amicae
1059 1985 1123 2005 no-

448 2031 525 2052 men
557 2022 823 2067 conjectandum
852 2025 1123 2070 relinquebant,

1193 916 1254 949 ubi
1276 916 1498 950 exhaurirent
1519 925 1572 950 tot
1590 916 1732 962 cyathos
1745 940 1755 957 ,
1779 924 1865 961 quot

1193 970 1424 1002 essentliterae
1441 969 1475 1002 in
1491 970 1562 1015 ejus
1574 969 1729 1002 nomine.
1743 969 1861 1010 Quum

1192 1023 1337 1067 cyathus
1357 1023 1498 1068 exiguus
1516 1029 1603 1056 esset
1623 1022 1766 1055 haustus
1780 1046 1789 1062 ‚
1817 1021 1864 1054 ait

1192 1075 1402 1109 Ramiresius
1423 1074 1466 1109 de
1482 1074 1595 1108 Prado
1614 1075 1718 1108 fuisse
1739 1074 1864 1119 pocula

1192 1140 1248 1161 sex
1281 1129 1511 1174 cyathorum,
1534 1128 1678 1161 nomine
1701 1128 1836 1159 semisses
1851 1153 1861 1167 ,

1190 1181 1363 1226 quinque,
1384 1181 1528 1214 nomine
1552 1183 1734 1226 quinctmces
1747 1206 1756 1220 ‚
1775 1187 1838 1212 etc.
1853 1201 1863 1217 ‚

1190 1245 1269 1278 quae
1293 1235 1515 1279 postulabant
1534 1234 1700 1274 Veteres,
1721 1244 1864 1277 unoque

1188 1285 1312 1320 haustu
1322 1287 1506 1327 bibebant,
1518 1294 1622 1332 prout
1634 1298 1761 1318 nomen
1783 1297 1840 1318 sex
1853 1310 1862 1325 ,

1188 1339 1357 1384 quinque,
1377 1348 1442 1373 etc.
1460 1347 1526 1372 etc.
1540 1364 1550 1380 ,
1567 1339 1682 1372 literas
1709 1338 1865 1382 comple-

1187 1392 1555 1426 oreretur.-Fale1·n0.
1569 1391 1753 1437 Optimum
1763 1391 1864 1424 Cam-

1186 1444 1297 1489 paniae
1313 1445 1448 1478 vinum.
1465 1443 1547 1477 Vid.
1568 1457 1643 1490 sup.
1662 1443 1770 1488 epigr.
1787 1455 1858 1476 xlx.

1241 1501 1274 1536 4.
1302 1499 1351 1531 Τιι
1378 1498 1476 1537 mihi,
1504 1497 1628 1531 Somne.
1654 1495 1790 1529 Alludit
1815 1495 1860 1528 ad

1183 1557 1335 1583 veterem
1357 1562 1508 1591 morem,
1530 1563 1600 1595 quo
1627 1549 1671 1583 ad
1698 1561 1859 1582 somnum

1185 1602 1444 1636 conciliandum
1469 1604 1675 1648 poscebatur
1696 1601 1859 1634 ultimum

1183 1657 1351 1699 poculum
1364 1682 1373 1697 ,
1391 1656 1569 1689 Mercurio
1591 1665 1756 1700 tanquam
1771 1666 1863 1687 som-

1184 1707 1220 1740 ni
1257 1708 1397 1753 praesidi
1428 1717 1667 1742 consecratum
1684 1721 1693 1749 ;
1729 1706 1859 1752 pocula

1185 1769 1301 1794 autem
1338 1761 1431 1807 apud
1462 1762 1604 1795 Graecos
1630 1773 1724 1794 sacra
1761 1768 1858 1792 erant

1184 1813 1274 1855 tria3
1297 1815 1453 1859 primum
1482 1816 1549 1852 Διὸς
1575 1818 1738 1858 σωτῆρος,
1769 1812 1857 1844 ιῘονὶ.ι’

1183 1869 1378 1907 πνιάίονὶ3;
1405 1866 1598 1900 secundum
1633 1867 1751 1912 ἀγαθοῦ
1779 1862 1855 1896 δαί-

1183 1933 1274 1964 μονος
1289 1946 1297 1961 ,
1312 1920 1384 1952 boni
1395 1919 1563 1958 claemonis;
1576 1919 1717 1951 tertium
1732 1911 1834 1962 Ιῖρμοῦ
1846 1942 1856 1956 ,

1183 1973 1355 2012 Mercurii,
1376 1972 1468 2018 quod
1487 1972 1651 2005 ultimum
1670 1970 1855 2004 haurieba-

1185 2033 1241 2058 tur
1258 2025 1294 2058 in
1315 2026 1387 2071 ejus
1406 2025 1592 2059 honorem.

937 2118 943 2122 ”
994 2136 1301 2192 LXXIII.

902 2271 970 2299 AD
1013 2270 1395 2299 FIDENTINUM.

650 2372 855 2416 NOSTRIS
881 2371 1079 2415 versibus
1104 2387 1196 2415 esse
1222 2381 1263 2414 te
1286 2373 1488 2426 Poetam,

646 2441 895 2498 Fidentine,
926 2451 1078 2502 putas,
1105 2442 1313 2502 cupisque
1340 2438 1485 2485 credi?

492 2566 523 2586 2.
557 2554 734 2588 Fidentine.
770 2556 873 2589 Hunc
904 2556 1110 2602 plagiarium

431 2607 500 2651 jam
533 2607 682 2652 pupugit
715 2620 819 2654 supra
838 2636 846 2650 ,
879 2609 988 2654 epigr.
1018 2622 1110 2651 xxx,

435 2671 558 2700 xxxix,
579 2672 644 2693 LIII
667 2668 700 2693 et
719 2673 796 2702 ων,
813 2670 846 2695 et
864 2662 977 2695 forsan
999 2662 1108 2707 epigr.

1172 2568 1291 2596 valt,
1315 2556 1349 2588 in
1376 2568 1445 2600 quo
1477 2555 1589 2587 furem
1622 2552 1665 2586 de
1697 2566 1767 2599 quo
1796 2553 1848 2585 lo-

1171 2609 1291 2654 quitur
1306 2620 1377 2641 esse
1391 2606 1553 2640 Fidentiu
1560 2620 1617 2639 um
1630 2620 1701 2640 non
1718 2606 1846 2640 insulse

1171 2661 1297 2706 conjici
1319 2668 1443 2706 potest.
1465 2660 1531 2693 En.
