2061 3288
0 2872 33 3288 fflwT-ss‘
10 2728 25 2861 -..„...
0 2698 2 2700 ⁴
0 2670 1 2673 ⁴

460 221 1049 268 EPIGRAMMATUM
1087 221 1213 264 LIB.
1252 221 1341 264 IV.
1508 220 1601 274 441

403 313 588 374 Argivas
619 320 851 373 generatus
878 312 992 355 inter
1016 309 1170 363 urbes,

405 383 579 428 Thebas
607 384 800 427 carmine
829 392 1000 439 cantet,
1027 390 1103 425 aut
1130 381 1365 442 Mycenas,

403 456 492 498 Aut
516 453 679 499 claram
700 453 913 508 Rhodon,
940 462 1016 498 aut
1043 451 1283 497 libidinosae

406 525 584 570 Ledaeas
613 525 940 570 Lacedaemonis
968 522 1204 586 palaestras.

402 597 521 653 Nos,
543 595 678 642 Celtis
699 597 868 658 genitos
894 606 938 639 et
961 612 1014 639 ex
1033 595 1173 639 Iberis
1188 631 1199 651 ,

405 669 579 713 Nostrae
607 669 785 712 nomina
811 667 989 711 duriora
1015 675 1142 711 terrae

404 740 544 783 Grato
566 755 656 783 non
679 738 844 800 pudeat
864 737 1030 782 referre
1054 753 1185 781 versu
1206 753 1215 779 ;

405 810 530 853 Saevo
555 808 731 853 Bilbilin
759 810 972 872 optimam
1002 807 1205 864 metallo,

195 961 295 996 bellis
312 986 322 1003 ‚
350 962 434 1004 Quo
460 974 506 995 ne
530 975 594 1009 per
621 975 774 997 vacuum
806 964 877 996 Ro-

195 1028 300 1049 mano
317 1015 511 1049 incurreret
525 1016 636 1050 hostis
655 1029 664 1059 ;
683 1016 763 1050 Sive
780 1015 878 1062 quod

194 1069 336 1115 Appula
362 1081 468 1115 gens,
497 1081 558 1103 seu
590 1068 687 1115 quod
723 1069 880 1105 Lucania

196 1121 330 1156 bellum
347 1122 530 1157 Ineuteret
545 1122 711 1157 violenta.
735 1140 749 1153 u
775 1124 843 1156 En.

253 1180 286 1216 4.
318 1176 462 1220 Argivas
490 1184 669 1221 generatus.
698 1176 776 1209 Hoc
804 1185 878 1210 est:

198 1229 314 1263 Poetae
325 1229 440 1263 Graeci
459 1229 638 1263 celebrent
655 1242 732 1263 suas
751 1230 856 1263 urbes
872 1255 880 1273 ‚

197 1294 261 1315 nos
272 1282 419 1328 Hispani
433 1290 568 1316 nostras
581 1281 880 1316 commendemus,

199 1334 300 1368 Idem
325 1336 449 1369 Horat.
473 1337 514 1378 I,
544 1335 602 1370 od.
628 1348 647 1381 7
679 1348 688 1370 ;
716 1335 882 1369 «Lauda-

198 1388 292 1422 bunt
310 1388 368 1421 alii
385 1389 512 1422 claram
528 1388 683 1423 Rhodon
706 1407 719 1419 »
736 1415 745 1431 ,
763 1398 828 1423 etc.

254 1441 288 1475 5.
311 1442 446 1476 Thebas.
467 1442 611 1484 Thebae,
625 1443 709 1476 urbs
723 1443 882 1483 Boeotiae,

199 1496 313 1540 patria
346 1494 512 1536 Pindari,
549 1495 657 1530 hodie
689 1495 802 1529 Sn'ves.
832 1517 884 1522 —

199 1548 366 1593 ,Myce-nas.
396 1549 556 1594 Mycenae
571 1574 581 1591 ,
610 1550 696 1583 urbs
720 1549 757 1581 in
782 1549 884 1583 Pelo-

199 1613 358 1646 ponneso
373 1614 382 1643 ;
404 1614 501 1635 nunc
519 1603 626 1648 Agios
642 1603 821 1636 Adrianos.

256 1656 291 1688 6.
311 1654 458 1688 Rhodon.
480 1654 644 1698 Rhodus,
667 1656 812 1696 Rhodes,
831 1656 886 1689 in-

201 1707 278 1741 sula
300 1708 406 1741 maris
430 1707 683 1742 Mediterranei
701 1722 720 1743 e
741 1710 886 1754 regione

203 1760 337 1794 Ciliciae
351 1787 361 1803 ,
389 1761 475 1794 olim
493 1761 566 1794 Soli
587 1774 697 1796 sacra.
721 1763 773 1795 De
790 1762 887 1795 Rho-

202 1812 264 1847 djo
278 1814 413 1848 colosso
427 1813 501 1848 vid.
523 1815 584 1848 lib.
603 1816 633 1857 I,
649 1815 759 1860 epigr.
779 1828 859 1848 Lxxr
877 1841 887 1856 ‚

201 1879 254 1901 vs.
289 1867 324 1901 8.
349 1889 403 1896 -—-
428 1867 635 1904 Libidinosae.
653 1868 721 1901 Vel
742 1877 888 1913 propter

202 1920 407 1965 gymnicum
446 1921 645 1968 puellarum
681 1930 856 1955 certamen
876 1947 885 1960 ‚

204 1972 302 2018 quod
332 1986 457 2019 parum
487 1974 678 2008 honestum
706 1983 803 2017 erat3
832 1975 889 2008 vel

204 2026 301 2072 quod
320 2028 497 2074 praecipue
524 2027 575 2061 ibi
597 2029 718 2061 Venus
749 2029 888 2062 coleba-

205 2088 264 2113 tur
282 2074 376 2124 (vid.
394 2093 492 2127 supr.
510 2081 620 2126 epigr.
639 2094 736 2124 xmv,
748 2094 801 2115 vs.
819 2081 837 2115 5
853 2076 887 2126 >3

205 2133 261 2167 vel
280 2141 427 2179 propter
446 2134 628 2168 Helenam.

261 2199 296 2232 7.
311 2187 444 2219 Ledaeas
457 2187 693 2220 Lacedaemonis
704 2188 886 2232 palaestras.

206 2239 386 2273 Palaestras
406 2241 634 2285 cognominat
657 2241 807 2282 Ledoeas,
832 2242 888 2275 vel

206 2300 354 2338 propter
372 2293 516 2326 Castora
534 2293 808 2339 Pollucemque,
827 2295 888 2340 qui

207 2345 382 2379 athleticis
421 2346 670 2380 certaminibus
711 2348 888 2393 praecipue

206 2397 431 2443 gaudebant3
461 2400 516 2432 vel
546 2400 651 2433 etiam
675 2400 756 2446 quia
786 2401 889 2434 luctae

206 2452 403 2496 puellarum
422 2451 601 2486 nudarum
615 2453 653 2485 in
670 2465 774 2486 arena
789 2453 890 2487 insti-

208 2513 293 2538 tutae
329 2506 468 2538 fuerant
503 2506 540 2538 in
575 2506 750 2539 honorem
785 2505 890 2540 Ledae

209 2569 288 2603 quae
305 2584 314 2600 ,
342 2571 455 2603 quum
489 2559 571 2592 Jovi
605 2559 759 2604 placuit,
793 2559 890 2593 nuda

208 2619 283 2644 erat
296 2611 334 2644 in
353 2612 491 2645 balneo.
509 2613 552 2645 In
572 2614 672 2657 cujus
693 2613 743 2646 rei
761 2625 891 2647 memo-

210 2663 298 2697 riam
330 2663 591 2700 descendebant
622 2664 664 2700 ad
697 2667 890 2711 palaestram

938 975 1018 996 cum
1050 961 1136 995 viris
1168 960 1331 1007 virgines.
1369 960 1528 1005 Propert.
1559 958 1621 992 lib.

938 1016 1011 1058 III,
1025 1015 1112 1060 eleg.
1129 1029 1140 1047 1
1153 1027 1169 1047 2
1190 1028 1197 1047 z
1216 1032 1229 1044 α
1245 1014 1359 1047 Multa
1373 1021 1440 1046 tuae
1452 1039 1461 1053 ‚
1481 1012 1623 1058 Sparte,

939 1069 1114 1102 miramur
1129 1069 1206 1114 jura
1226 1067 1394 1113 palaestrae
1408 1092 1417 1108 ,
1439 1065 1507 1099 Sed
1525 1078 1625 1111 mage

939 1122 1094 1167 virginei
1114 1129 1166 1155 tot
1184 1121 1279 1154 bona
1296 1120 1469 1168 gymnasii
1487 1131 1495 1153 ε
1518 1117 1625 1161 Quod

939 1188 1012 1208 non
1026 1175 1173 1208 infames
1186 1182 1324 1208 exercet
1340 1185 1491 1220 corpore
1504 1171 1622 1211 ludos,

940 1230 1040 1262 Inter
1056 1229 1227 1261 luctantes
1244 1226 1340 1260 nuda
1355 1227 1473 1273 puella
1491 1226 1620 1260 YiI'OS.)¹

941 1282 987 1315 Et
1010 1280 1117 1315 Ovid.
1143 1282 1245 1327 epist.
1281 1281 1326 1315 15
1354 1293 1363 1314 :
1402 1298 1414 1310 u
1433 1280 1536 1313 More
1558 1287 1627 1312 tuae

942 1335 1058 1380 gentis
1084 1335 1197 1369 nitida
1229 1334 1315 1368 dum
1348 1332 1444 1367 nuda
1469 1333 1627 1379 palaestra

941 1388 1076 1430 Ludis,
1099 1396 1134 1421 et
1164 1401 1199 1422 es
1230 1387 1335 1421 nudis
1367 1387 1475 1420 mixta
1510 1386 1628 1432 puella

941 1442 1062 1475 viris.»
1079 1440 1165 1475 Vid.
1183 1449 1217 1474 et
1229 1441 1396 1486 Xenoph.
1415 1439 1459 1473 de
1475 1439 1627 1485 Republ.

942 1494 1081 1528 Lacaed.
1101 1494 1266 1540 Euripid.
1290 1495 1326 1527 in
1345 1493 1519 1527 Androm.
1541 1493 1627 1525 Plu-

943 1548 1053 1582 tarch,
1076 1548 1113 1581 in
1131 1548 1295 1593 Lycurgo
1315 1547 1491 1581 existimat
1514 1545 1552 1579 id
1574 1546 1630 1578 in-

944 1602 1105 1635 stitutum
1128 1601 1251 1643 fuisse,
1268 1609 1308 1634 ut
1329 1602 1475 1647 juvenes
1495 1599 1630 1645 puella-

943 1668 1022 1688 rum
1061 1653 1332 1700 pulchritudine
1368 1654 1463 1699 capti
1494 1653 1629 1687 facilius

944 1721 1067 1742 earum
1083 1708 1224 1754 nuptias
1240 1715 1461 1754 appeterent.

1001 1762 1035 1795 8.
1067 1761 1138 1795 Nos
1170 1761 1269 1795 Celtis
1292 1763 1439 1806 genitos,
1469 1767 1533 1792 etc.
1562 1758 1630 1792 Hic

946 1814 1124 1860 Hispaniae
1140 1822 1285 1853 tractus,
1304 1814 1367 1847 ubi
1383 1821 1455 1847 erat
1468 1812 1604 1846 Bilbilis
1621 1837 1630 1852 ,

947 1867 1062 1900 fuerat
1084 1867 1168 1900 olim
1191 1875 1382 1912 occupatus
1405 1880 1424 1899 a
1443 1865 1572 1906 Celtis,
1594 1863 1632 1898 id

949 1929 1021 1963 est,
1044 1920 1153 1954 Gallis
1175 1920 1267 1954 circa
1290 1921 1508 1954 Garumnam
1535 1918 1631 1964 posi-

950 1974 994 2007 tis
1009 1987 1017 2015 ;
1038 1974 1099 2020 qui
1113 1987 1222 2020 quum
1237 1974 1416 2007 venissent
1432 1972 1475 2006 ad
1488 1973 1631 2005 Iberum

948 2026 1127 2073 Hispaniae
1146 2027 1297 2070 flumen,
1317 2027 1438 2073 ibique
1456 2024 1633 2059 consedis-

949 2089 1042 2123 sent,
1066 2080 1282 2114 addiderunt
1310 2093 1372 2114 suo
1401 2079 1541 2113 nomini
1566 2090 1633 2111 no-

948 2146 1029 2167 men
1058 2134 1162 2180 hujus
1192 2133 1375 2175 fluminis⁷
1405 2143 1439 2167 et
1462 2131 1630 2166 Celtiberi

948 2197 1029 2221 sunt
1052 2187 1178 2221 vocati.
1199 2188 1304 2220 Nunc
1328 2199 1456 2233 magna
1477 2193 1529 2219 est
1554 2197 1633 2231 pars

949 2241 1152 2286 Ari-agoniae
1171 2249 1205 2274 et
1229 2241 1397 2275 Castellae.

1003 2307 1039 2338 9,
1070 2295 1211 2328 2V0mina
1248 2294 1390 2327 duriora.
1429 2291 1519 2326 Vide
1551 2291 1633 2324 infr.

950 2347 1158 2380 Rixamarum
1174 2374 1183 2387 ‚
1213 2347 1414 2381 Carduarum
1431 2373 1440 2386 ,
1469 2347 1605 2378 Peteron
1621 2371 1630 2384 ,

952 2400 1130 2433 l'elonissoe
1143 2428 1151 2440 ,
1174 2401 1357 2433 Buradonis
1373 2427 1382 2440 ‚
1407 2409 1472 2433 etc.
1493 2399 1559 2431 ED.

1008 2466 1062 2487 10.
1090 2454 1205 2488 Grato.
1234 2454 1300 2487 Vel
1327 2454 1449 2500 patriae
1478 2450 1634 2498 jucundo

951 2518 1055 2552 quam
1084 2507 1293 2549 celebrabit3
1324 2507 1379 2540 vel
1405 2506 1525 2552 patrire
1557 2516 1635 2550 quae

950 2572 1013 2593 nos
1033 2561 1153 2606 genuit
1168 2587 1177 2602 ,
1198 2561 1325 2606 gratias
1344 2560 1536 2600 referente,
1559 2569 1635 2591 eam

951 2613 1173 2647 illustrando.
1196 2615 1264 2648 En.

1009 2679 1067 2700 11.
1093 2667 1184 2702 Saevo
1202 2693 1212 2709 ‚
1241 2676 1304 2702 etc.
1327 2667 1451 2702 Saerum
1476 2663 1635 2698 metallan:
