2061 3288
487 275 635 304 xcviii
775 260 864 301 DE
902 259 1161 301 METRIS
1199 258 1592 302 MARTIALIS.

487 350 529 391 in
562 347 736 408 tragicis
772 356 815 390 et
853 347 896 389 in
932 345 1108 389 comicis
1141 344 1483 406 sesquilibertas,
1512 362 1608 406 quae
1640 348 1824 391 servitus
1853 350 1895 391 in

486 420 624 479 puris,
645 428 688 461 et
713 417 754 460 id
782 434 916 477 genus
942 416 1052 460 bene
1080 415 1217 459 multa
1254 415 1324 460 hic
1350 433 1406 460 ne
1437 417 1577 460 obiter
1602 417 1775 477 quidem
1804 435 1896 480 per-

484 490 758 550 stringemus.
779 486 1079 533 Consulantur
1106 487 1159 530 de
1180 487 1248 531 his
1270 487 1492 543 omnibus,
1512 489 1544 532 si
1568 489 1636 532 cui
1662 487 1893 549 placuerit,

484 561 662 615 Critici,
704 558 920 619 Philologi
957 568 1000 601 et
1041 556 1338 619 Polygraphi3
1380 557 1662 602 consulantur
1697 560 1893 620 inprimis

484 647 610 675 aures
642 640 685 674 et
722 629 1027 690 iambographi
1067 639 1231 689 poetae,
1257 629 1400 690 primo
1431 629 1606 689 quidem
1648 631 1806 687 severi,
1846 641 1894 675 ut

482 700 684 746 Catullus
715 702 758 744 in
788 699 1047 761 quibusdam
1075 709 1118 742 et
1142 701 1418 761 Propertius,
1451 710 1539 743 tuin
1569 701 1712 745 Graeci
1742 718 1893 762 τραγῳ-

479 768 637 816 δοποιοὶ
658 781 701 815 et
721 772 929 814 Horatius
943 806 954 827 ,
968 787 1070 814 mox
1083 771 1296 830 Tragicus
1314 772 1477 815 Seneca
1491 806 1502 823 ,
1524 771 1623 814 dein
1641 772 1894 832 Aristopha—

477 860 553 887 nes
583 853 625 887 et
653 842 861 886 Phaedrus
890 851 933 886 et
950 841 1200 895 Terentius,
1230 857 1416 902 quorum
1445 842 1629 886 iambica
1649 843 1738 903 jam
1772 845 1891 903 sequi

474 913 650 958 difficile
678 923 765 967 est,
791 912 977 973 denique
1003 911 1204 955 Plautum
1233 914 1331 973 qui,
1358 913 1462 956 dum
1490 911 1756 956 multitudini
1783 913 1892 958 sales

473 995 516 1029 et
537 985 615 1029 sibi
631 983 906 1046 pecuniolam
929 983 1216 1044 deproperat,
1234 984 1409 1044 ingenio
1424 985 1483 1027 ita
1506 983 1724 1045 indulget,
1751 994 1798 1027 ut
1821 1001 1891 1028 sae-

471 1057 646 1117 pissime
662 1056 703 1098 in
722 1054 1031 1115 distinguendo
1052 1070 1182 1097 versu
1202 1054 1436 1114 impeditus
1451 1055 1631 1109 haereas,
1646 1064 1686 1099 et
1708 1071 1763 1098 an
1783 1057 1891 1099 Iam-

471 1126 593 1171 hicus
609 1162 619 1181 ,
638 1142 693 1169 an
720 1124 1054 1168 Choriambicus
1070 1159 1081 1177 ,
1099 1141 1154 1168 an
1170 1123 1446 1185 Dactylicus,
1469 1141 1523 1168 an
1546 1125 1782 1169 Bacchicus
1802 1142 1889 1169 ver-

473 1214 545 1242 sus
569 1198 644 1251 sit,
666 1195 793 1257 plane
816 1196 1005 1250 nescias,
1032 1197 1167 1239 immo
1194 1196 1383 1250 nescias,
1410 1212 1465 1238 an
1490 1197 1580 1256 ipse
1610 1196 1798 1239 sciverit.

530 1263 576 1325 5)
591 1267 785 1311 Iambico
806 1267 1006 1310 trimetro
1033 1265 1244 1310 catalecto
1273 1282 1408 1309 unuin
1435 1266 1747 1326 subjungamus
1767 1267 1885 1327 quod

470 1356 551 1400 ego
578 1338 714 1382 libens
740 1338 924 1381 dixerim
950 1337 1191 1381 [ambicum
1223 1339 1468 1381 trimetrum
1499 1336 1756 1381 catalectum
1784 1340 1886 1381 anti-

470 1420 659 1454 metrum
685 1426 693 1452 :
719 1408 789 1452 alii
811 1410 1023 1451 Scazonta
1049 1417 1218 1451 vocant.
1247 1410 1432 1451 Constat
1452 1407 1522 1451 ille
1543 1424 1566 1450 e
1586 1407 1771 1468 dipodiis
1786 1409 1887 1451 iain-

471 1481 577 1525 hicis
597 1480 748 1523 tribus.
779 1478 863 1522 Sed
887 1477 1077 1539 dipodia¹
1106 1479 1233 1522 tertia
1251 1495 1337 1522 non
1361 1495 1413 1527 ex
1431 1478 1575 1522 iambo
1601 1488 1642 1522 et
1660 1478 1883 1539 spondaeo,

469 1561 517 1595 ut
539 1568 632 1595 mos
654 1560 738 1604 est,
759 1559 949 1601 constat,
971 1550 1044 1593 sed
1076 1566 1098 1592 e
1121 1549 1327 1610 spondaeo
1354 1560 1395 1592 et
1425 1549 1590 1601 iambo,
1613 1550 1671 1593 ita
1704 1559 1751 1592 ut
1776 1550 1884 1593 ordo

469 1622 628 1683 pedum
662 1621 813 1665 solitus
844 1622 1108 1673 invertatur,
1140 1630 1182 1664 et
1212 1637 1291 1681 pro

704 1740 714 1760 1
832 1738 851 1760 2
989 1726 1008 1760 3
1142 1731 1162 1768 4
1301 1725 1321 1760 5
1459 1727 1480 1761 (i

630 1778 763 1828 spond.
795 1776 906 1814 iamb.
937 1778 1072 1827 spond.
1103 1777 1217 1814 iamb.
1249 1777 1384 1827 spond.
1416 1777 1528 1814 iainb.

466 1882 626 1925 habeas

703 1992 716 2012 1
833 1990 852 2012 2
991 1977 1010 2011 3
1143 1982 1163 2019 [4
1301 1976 1322 2012 5
1458 1977 1480 2011 6

626 2030 762 2081 spond.
792 2028 905 2066 iainb.
935 2028 1071 2079 spond.
1101 2028 1212 2065 iamb.
1245 2028 1358 2065 iainb.
1387 2028 1521 2079 spond.

536 2145 587 2190 Id
618 2154 761 2188 autem
794 2145 1008 2187 Scazonta
1033 2140 1330 2202 appellavere,
1355 2141 1468 2202 quod
1496 2141 1582 2185 duo
1612 2142 1742 2203 pedes
1765 2160 1876 2204 quo-

469 2233 566 2260 rum
591 2215 699 2259 alter
718 2213 848 2275 paulo
869 2208 1043 2275 gravior
1063 2211 1200 2256 altero
1223 2222 1305 2265 est,
1324 2214 1508 2273 speciem
1533 2212 1722 2274 aliquam
1746 2214 1876 2257 habet

526 2340 557 2361 1.
577 2326 715 2371 Dipodia
729 2354 737 2365 ‚
754 2333 791 2358 ut
808 2337 872 2357 vox
887 2324 958 2369 ipsa
975 2336 1037 2368 per
1055 2335 1091 2355 se
1111 2321 1261 2355 declarat
1283 2319 1319 2361 (a
1336 2320 1405 2364 δὶς,
1423 2323 1484 2363 bis,
1508 2332 1541 2356 et
1557 2327 1647 2366 ποῦς,
1663 2338 1730 2369 pes,
1748 2337 1876 2369 nempo

469 2378 649 2419 derivata),
668 2378 759 2411 idem
780 2386 878 2411 sonat
892 2389 928 2410 ac
949 2375 1099 2409 duorum
1122 2374 1252 2421 pedum
1268 2376 1409 2410 sociatio
1422 2403 1429 2416 ‚
1449 2389 1531 2422 ergo
1548 2376 1639 2410 idem
1661 2390 1698 2410 ac
1719 2387 1871 2410 metrum

468 2435 502 2466 in
538 2432 691 2465 iambicis
704 2457 712 2471 ,
746 2430 950 2471 trochaicis,
973 2429 1197 2474 anapaesticis.
1231 2431 1271 2462 Iu
1305 2429 1447 2475 dipodia
1482 2430 1625 2462 iambica
1658 2442 1739 2474 ergo
1768 2430 1874 2463 hahes

465 2487 604 2519 brevem
618 2506 626 2521 s
644 2484 724 2517 dein
740 2484 892 2528 longam,
910 2483 1107 2527 iterumque
1121 2483 1274 2523 brevem,
1292 2483 1488 2528 iterumque
1505 2484 1660 2527 longain3
1676 2483 1711 2514 in
1728 2482 1873 2527 dipodia

463 2538 637 2574 trochaica
653 2550 670 2569 e
684 2537 860 2569 contrario
875 2536 1015 2580 longam
1027 2561 1036 2575 ‚
1051 2548 1130 2567 mox
1144 2536 1283 2568 brevem
1295 2562 1303 2576 ‚
1317 2536 1512 2581 iterumque
1524 2536 1662 2580 longam
1679 2535 1873 2581 iterumque

463 2593 615 2626 brevem.
640 2591 683 2622 At
706 2601 816 2634 quum
844 2588 939 2621 haud
959 2588 1121 2621 facillime
1143 2589 1326 2621 alternatio
1352 2589 1425 2622 haec
1452 2588 1609 2621 brevium
1631 2597 1663 2621 et
1687 2588 1870 2634 longarum

464 2659 480 2679 a
493 2643 689 2690 legentibus
706 2642 865 2675 sustineri
885 2649 1018 2686 posset,
1038 2641 1183 2674 invaluit
1199 2642 1363 2687 paulatim
1378 2641 1434 2674 ille
1454 2654 1551 2682 usus,
1571 2650 1608 2674 ut
1623 2641 1658 2674 iu
1681 2642 1800 2686 priore
1817 2641 1869 2674 di-

463 2696 575 2744 podiae
599 2695 751 2730 iambicae
772 2702 888 2740 parte,
912 2694 945 2726 in
966 2694 1157 2737 posteriore
1173 2694 1356 2727 trochaicae
1369 2720 1377 2735 ‚
1396 2692 1580 2738 spondaeus
1600 2702 1801 2739 poneretur.
