2061 3288
438 204 533 250 512

512 292 680 326 LXXVI.

496 344 681 379 LXXVII.

472 398 680 432 LXXVIII.

518 451 683 486 LXXIX.

537 504 682 538 LXXX.

485 548 682 591 'LXXXL

500 610 682 645 LXXXII.

482 663 682 698 LXXXIII.

483 716 683 751 LXXXIV.

500 770 682 804 LXXXV.

482 823 683 857 LXXXVL

458 876 684 910 LXXXVH.

442 930 684 964 LXXXVIII.

482 983 684 1018 LXXXIX.

606 1038 686 1071 XC.

588 1091 686 1125 XCI.

572 1144 687 1178 XCII.

553 1197 688 1231 XCIII.

553 1250 687 1284 XCIV.

572 1304 687 1338 XCV.

558 1356 688 1390 XCVL

538 1410 689 1444 XCVII.

520 1463 689 1496 XCVIII.

558 1517 690 1550 XCIX.

650 1570 690 1603 C.

630 1622 690 1657 CI.

610 1676 689 1710 CII.

594 1729 690 1763 CIII.

595 1782 691 1815 CIV.

615 1836 691 1869 CV.

595 1888 692 1923 CVI.

579 1942 693 1975 CVII.

558 1995 693 2029 CVIII.

601 2049 693 2083 CIX.

615 2102 694 2136 CX.

597 2155 693 2190 CXI.

579 2208 693 2242 CXII.

562 2262 694 2296 CXIII.

560 2316 692 2348 CXIV.

581 2368 694 2403 CXV.

563 2421 694 2454 CXVL

545 2474 695 2508 CXVII.

527 2527 695 2562 CXVIII.

566 2580 695 2615 CXIX.

1003 208 1083 251 TA
1095 210 1128 252 Β
1139 209 1181 253 U
1195 210 1232 252 L
1243 210 1293 253 A.

704 293 756 326 De
775 292 866 326 Lino
912 319 1642 331 ...................
1671 298 1752 345 Pag.
1786 313 1801 334 1
1811 313 1828 333 2
1839 313 1855 333 2

707 344 763 379 Ad
782 346 946 380 Flaccum
989 373 1753 386 ....................
1787 365 1801 386 1
1812 365 1829 386 2
1840 366 1857 387 2

706 400 758 432 De
781 399 936 434 Charino
954 426 1754 440 .....................
1788 419 1802 440 1
1813 407 1858 440 52

707 454 760 485 De
779 453 881 486 Festo
917 479 1756 493 ......................
1790 462 1859 494 126

707 504 764 538 Ad
784 506 941 538 Attalum
952 531 961 547 ‚
977 505 1206 541 Ardelionem
1230 534 1752 546 ..............
1788 526 1803 547 1
1814 525 1831 546 2
1840 525 1859 558 7

707 557 764 592 Ad
781 559 917 593 Canum
953 583 1755 599 .....................
1790 579 1804 600 1
1816 567 1860 600 28

708 611 764 645 Ad
785 612 1008 645 Sosibianum
1029 639 1756 652 ...................
1790 632 1804 653 1
1815 621 1861 654 28

708 666 760 698 De
782 665 920 711 Regulo
954 691 1760 706 .....................
1792 685 1806 706 1
1818 686 1862 717 29

709 720 762 751 De
779 718 945 752 Manneia
953 742 1760 759 .....................
1794 738 1808 759 1
1819 727 1865 761 30

708 773 761 805 De
780 772 957 813 Quirinali
1001 799 1761 812 ....................
1796 791 1810 812 1
1821 779 1865 813 30

709 825 753 858 In
770 837 971 871 praeconem
993 825 1121 860 stolide
1143 826 1299 861 facetum
1313 854 1759 872 ............
1792 834 1861 868 131

710 878 859 912 Vicinus
880 891 955 912 non
976 880 1114 913 vicinus
1160 907 1758 919 ................
1793 888 1862 921 132

709 931 766 964 Ad
787 932 1025 966 Pescennian?
1035 933 1208 978 potricem
1239 960 1760 973 ..............
1794 952 1808 973 1
1818 939 1837 973 3
1845 941 1865 975 3

710 985 943 1031 Epitaphium
964 987 1091 1020 Alcimi
1111 986 1212 1033 pueri
1242 1013 1763 1026 ..............
1796 994 1867 1034 134

710 1037 766 1071 Ad
789 1039 945 1072 Cinnam
976 1065 1765 1080 ....................
1798 1047 1867 1080 136

713 1089 769 1124 Ad
788 1091 927 1125 Bassam
946 1091 1122 1126 tribadem
1160 1119 1762 1134 ................
1796 1100 1867 1145 137

712 1143 768 1177 Ad
787 1145 934 1178 Laelium
946 1171 956 1187 ,
977 1146 1251 1180 obtrectatorem
1275 1174 1764 1188 .............
1797 1165 1811 1187 1
1822 1152 1868 1188 38

713 1196 769 1230 Ad
791 1198 1057 1232 Mamurianum
1084 1225 1564 1239 .............
1596 1227 1605 1235 -
1637 1232 1645 1239 .
1677 1231 1685 1239 .
1716 1232 1724 1239 .
1754 1233 1762 1240 .
1797 1219 1811 1240 1
1823 1207 1868 1251 39

714 1252 766 1283 De
789 1252 931 1297 Aquino
954 1261 989 1286 et
1009 1252 1171 1287 Fabricio
1200 1276 1765 1293 ...............
1798 1263 1870 1300 140

714 1303 770 1336 Ad
789 1305 913 1351 AEglen
935 1305 1144 1340 fellatricem
1157 1329 1765 1347 ................
1798 1317 1867 1352 141

714 1356 770 1390 Ad
790 1358 933 1392 Helium
946 1384 955 1401 ,
973 1359 1131 1393 rabulam
1163 1386 1765 1399 ................
1800 1376 1813 1397 1
1824 1370 1869 1405 42

715 1410 768 1443 Ad
791 1411 994 1446 Scazontem
1011 1439 1019 1456 ,
1040 1411 1085 1446 de
1104 1413 1261 1448 senatore
1285 1440 1772 1452 .............
1805 1422 1871 1459 142

718 1463 771 1497 Ad
790 1464 975 1499 Naevolum
995 1465 1210 1501 causidicum
1243 1493 1765 1505 ..............
1800 1475 1872 1513 144

716 1516 771 1549 Ad
793 1518 956 1552 Flaccum
1007 1543 1766 1558 ....................
1800 1536 1814 1557 1
1825 1526 1872 1565 45

715 1569 771 1603 Ad
790 1570 962 1604 Calenum
984 1584 1128 1606 avarum
1163 1599 1768 1611 ................
1802 1577 1872 1617 ῑ45

717 1624 769 1656 De
788 1624 872 1657 Afra
890 1624 1006 1658 vetula
1043 1651 1769 1663 ...................
1803 1634 1872 1676 147

716 1677 768 1709 De
785 1677 959 1711 Demetrii
978 1678 1069 1712 servi
1087 1687 1201 1712 morte
1221 1700 1763 1713 .....................
1803 1695 1817 1716 1
1829 1686 1874 1728 47

717 1729 773 1762 Ad
794 1730 962 1776 Lycorim
984 1753 1763 1767 ..............................
1805 1747 1819 1769 Ι
1829 1737 1876 1776 48

716 1781 773 1815 Ad
795 1783 987 1817 Scaevolam
1010 1806 1764 1820 .............................
1805 1793 1875 1833 149

718 1837 770 1869 De
789 1837 989 1882 spectaculo
1011 1859 1764 1874 .............................
1806 1854 1819 1874 1
1830 1843 1876 1875 50

718 1888 775 1922 Ad
796 1889 967 1923 Ovidium
982 1912 1764 1926 ..............................
1806 1907 1820 1927 1
1831 1895 1875 1928 52

717 1941 773 1976 Ad
793 1943 926 1976 Rufum
959 1966 1763 1981 ...............................
1805 1959 1819 1980 1
1829 1947 1874 1982 53

718 1995 774 2029 Ad
791 1997 942 2030 Lucium
960 1997 1099 2031 Julium
1118 2019 1764 2032 .........................
1806 2012 1819 2033 Ι
1830 2001 1875 2035 55

718 2048 774 2082 Ad
793 2050 935 2084 Gallum
956 2072 1762 2085 ...............................
1804 2066 1819 2087 1
1830 2054 1877 2088 56

719 2103 771 2135 De
791 2103 923 2137 Catella
938 2104 1056 2137 Publii
1076 2112 1110 2137 et
1128 2104 1266 2149 pictura
1287 2104 1444 2151 ejusdem
1463 2128 1763 2138 ............
1805 2107 1876 2152 157

719 2155 773 2189 Ad
790 2157 959 2190 Velocem
983 2178 1548 2190 ......................
1570 2183 1574 2186 «
1594 2181 1764 2191 .......
1806 2173 1819 2193 1
1831 2160 1876 2204 59

719 2208 775 2242 Ad
795 2210 969 2256 Regulum
986 2232 1765 2244 ..............................
1805 2225 1820 2246 1
1830 2213 1876 2257 59

719 2263 761 2295 In
782 2264 942 2297 Priscum
957 2285 1765 2298 ...............................
1806 2278 1820 2299 1
1831 2269 1878 2299 60

719 2315 776 2349 Ad
796 2317 963 2350 lectorem
975 2343 985 2359 ‚
1004 2317 1066 2350 ubi
1086 2317 1171 2351 libri
1190 2317 1243 2351 sui
1261 2318 1399 2352 venales
1409 2340 1764 2350 ..............
1806 2321 1878 2351 160

720 2368 776 2402 Ad
796 2370 1006 2404 Faustinum
1035 2392 1763 2403 ............................
1804 2384 1818 2405 1
1829 2373 1848 2404 6
1858 2384 1872 2405 1

720 2424 763 2455 In
786 2423 978 2457 Procillum
1012 2445 1765 2456 .............................
1807 2427 1876 2458 162

721 2477 773 2508 De
789 2479 879 2522 Agro
892 2477 928 2510 in
939 2478 1090 2511 Antullae
1104 2479 1249 2523 ejusque
1260 2477 1399 2511 familiae
1410 2478 1609 2524 sepulcrum
1622 2479 1775 2525 seposito
1808 2489 1821 2510 1
1831 2477 1878 2510 63

720 2530 762 2561 In
780 2531 982 2575 Lupercum
1015 2552 1767 2563 .............................
1807 2542 1821 2563 1
1831 2532 1876 2568 64

720 2581 775 2615 Ad
795 2584 1020 2618 Caecilianum
1040 2605 1765 2617 ............................
1807 2593 1821 2614 1
1831 2584 1878 2615 66

1049 2670 1225 2681 *φ-
