2061 3288
475 216 1066 263 EPIGRAMMATUM
1106 216 1232 259 Llss.
1271 215 1356 257 IV.

1523 211 1621 272 473

751 369 1080 426 LXXVII.

581 529 633 557 IN
676 527 901 556 ZOILUM
941 503 1251 555 1Nv1DUM.*

416 655 665 707 NUNQUAM
691 652 863 696 divitias
886 654 1004 696 Deos
1028 651 1201 712 rogavi,

416 726 661 769 Contentus
691 724 897 779 modicis,
928 738 1114 783 meoque
1144 720 1279 765 laetus.

416 797 654 856 Paupertas
670 830 681 848 ,
703 796 875 839 veniam
901 794 1046 849 dabis,
1074 792 1245 837 recede.

416 867 559 910 Causa
583 877 648 910 est
668 883 763 928 quae
788 865 941 920 subiti,
967 865 1157 925 novique
1187 862 1308 907 voti?

412 937 680 981 Pendentem
706 936 807 981 volo
832 935 1001 980 Zoilum
1027 935 1191 979 videre.

255 1070 271 1084 '⁹
300 1076 340 1109 In
363 1077 496 1109 Zoilum
517 1077 653 1110 invidum
678 1077 717 1109 de
736 1085 814 1109 voto
832 1084 883 1109 est

202 1129 328 1162 lemma
351 1129 387 1162 in
409 1129 619 1164 Beverlandi
642 1130 716 1163 MS.

255 1182 530 1217 —Invidebant
549 1184 680 1217 Nostro
700 1196 772 1216 non
791 1195 880 1227 pau-

202 1234 231 1268 ci
245 1261 253 1276 ,
276 1244 314 1268 ut
331 1245 365 1269 et
382 1236 450 1269 hoc
466 1245 498 1269 et
518 1237 594 1269 aliis
616 1238 727 1282 epigr.
748 1235 854 1269 docet
871 1248 880 1277 ;

200 1289 292 1322 inter
311 1302 397 1334 quos
420 1298 492 1322 erat
510 1289 651 1323 Statius.
666 1289 752 1322 Vid.
769 1289 879 1335 epigr.

201 1340 245 1374 ad
281 1342 451 1376 Julium:
484 1361 496 1373 «ι
520 1340 716 1389 Rumpitur
747 1341 880 1375 invidia

200 1394 355 1440 quidem.
372 1413 385 1424 υ
408 1396 496 1429 Zoili
514 1396 701 1429 historiam
723 1396 880 1428 invenies

199 1447 294 1493 apud
322 1448 528 1483 Vitruvium
561 1458 664 1495 atque
689 1448 879 1482 Claudium

199 1501 368 1535 Minoem.

255 1568 288 1588 2.
308 1556 391 1587 Ant.
413 1555 451 1587 de
475 1556 565 1602 [ἔσο]
586 1558 675 1602 conj.
707 1556 879 1589 Contentus

200 1608 332 1640 modico.
361 1608 414 1641 Cf.
438 1608 531 1641 Galli
554 1606 654 1648 (sive
676 1609 847 1643 Maximil.
865 1608 877 1649 )

198 1660 283 1705 eleg.
319 1662 354 1701 I,
390 1661 433 1694 53
454 1675 462 1702 ;
496 1662 626 1695 Tibull.
656 1664 692 1703 I,
730 1675 742 1695 1
762 1689 770 1702 ‚
806 1668 878 1707 47;

200 1712 325 1747 Claud.
349 1713 386 1746 in
402 1714 521 1747 Rufin.
539 1716 575 1755 I,
597 1728 612 1747 2
625 1728 638 1748 1
650 1720 688 1756 4,
707 1724 741 1749 et
753 1716 877 1761 Veget.

197 1766 259 1800 lil).
280 1767 317 1808 I,
338 1779 411 1813 cap.
440 1767 473 1801 3.
503 1789 555 1794 ——
583 1768 755 1801 Conlentus
777 1769 878 1801 modi-

199 1822 242 1852 ets
259 1847 267 1859 ,
301 1828 366 1853 etc.
399 1820 507 1861 Quod
533 1819 576 1853 ad
606 1822 714 1854 vitam
738 1821 877 1855 beatam

196 1872 373 1916 pertinere
395 1874 555 1918 pluribus
576 1875 724 1920 explicat
743 1875 877 1916 verbis,

197 1925 260 1959 lib.
282 1926 337 1967 X,
358 1927 469 1972 epigr.
491 1940 601 1961 XLVII.

253 1979 287 2012 3.
310 1980 499 2024 Paupertas.
516 1981 579 2013 lib.
598 1981 643 2021 V,
660 1983 768 2027 epigr.
788 1993 875 2017 XIII,

196 2044 248 2064 vs.
275 2045 288 2065 1
309 2044 317 2065 :
342 2051 355 2062 «
371 2032 456 2066 Sum
475 2059 485 2075 ,
513 2034 645 2075 fateor,
667 2046 877 2080 semperque

197 2084 268 2126 fui,
288 2085 482 2119 Callistrate
497 2114 505 2127 ‚
525 2100 671 2133 pauper.
700 2105 712 2117 u
735 2109 785 2113 —-
810 2088 876 2120 Ve-

196 2141 281 2171 niam
303 2139 404 2173 dabis.
430 2140 521 2173 Mihi
548 2141 706 2185 ignosce,
728 2141 755 2173 si
779 2149 874 2186 post-

196 2203 303 2235 quam
324 2201 357 2225 te
377 2193 450 2226 fovi
470 2193 700 2240 laudavique,
727 2207 822 2227 nunc
842 2203 874 2228 te

196 2253 384 2279 contemno
403 2255 437 2280 et
455 2246 620 2281 recedere
637 2247 753 2281 velim.
779 2248 846 2280 En.

998 1080 1033 1115 4.
1051 1075 1160 1108 Causa
1173 1083 1218 1107 est
1236 1083 1299 1107 tam
1317 1074 1413 1107 subiti
1430 1072 1510 1107 Ald.
1525 1074 1626 1107 Junt.

941 1129 1057 1162 Colin.
1083 1137 1149 1162 etc.
1163 1144 1216 1149 —
1232 1128 1340 1162 Causa
1357 1135 1403 1160 est
1423 1141 1502 1173 (μαι).
1520 1126 1626 1160 Unde

940 1181 1000 1222 fit,
1021 1190 1061 1214 ut
1091 1194 1153 1227 ego
1183 1180 1322 1215 divitias
1352 1194 1449 1214 nunc
1480 1189 1599 1226 optem
1617 1207 1626 1223 ‚

939 1247 1050 1280 quum
1071 1248 1209 1280 semper
1226 1243 1467 1280 paupertatem
1486 1247 1620 1267 amave-

938 1287 1032 1320 rim?
1057 1288 1170 1329 Quia,
1197 1288 1338 1333 inquit,
1369 1301 1476 1334 quum
1505 1287 1623 1320 Zoilus

939 1339 1110 1374 ditescere
1124 1354 1179 1375 me
1198 1341 1327 1375 viderit
1342 1367 1350 1383 ,
1366 1349 1555 1387 rumpetur
1573 1341 1625 1373 in-

939 1393 1050 1432 vidia,
1065 1403 1098 1427 et
1117 1407 1188 1439 prae
1200 1395 1311 1428 livore
1327 1407 1363 1428 se
1373 1393 1605 1440 suspendebit
1616 1419 1625 1435 ‚

939 1449 1037 1492 cujus
1048 1447 1099 1480 rei
1116 1446 1293 1482 desiderio
1309 1456 1443 1482 teneor.
1456 1449 1508 1481 De
1524 1447 1625 1480 Zoilo

940 1501 1102 1547 superius
1116 1500 1344 1536 dissertatum
1355 1527 1365 1544 ,
1383 1502 1445 1547 qui
1459 1513 1541 1534 vere
1552 1513 1625 1534 sus-

938 1554 1069 1602 pendio
1094 1556 1203 1589 vitam
1226 1555 1330 1588 finiit.
1352 1557 1405 1588 De
1427 1553 1560 1587 invidia
1584 1561 1619 1586 et

936 1609 1068 1643 invidis
1100 1609 1175 1654 lege
1206 1609 1331 1643 Alciati
1366 1608 1538 1642 emblema
1577 1606 1622 1640 de

940 1663 1070 1696 femina
1095 1663 1233 1708 viperas
1261 1670 1430 1703 vorante,
1460 1659 1557 1707 quod
1584 1673 1624 1693 ex

938 1715 1069 1749 Ovidjo
1100 1715 1249 1749 ductum
1270 1729 1279 1758 ;
1306 1715 1350 1749 de
1368 1714 1503 1760 hydra,
1527 1713 1622 1759 apud

938 1769 1095 1802 Pierium
1115 1781 1124 1810 ;
1167 1768 1211 1802 de
1246 1769 1360 1802 livore
1400 1768 1467 1801 sibi
1503 1768 1621 1801 fauces

936 1822 1150 1867 stringente,
1170 1821 1265 1866 apud
1287 1821 1436 1863 Silium3
1465 1819 1509 1854 de
1546 1821 1621 1866 pal-

935 1875 1033 1915 lore,
1066 1875 1176 1908 macie
1199 1883 1234 1907 et
1264 1875 1366 1917 felle,
1389 1873 1481 1920 apud
1513 1873 1618 1907 Ovid.

936 1928 988 1961 M.
999 1929 1049 1970 II,
1059 1940 1078 1972 7
1086 1931 1141 1961 60.
1151 1929 1193 1961 In
1205 1928 1348 1962 illatam
1357 1927 1487 1961 vividis
1496 1927 1622 1960 colori-

935 1981 1000 2014 bus
1020 1994 1181 2027 expressa
1200 1980 1438 2026 descriptione
1456 1979 1616 2013 Invidiae.

1001 2036 1034 2068 5.
1064 2035 1258 2068 Pendentem
1288 2035 1376 2068 volo.
1407 2034 1464 2067 Sic
1488 2033 1549 2066 lib.
1579 2034 1617 2074 I,

935 2088 1045 2133 epigr.
1063 2100 1143 2121 CXVI
1158 2114 1167 2129 ,
1184 2101 1235 2121 vs.
1259 2092 1278 2128 4
1291 2113 1301 2130 ,
1321 2087 1365 2122 de
1388 2087 1541 2121 Procillo
1565 2086 1619 2119 in-

934 2140 1018 2174 vido
1040 2154 1048 2173 :
1077 2159 1090 2172 α
1113 2142 1192 2175 Jam
1211 2140 1402 2187 suspendia
1423 2153 1512 2174 saeva
1531 2139 1622 2184 cogi-

935 2194 1023 2228 tabis
1048 2212 1061 2224 »
1078 2220 1086 2235 ,
1109 2203 1174 2228 etc.
1204 2195 1365 2228 Aliorum
1393 2194 1489 2227 enim
1511 2193 1620 2226 felici-

935 2255 984 2281 tas
999 2247 1159 2282 invidum
1178 2248 1262 2282 facit
1280 2248 1472 2281 infelicem.
1496 2247 1562 2280 En.
