2061 3288
458 195 1045 241 EPIGRAMMATUM
1083 194 1210 238 LIB.
1249 193 1283 235 I.

1513 187 1574 253 75

706 347 1027 405 XXVIII.

218 506 286 536 AD
325 505 670 546 PROCILLUM,
709 504 995 534 CONVIVAM
1033 502 1186 533 NIMIS
1225 501 1523 531 MEMOREM.

372 634 626 677 HESTERNA
656 631 735 675 tibi
763 640 892 675 nocte
922 630 1193 684 dixeramus,

374 704 679 761 QuincunceS,
707 711 838 763 puto,
859 711 958 763 post
982 700 1134 744 decem
1159 709 1386 761 peractos,

372 776 581 819 Coenares
605 773 758 829 hodie,
779 771 986 827 Procille,
1007 787 1194 815 mecum.

372 847 441 888 Tu
472 845 633 889 factam
663 844 741 888 tibi
770 860 865 887 rem
894 843 1039 887 statim
1069 842 1255 904 putasti,

373 918 430 960 Et
459 933 549 960 non
580 915 725 959 sobria
752 914 887 958 verba
915 913 1186 970 subnotasti,

371 986 587 1048 Exemplo
618 987 801 1030 nimium
828 984 1088 1046 periculoso.

370 1059 491 1100 Μισῶ
518 1060 702 1118 μνήμονα
729 1056 958 1116 συμπότην,
984 1054 1179 1099 Procille.

219 1210 250 1231 2.
266 1198 462 1242 Quincunces
474 1224 483 1237 ‚
496 1205 562 1231 etc.
578 1196 746 1242 Quinque
763 1209 841 1241 cya-

162 1250 240 1284 thos
267 1250 424 1284 continet
448 1251 648 1295 quincunx3
667 1248 841 1282 dividitur

161 1303 255 1336 enim
275 1303 444 1337 sextarius
459 1298 524 1346 (ut
537 1304 584 1337 As
598 1303 634 1336 in
651 1301 840 1335 duodecim

161 1354 305 1397 uncias)
335 1356 373 1389 in
406 1356 552 1402 cyathos
584 1355 797 1389 duodecim:
820 1367 834 1388 1

161 1409 283 1451 uncia,
309 1421 327 1442 2
361 1417 519 1451 sextans,
539 1410 558 1443 3
586 1408 784 1455 quadrans,
817 1412 837 1448 4

161 1462 287 1502 triens,
321 1462 339 1496 5
373 1463 555 1508 quincunx
571 1489 580 1504 ‚
610 1465 630 1496 6
655 1474 755 1495 senus
771 1487 779 1500 ‚
816 1474 836 1506 7

160 1524 312 1561 septunx
322 1541 332 1557 ,
348 1516 367 1549 8
382 1516 442 1549 bes
455 1542 463 1557 ,
480 1529 499 1560 9
518 1514 672 1549 dodrans
684 1541 693 1557 ,
707 1527 748 1548 10
759 1514 840 1547 dex-

161 1577 258 1610 tans,
290 1581 325 1602 11
353 1567 491 1611 deunx,
516 1582 559 1602 12
584 1569 766 1602 sextarius.
788 1589 841 1594 —-

162 1622 326 1654 Pet-actos.
348 1622 563 1663 Exl1austos;
586 1622 704 1667 itaque
722 1621 840 1654 ebrIus

161 1683 197 1708 te
211 1688 275 1721 per
286 1677 404 1720 jocum
423 1676 624 1715 invitaram,
646 1683 684 1708 tu
700 1675 791 1709 serio
807 1683 842 1708 et

161 1729 278 1761 sobrie
299 1728 475 1774 accepisti.

218 1786 251 1822 4.
267 1782 343 1814 Rem
351 1783 489 1824 factam.
507 1782 596 1814 Rem
613 1781 725 1814 facere
739 1780 844 1825 signi-

162 1833 243 1868 ficat
258 1835 408 1868 multum
424 1835 565 1868 lucrari.
582 1834 702 1867 Horat.
730 1851 742 1862 α
764 1835 842 1866 Isne

162 1887 229 1920 tibi
249 1888 373 1921 melius
391 1887 528 1929 suadet,
548 1891 608 1933 qui
628 1895 665 1920 ut
690 1899 765 1920 rem
791 1887 842 1919 fa-

163 1940 232 1974 cias
245 1966 253 1981 ,
272 1953 346 1975 rem
369 1941 405 1975 Si
423 1941 534 1986 possis
554 1949 668 1982 recte,
691 1940 718 1973 si
741 1951 812 1972 non
832 1964 841 1980 ‚

162 2005 388 2040 quocumque
407 1993 514 2027 modo
533 1994 635 2026 rem?
656 2011 669 2022 n

220 2046 253 2080 5.
281 2047 475 2080 Subnotastz'.
496 2048 612 2080 Lucro
632 2047 728 2080 laetus
741 2072 749 2087 ,
768 2058 842 2079 me·

164 2100 282 2133 moriae
300 2099 452 2133 fideliter
469 2100 683 2133 commisisti.
700 2099 767 2132 En.

220 2155 254 2186 6.
284 2153 452 2198 Exemplo.
483 2153 582 2187 Esset
607 2153 701 2186 enim
737 2151 843 2185 nimis

162 2206 401 2252 periculosum
419 2207 638 2252 exemplum,
657 2206 683 2240 si
704 2217 779 2251 quae
801 2205 843 2239 ab

900 1195 998 1228 ebrio
1016 1193 1198 1236 excidunt,
1214 1202 1327 1228 essent
1343 1193 1497 1227 notanda
1515 1205 1523 1226 :
1547 1201 1581 1227 et

900 1248 927 1281 si
939 1260 1004 1293 per
1016 1249 1132 1292 jocum
1149 1247 1241 1281 dicta
1253 1248 1309 1280 vel
1326 1247 1418 1281 inter
1432 1247 1557 1293 pocula
1568 1271 1577 1282 ,

900 1301 991 1334 serio
1012 1300 1186 1345 accipias,
1208 1308 1242 1333 et
1265 1301 1313 1333 sic
1337 1301 1494 1334 convivae
1520 1312 1580 1345 pe-

899 1354 1051 1387 riculum
1070 1365 1174 1386 crees.
1197 1353 1265 1386 Hic
1287 1362 1404 1387 tamen
1429 1352 1472 1386 de
1495 1366 1581 1399 pro-

900 1406 1125 1440 missionibus
1140 1415 1277 1440 tantum
1295 1407 1521 1440 vocationum
1542 1407 1579 1439 in

901 1472 997 1493 coena
1015 1459 1113 1493 factis
1132 1459 1229 1505 loqui
1244 1458 1396 1493 videtur.
1419 1460 1579 1493 Raderus.

955 1526 991 1558 7.
1017 1514 1059 1545 In
1090 1511 1173 1546 edit.
1198 1513 1296 1546 Junt.
1326 1522 1361 1546 et
1388 1513 1463 1546 aliis
1490 1521 1577 1547 vett.

901 1570 1000 1599 Μισῶ
1038 1566 1189 1612 μνάμονα
1222 1567 1391 1611 συμπότην
1418 1566 1580 1612 πρόκιλλε,

900 1618 1074 1652 Heraldus
1098 1618 1197 1653 malit
1219 1620 1369 1665 μνάμενα
1396 1620 1581 1665 συμπόταν·

901 1672 982 1705 vide
1004 1672 1148 1706 Lucian.
1167 1673 1203 1705 in
1227 1673 1432 1719 Symposio,
1452 1680 1486 1706 et
1499 1673 1581 1705 Plu-

900 1726 1011 1759 tarch.
1033 1725 1165 1767 Quaest.
1183 1725 1345 1771 Sympos.
1361 1726 1423 1759 lib.
1441 1727 1458 1758 I
1473 1751 1481 1768 ,
1498 1738 1527 1759 c.
1549 1738 1579 1759 1.

901 1801 952 1806 —
965 1783 1080 1818 Μισῶ,
1101 1787 1166 1812 etc.
1185 1778 1305 1820 Odi,o
1319 1779 1487 1818 Procille,
1506 1791 1580 1811 me-

901 1845 1034 1865 morem
1067 1841 1320 1877 compotorem.
1356 1832 1460 1865 Enim
1496 1844 1582 1865 vero

901 1884 1054 1931 lepidam
1083 1885 1126 1917 ab
1151 1886 1251 1918 ebrio
1278 1885 1503 1918 convivatore
1530 1885 1580 1917 fa-

901 1949 989 1971 ctam
1021 1938 1265 1971 invitationem
1292 1946 1363 1971 tam
1391 1937 1582 1983 diligenter

900 1991 1079 2024 memoriae
1103 1990 1291 2032 mandare,
1319 1990 1453 2037 aliquid
1477 1991 1583 2024 habet

900 2045 1013 2090 gulosi
1044 2043 1206 2089 avidique
1239 2044 1415 2087 hominis,
1444 2056 1581 2089 semper

902 2098 1000 2143 quasi
1023 2098 1059 2131 in
1084 2097 1238 2131 excubiis
1260 2097 1399 2139 stantis,
1422 2097 1451 2130 si
1476 2110 1581 2143 quam

902 2151 993 2184 forte
1018 2163 1150 2185 coenam
1176 2151 1349 2196 arripere,
1375 2159 1410 2184 et
1435 2158 1580 2196 praeter-

902 2213 1046 2238 euntem
1065 2216 1236 2250 occupare
1254 2204 1373 2250 possit.
1392 2204 1457 2237 En.
