2061 3288
455 226 553 278 224

816 224 877 265 M.
922 223 1060 266 VAL.
1102 223 1495 267 MARTIALIS

1090 374 1188 431 LV
1203 375 1245 432 I.

720 532 787 560 AD
829 531 1086 571 οΑιιυΜ,
1126 532 1191 560 DE
1230 531 1355 560 EJUS
1393 510 1610 560 uxone*

531 663 774 705 Gna-‘rimis
798 660 841 702 in
863 658 1037 718 Libycis
1063 674 1174 701 uxor
1194 667 1267 701 tua
1283 693 1295 713 ‚
1320 656 1468 712 Galle,
1493 667 1671 702 notatur

602 730 854 775 Immodicae
881 729 999 773 foedo
1027 729 1209 772 crimine
1239 729 1440 773 avaritiae.

533 802 617 847 Sed
640 817 761 846 mera
783 810 1020 844 narrantur
1041 799 1266 844 mendacia
1288 817 1296 842 :
1321 816 1408 844 non
1432 798 1542 843 solet
1562 797 1634 842 illa

600 874 814 934 Accipere
839 872 1019 915 omnino
1046 888 1054 914 ε
1078 870 1181 931 quid
1208 870 1316 914 solet
1339 869 1472 931 ergo?
1496 871 1626 914 Dare.

513 1008 528 1021 *
545 1012 689 1043 Lemma
700 1010 736 1042 in
749 1008 870 1043 codice
883 1008 1057 1042 Thuaneo
1072 1017 1139 1042 est:

461 1064 520 1097 Ad
535 1063 690 1102 Gallicum
711 1063 746 1095 iu
766 1061 846 1096 edd.
864 1070 949 1095 vett.
975 1063 1026 1095 De
1049 1075 1144 1094 ιαὀνε

465 1117 570 1152 Galli.

520 1183 547 1204 1.
574 1172 615 1203 Iu
640 1168 762 1203 codice
783 1169 976 1201 membran.
997 1168 1143 1201 Putean.

462 1225 589 1270 legitur
604 1238 611 1256 ε
635 1223 734 1257 Galle
751 1221 909 1254 melaudczt
925 1235 933 1262 ;
957 1220 1053 1254 unde
1074 1221 1146 1254 He·

463 1277 580 1311 raldus
593 1275 783 1322 legendum
798 1283 915 1309 censet
924 1301 933 1316 ‚
944 1275 1024 1307 male
1036 1274 1127 1307 audit
1136 1303 1144 1314 ‚

464 1344 541 1377 quae
562 1342 642 1364 vere
662 1338 712 1363 est
734 1328 838 1362 lectio
861 1327 941 1361 edd.
962 1336 1046 1362 vett.
1066 1327 1148 1361 Ald.

465 1385 564 1417 Junt.
596 1383 710 1418 Colin.
743 1391 809 1416 etc.
838 1403 891 1409 ——
927 1381 1084 1416 Gentibus
1117 1384 1149 1413 in

465 1437 603 1484 Libycis.
633 1437 725 1470 Hinc
767 1435 928 1480 colligere
966 1443 1016 1467 est
1053 1434 1149 1467 hunc

1203 1008 1346 1042 Gallum
1367 1008 1401 1040 in
1424 1008 1535 1053 Libya
1555 1006 1792 1052 magistratum
1812 1016 1884 1049 ges-

1203 1061 1309 1102 sisse3
1332 1063 1430 1106 cujus
1457 1073 1546 1094 uxor
1564 1073 1583 1093 a
1611 1057 1883 1105 provincialibus

1205 1126 1350 1147 munera
1361 1114 1519 1159 accipere
1532 1112 1731 1153 dicebatur3
1747 1119 1781 1145 at
1791 1110 1884 1143 illius

1205 1168 1386 1201 avaritiam
1401 1168 1486 1201 salse
1502 1174 1639 1200 excusat
1655 1165 1780 1198 Poeta:
1801 1162 1885 1197 dare

1207 1221 1338 1266 quippe
1363 1221 1511 1254 verbum
1531 1228 1581 1253 est
1600 1219 1801 1252 obscoenum
1816 1216 1884 1250 hoc

1207 1274 1298 1307 loco.
1312 1274 1434 1307 —Vel
1449 1274 1621 1318 intellige,
1635 1271 1693 1306 dat
1708 1271 1781 1317 ipsa
1797 1281 1886 1303 mer-

1208 1326 1351 1368 cedem,
1376 1326 1510 1361 nedum
1533 1325 1690 1371 accipiat.
1714 1323 1799 1357 Vid.
1821 1322 1884 1356 lib.

1209 1382 1264 1421 II,
1284 1379 1391 1427 epigr.
1415 1392 1578 1414 Lx111.—-
1595 1380 1693 1412 Dare.
1709 1378 1815 1410 Jocus
1836 1383 1887 1408 est

1211 1434 1246 1467 iu
1256 1433 1332 1466 dare
1343 1432 1539 1479 pecuniam,
1552 1441 1585 1466 et
1598 1432 1650 1465 sui
1661 1429 1808 1476 copiam.
1819 1428 1886 1462 En.

1076 1573 1272 1629 LVII.

874 1731 924 1757 IN
969 1729 1177 1758 FICTUM
1217 1708 1490 1757 1)ΙἮΤΕΜ.“ι

614 1860 726 1910 Hic⁷
760 1872 888 1917 quem
919 1855 1074 1899 videtis
1106 1856 1327 1916 gressibus
1360 1857 1478 1916 vagis
1511 1854 1704 1907 lentum,

616 1927 990 1988 Amethystinatus
1014 1925 1157 1970 media
1183 1926 1255 1986 qui
1285 1936 1401 1970 secat
1428 1935 1570 1986 sept33

528 2074 540 2087 ¹
563 2077 629 2110 Hic
654 2075 865 2109 describitur
891 2083 1053 2116 ventosus
1079 2073 1156 2118 qui-

477 2132 555 2165 ‹lain
570 2157 579 2172 ,
599 2130 690 2163 forte
711 2129 771 2161 ille
793 2126 836 2160 de
857 2140 927 2173 quo
947 2127 1028 2159 infr.
1046 2127 1154 2172 epigr.

478 2197 596 2225 mzxw,
614 2182 695 2228 qui,
715 2194 824 2226 quum
840 2179 953 2213 videri
975 2179 1058 2213 velit
1081 2179 1157 2225 opi-

479 2239 543 2271 bus
559 2236 722 2270 diffluere
734 2261 743 2276 ‚
757 2246 877 2268 revera
894 2242 1010 2267 tamen
1031 2241 1158 2278 egesta·

479 2300 513 2325 te
532 2299 687 2324 extrema
706 2289 841 2321 laboret
855 2313 863 2328 ‚
883 2285 1067 2320 conductis
1087 2294 1160 2320 tan-

480 2354 555 2378 tum
565 2343 720 2376 vestibus
734 2341 958 2386 conspicuus.
973 2340 1160 2385 Hujusmo-

480 2397 516 2431 di
533 2397 691 2430 homines
709 2395 964 2438 πτωχαλάζονας
985 2393 1162 2437 eleganter

482 2450 596 2485 Graeci
616 2457 759 2488 vocant,
778 2447 897 2481 Latini
916 2459 1069 2492 pauperes
1094 2459 1159 2478 am-

483 2504 620 2537 bitiosos.
643 2500 784 2535 Herald.

536 2579 588 2583 -—
610 2553 729 2589 Codex
750 2554 896 2587 Scriver.
918 2566 982 2598 pro
1002 2554 1163 2586 lemmate

484 2610 589 2644 habet
604 2621 611 2642 ε
627 2609 677 2640 De
691 2607 910 2652 Micropsyclw
926 2606 1021 2639 divite
1037 2620 1047 2645 ‚·
1065 2619 1110 2651 qu
1117 2604 1163 2638 od

485 2664 567 2696 citat
617 2661 721 2695 etiam
770 2660 997 2692 Pulmannus.
1045 2657 1164 2692 Codex

1216 2072 1423 2106 Bodleianus
1442 2085 1448 2105 ε
1476 2074 1527 2105 De
1549 2080 1659 2105 ornato
1680 2074 1774 2115 foris.
1803 2071 1892 2106 Edd.

1216 2134 1298 2161 vett.
1314 2127 1353 2160 In
1364 2126 1490 2159 Fictum
1503 2126 1626 2158 divitem
1637 2153 1646 2167 ‚
1663 2125 1760 2171 quasi
1777 2125 1895 2159 Fictus

1217 2180 1260 2213 sit
1281 2191 1410 2212 nomen
1426 2179 1620 2225 proprium.

1276 2246 1305 2266 1.
1325 2232 1492 2267 Gressibus
1507 2235 1621 2277 vagiS,
1641 2241 1704 2266 etc.
1724 2230 1896 2266 Fastidio-

1219 2299 1274 2320 sus
1292 2295 1325 2319 et
1341 2286 1436 2332 quasi
1450 2284 1494 2319 de
1509 2285 1681 2319 industria
1699 2286 1897 2320 inconstans

1220 2349 1271 2373 est
1305 2340 1455 2373 incessus
1477 2338 1673 2372 istiusmodi
1706 2346 1897 2372 ostentato-

1220 2394 1267 2426 ris
1291 2392 1433 2426 delicias
1457 2401 1490 2425 et
1516 2392 1698 2425 mollitiem
1724 2391 1898 2424 mentien-

1221 2447 1274 2479 tis.
1300 2446 1354 2480 Sic
1383 2445 1542 2479 varicatis
1566 2445 1706 2491 spatiari
1725 2443 1899 2490 gressibus

1221 2499 1394 2544 eleganter
1420 2498 1505 2532 dicit
1535 2498 1698 2532 Afranius
1716 2497 1898 2542 fluctuatim

1224 2552 1370 2585 incedere.
1391 2551 1528 2585 Tardus
1552 2552 1703 2585 incessus
1724 2550 1899 2595 gravitatis

1225 2614 1257 2638 et
1273 2604 1450 2650 dignitatis
1468 2605 1616 2649 signum.

1282 2671 1312 2690 2.
1330 2656 1536 2691 Beverlandi
1560 2657 1633 2690 MS.
1655 2657 1793 2691 exhibet
1813 2672 1818 2689 :
1839 2670 1901 2688 me-
