2061 3288
561 208 651 250 DE
689 199 1184 250 SPECTACULIS.

1521 192 1581 239 25

805 354 942 410 XV.

439 518 505 546 nr,
544 514 933 545 CARPOPHORO
976 488 1319 541 vENATonEff‘

169 630 465 682 Carpophorum
495 642 617 680 prope
644 627 947 671 adolescentem,
972 622 1194 662 Domitiano
1228 634 1380 667 carum,
1407 619 1560 657 virtutis
1576 647 1588 663 ,

219 692 425 744 gloriaeque
442 691 569 729 studio
584 691 621 727 in
631 689 965 740 Amphitheatrum
977 685 1270 724 descendentem
1284 683 1330 721 ad
1343 680 1589 732 excipiendas

220 753 411 791 venabulo
438 753 555 799 feras,
580 753 774 802 Meleagro
801 758 838 787 et
860 748 1016 787 Herculi
1044 747 1224 798 praefert,
1247 755 1289 783 ut
1310 745 1411 782 infra
1432 756 1588 794 quoque

222 815 339 865 epigr.
361 828 492 860 xxv11‚
510 813 678 861 Theseo,
702 810 1009 862 Bellerophonti,
1034 809 1183 855 Jamni,
1209 812 1436 858 Perseoque.
1470 804 1588 855 (vide

220 890 377 927 quoque
397 876 517 927 epigr.
531 890 648 913 xx111.
664 875 677 927 )

239 991 415 1034 SUMMA
439 998 525 1032 tuae
540 1025 552 1045 ,
576 987 821 1049 Meleagre,
844 987 927 1032 fuit
951 1003 1046 1048 quae
1072 984 1209 1047 gloria
1235 984 1383 1038 famae,

310 1058 534 1116 Quantula
568 1059 846 1120 Carpophori
872 1060 1041 1120 portio,
1068 1057 1189 1101 fusus
1217 1054 1352 1118 aper?

240 1129 317 1174 Ille
347 1141 390 1174 et
414 1131 624 1191 praecipiti
651 1130 866 1174 venabula
896 1128 1093 1173 condidit
1120 1144 1222 1172 urso
1239 1164 1251 1184 ⁷

309 1202 482 1245 Primus
514 1202 558 1244 in
588 1202 738 1245 Arctoi
771 1202 845 1261 qui
878 1201 959 1244 fuit
987 1216 1087 1243 arce
1118 1197 1236 1260 poli:

241 1273 403 1316 Stravit
432 1281 475 1316 et
505 1272 653 1333 ignota
685 1271 972 1333 spectandum
1001 1269 1116 1315 mole
1145 1268 1341 1325 leonem,

240 1414 411 1463 Χλοῦνις
438 1408 705 1473 ὑποδμηθεὶς,
733 1413 801 1456 σὸν
831 1412 1021 1472 ἀριςεῖον,
1047 1411 1278 1472 Μελέαγρε,

308 1483 511 1543 Ποσσίχον
535 1483 597 1534 ἐςὶ
624 1485 738 1544 μέρος
764 1483 1036 1544 Καρποφόρου
1064 1482 1282 1542 καμάτων;

243 1541 401 1615 Ᾰρκτου
434 1555 504 1615 μὲν
532 1561 758 1615 προπετοῦς
788 1551 1005 1615 προὲλῆτα
1035 1548 1215 1596 διώσατο
1247 1551 1399 1611 χαλκὸν

309 1626 484 1685 Πρώτου
511 1627 549 1668 ἐν
577 1618 785 1685 Ᾰρκτῴοις
814 1625 980 1686 κλίμασι
1005 1625 1235 1686 γινομένου·

239 1696 310 1752 Τῷ
340 1689 509 1752 δαπέδῳ
537 1691 575 1739 δ’
601 1692 752 1758 εἴσρηξε
780 1698 973 1756 πελώριον
996 1693 1059 1754 ἶφι
1079 1696 1248 1749 λέοντα,

224 1829 239 1845 ’
261 1836 314 1868 De
343 1835 549 1881 Carpophoro
580 1835 783 1870 inscribitur
813 1835 851 1869 in

171 1887 274 1922 codd.
293 1896 328 1922 et
343 1887 533 1922 editt.vett.
546 1898 579 1922 et
592 1890 639 1922 sic
651 1889 750 1923 estin
761 1889 850 1922 Scal.

172 1942 332 1975 versione
365 1942 485 1975 Graeca
507 1955 515 1974 :
540 1943 593 1981 Εἰς
626 1943 850 1988 Καρπόφορον.

230 2007 262 2028 1.
288 1995 416 2028 Summa
442 2003 516 2030 tuoe.
546 1996 721 2041 Meleager
741 1995 852 2028 comi·

173 2055 267 2080 tante
287 2048 446 2081 Atalanta
463 2056 497 2081 et
513 2048 645 2082 delecta
661 2050 851 2095 juventute

171 2112 302 2146 graeca,
335 2113 462 2146 aprum
483 2101 720 2148 Calydonium
742 2102 852 2135 inter-

173 2152 274 2193 fecit,
299 2153 394 2187 unde
424 2167 594 2188 summam
621 2155 767 2200 gloriam
796 2167 852 2188 re-

173 2206 265 2239 tulit.
294 2205 398 2240 Ovid.
425 2207 510 2241 Met.
533 2208 635 2241 VIII.
664 2208 852 2242 Pausanias

172 2259 338 2304 Meleagri
358 2260 520 2293 meminit
538 2261 574 2293 in
592 2261 803 2294 Messenicis.

227 2326 261 2345 2.
282 2313 348 2344 Est
360 2320 455 2358 quota
473 2313 673 2358 Carpophori
681 2316 788 2358 portio
803 2314 852 2348 ci-

173 2372 250 2398 tant
278 2365 496 2398 Pulmannus
520 2375 554 2400 et
582 2366 762 2399 Marcilius
777 2393 786 2408 ‚
810 2375 850 2400 ut

171 2417 236 2451 lib.
246 2418 291 2459 V,
306 2418 419 2464 epigr.
434 2420 611 2453 mmm-Ista
624 2428 691 2452 tuae
702 2445 711 2460 ‚
723 2420 849 2461 Caesar,

173 2479 279 2515 quota
300 2484 381 2517 pars
401 2480 576 2518 spectatur
599 2471 735 2505 arenae?
759 2489 774 2502 x.
797 2494 849 2500 -

176 2523 341 2566 Quantula
377 2524 585 2571 Carpophori.
621 2526 738 2566 Quota
770 2538 849 2571 pars

175 2584 225 2608 est
237 2576 334 2611 famae
347 2578 567 2624 Carpophori
579 2578 592 2611 Ρ
609 2578 706 2624 quasi
719 2577 849 2615 diceret

174 2640 327 2663 minima.

965 1836 999 1870 3.
1035 1836 1213 1881 Praecipiti.
1246 1836 1426 1880 Impetum
1462 1835 1590 1868 mentis

909 1889 991 1922 ferae
1011 1888 1160 1933 explicat
1181 1901 1259 1934 quae
1275 1888 1387 1933 capite
1409 1888 1592 1921 anteriori-

908 1943 974 1975 bus
996 1941 1146 1987 pedibus
1166 1950 1291 1987 operto
1314 1954 1349 1974 se
1369 1942 1527 1982 volutat,
1549 1950 1589 1974 ut

909 2008 1011 2041 supra
1030 1994 1204 2036 vidimus,
1224 1995 1334 2040 epigr.
1353 2006 1381 2027 11
1395 2020 1404 2035 ‚
1425 2007 1456 2028 1.
1477 1995 1545 2027 En.

966 2053 997 2090 4.
1021 2048 1214 2093 Scaligerus
1237 2047 1405 2083 correxit,
1430 2060 1490 2080 ase
1506 2048 1586 2092 poli.

910 2123 962 2128 —-
984 2102 1070 2135 Arce
1084 2102 1167 2146 poll.
1189 2101 1261 2133 Arx
1286 2108 1335 2133 est
1358 2099 1532 2146 quidquid
1552 2101 1588 2133 in

910 2153 1133 2188 altitudinem
1155 2155 1292 2199 surgit:
1322 2153 1432 2199 surgit
1455 2162 1568 2186 autem
1582 2180 1591 2194 ‚

910 2208 1033 2253 polum
1053 2220 1173 2241 versus
1188 2208 1357 2240 Arctoum
1369 2232 1379 2249 ,
1394 2215 1483 2240 terra
1499 2220 1508 2248 ;
1527 2220 1587 2240 arx

911 2261 1017 2306 igitur
1030 2261 1183 2295 sumitur
1199 2273 1264 2306 pro
1275 2260 1415 2305 regione
1429 2260 1589 2293 sublimi:

910 2315 1029 2347 Arctoi
1048 2314 1173 2359 populi
1195 2312 1366 2362 dicuntur
1386 2326 1506 2346 omnes
1527 2313 1587 2358 qui

911 2366 955 2400 ad
969 2366 1249 2412 septentrionem
1266 2365 1527 2408 extenduntur;
1550 2366 1587 2399 in

908 2420 1145 2465 septentrione
1173 2428 1309 2462 autem,
1343 2427 1382 2452 ut
1405 2421 1476 2466 jam
1501 2419 1589 2452 dixi-

909 2485 1005 2515 mus,
1022 2473 1092 2505 ursi
1108 2473 1249 2506 maximi
1262 2481 1295 2506 et
1308 2472 1587 2506 saevissin1i.Vid.

910 2525 1008 2571 Virg.
1024 2525 1151 2571 Georg.
1165 2527 1200 2567 I,
1214 2539 1230 2558 2
1241 2530 1295 2566 40.
1307 2526 1374 2559 En.

967 2580 1003 2613 5.
1023 2580 1152 2623 Ignota.
1172 2579 1353 2613 Inusitata.
1373 2579 1431 2613 Sic
1456 2579 1590 2623 Carpo-

912 2632 1017 2678 phori
1038 2631 1177 2666 laudem
1200 2633 1352 2668 illustrat
1373 2641 1408 2668 et
1431 2631 1588 2677 adauget.
