2061 3288
423 232 521 278 382

420 318 565 364 gnificet
584 318 686 351 simul
710 318 784 352 haec
803 331 812 352 ε
831 331 892 351 non
903 318 978 363 filia
995 318 1100 359 Saite,

803 233 865 276 M.
893 233 1033 277 VAL.
1073 233 1461 279 MARTIALIS

1158 327 1258 353 tuere
1295 320 1332 353 in
1374 321 1568 366 perniciem
1609 322 1835 357 certissimam

420 372 560 417 prodiga
576 399 585 412 ,
609 379 642 405 et
658 371 830 417 desperatae
848 372 980 411 salutis,
1004 372 1049 406 ita
1066 381 1104 406 ut
1158 382 1340 415 ruentem;
1373 374 1435 419 qui
1462 375 1554 408 enim
1580 375 1697 409 omnia
1716 375 1837 421 perdi·

422 434 521 470 pater
536 433 627 467 tuus,
647 425 708 470 qui
720 425 817 470 σοτὴρ
834 433 897 467 est,
914 424 950 458 id
962 433 1025 466 est,
1037 439 1102 458 ser-

423 486 520 511 mator
534 505 542 517 ,
572 490 643 511 non
672 478 782 524 possit
807 486 842 511 te
873 478 974 511 saluti
1002 479 1102 512 resti-

1157 425 1242 459 dere
1263 452 1272 468 ‚
1302 426 1327 459 ii
1364 426 1530 461 videntur
1563 428 1659 473 quasi
1691 429 1834 463 mortui.

1157 478 1240 512 Vid.
1260 479 1322 513 lib.
1339 479 1409 522 IX,
1423 480 1532 526 epigr.
1552 493 1700 514 Lxxx111.

1082 627 1164 682 X.

884 783 952 811 An
992 763 1355 813 aluminum*

420 915 540 958 DUM
562 930 703 958 novus
723 924 807 971 est,
831 931 972 976 neque
995 914 1139 958 adhuc
1160 930 1256 959 rasa
1281 913 1386 959 mihi
1411 915 1554 961 fronte
1579 915 1766 972 libellus,

493 986 655 1045 Pagina
680 985 785 1029 dum
811 987 931 1047 tangi
955 1002 1044 1029 non
1072 985 1184 1030 bene
1209 987 1323 1030 sicca
1352 988 1477 1031 timet
1503 1005 1512 1031 :

423 1057 444 1099 Ι
475 1072 603 1116 puer,
633 1066 677 1100 et
705 1073 807 1100 caro
837 1056 983 1117 perfer
1015 1055 1109 1100 leve
1139 1073 1298 1101 munus
1324 1058 1487 1113 amico,

494 1128 583 1184 Qui
609 1129 770 1171 meruit
790 1144 929 1189 nugas
952 1128 1119 1189 primus
1141 1127 1304 1172 habere
1332 1144 1462 1173 meas.

423 1199 564 1241 Curre
579 1233 590 1253 ‚
617 1198 691 1242 sed
716 1200 978 1254 instructus;
999 1199 1235 1242 comitetur
1257 1200 1420 1243 Punica
1446 1198 1604 1243 librum

493 1269 686 1330 Spongia
712 1287 721 1313 ε
750 1269 1004 1313 muneribus
1029 1270 1236 1314 convenit
1264 1268 1336 1313 illa
1362 1271 1480 1314 meis.

420 1340 522 1383 Non
548 1350 731 1401 possunt
752 1350 925 1384 nostros
947 1338 1119 1390 multae,
1146 1341 1371 1395 Faustine‚
1397 1340 1534 1384 liturae

491 1411 739 1455 Emendare
760 1411 884 1471 jocos
909 1428 918 1453 :
948 1426 1035 1454 una
1061 1410 1190 1454 litura
1216 1420 1371 1471 potest.

475 1553 491 1567 '¹
507 1556 640 1588 Recens
658 1555 895 1601 compositum
912 1567 1002 1601 opus
1020 1555 1103 1587 Fau-

421 1609 516 1642 stino
541 1608 702 1642 familiari
730 1621 792 1642 suo
821 1608 952 1648 mittit,
978 1607 1101 1654 quod,

421 1662 517 1696 velut
549 1674 674 1707 parum
707 1662 784 1695 luce
817 1660 964 1706 dignum
985 1687 993 1701 ,
1029 1673 1102 1694 non

421 1716 513 1761 stylo
535 1727 634 1748 verso
662 1715 789 1760 passim
817 1713 1076 1748 emendandum
1092 1739 1102 1755 ,

421 1767 483 1801 sed
506 1777 619 1801 totum
640 1768 787 1814 spongia
803 1767 962 1801 modeste
982 1768 1028 1801 ait
1046 1766 1103 1800 de-

421 1820 579 1855 lendum.

481 1886 511 1907 1.
536 1876 622 1907 Dum
645 1887 740 1907 novus
761 1882 831 1915 est,
858 1882 889 1906 et
915 1874 1017 1906 adhuc
1042 1886 1103 1906 non

422 1941 495 1960 rasa
510 1929 620 1970 fronte
649 1927 837 1961 Pulmanni
867 1935 966 1960 vetus
993 1926 1104 1960 codex

422 1990 458 2014 et
481 1979 687 2014 Beverlandi
710 1981 786 2013 MS.
802 2001 854 2007 -—-
873 1981 984 2026 Neque
1002 1980 1104 2012 adhuc

422 2047 507 2067 rasa.
528 2036 578 2067 De
593 2034 633 2067 iis
652 2046 728 2079 quae
750 2033 793 2067 ad
810 2034 982 2066 librorum
1000 2046 1103 2066 orna-

424 2095 541 2120 menta
560 2088 779 2133 pertinerent
792 2113 802 2128 ,
823 2086 957 2121 dictum
974 2095 1024 2120 est
1041 2086 1101 2120 lib.

423 2141 440 2172 Ι
455 2166 464 2181 ,
482 2140 589 2186 epigr.
611 2152 722 2174 van.

482 2207 513 2227 2.
546 2195 676 2239 Pagina
708 2193 781 2226 dum
808 2195 919 2237 tangi,
952 2200 1016 2225 etc.
1046 2192 1103 2225 Ob

422 2259 544 2280 recens
560 2247 708 2280 minium
727 2255 761 2280 et
782 2247 959 2292 pigmenta
977 2245 1103 2291 quibus

424 2301 639 2333 ornabantur
660 2300 751 2333 libri.

482 2354 515 2386 5.
536 2353 637 2387 Cur-re
647 2380 656 2394 ‚
674 2352 731 2384 sed
744 2355 927 2385 instructum
943 2353 1105 2384 comitetur

421 2409 544 2451 pumice
573 2407 684 2438 librum
705 2406 848 2451 Spongia
867 2405 1019 2438 correxit
1037 2405 1058 2437 J
1062 2417 1100 2436 u—

424 2459 527 2499 nius,
545 2471 654 2504 quum
685 2471 807 2492 omnes
833 2457 934 2492 codd.
962 2466 996 2490 et
1020 2456 1102 2491 edd.

425 2520 510 2545 vett.
549 2521 704 2545 nostram
735 2512 957 2545 exhibuerint
982 2510 1103 2544 lectio-

423 2577 524 2605 nem3
542 2567 667 2609 pumica
689 2577 753 2610 pro
771 2566 895 2598 Punica
914 2564 1103 2598 Beverlan-

425 2616 462 2650 di
481 2616 556 2650 MS.
569 2639 618 2644 -—
631 2618 815 2651 lnstructus.
836 2617 918 2650 Noli
941 2618 1104 2650 omittere

424 2670 598 2716 egregium
610 2670 884 2704 instrumentum
894 2696 903 2711 ,
916 2683 990 2703 rem
1001 2669 1102 2704 valde

1159 1554 1385 1588 necessariam
1401 1581 1410 1597 ‚
1431 1567 1557 1601 nempe
1575 1554 1753 1600 spongiam
1770 1567 1836 1601 qua

1159 1620 1234 1640 mea
1258 1608 1412 1641 carmina
1431 1607 1625 1642 deleantur.
1648 1629 1700 1634 —-
1731 1608 1838 1641 Comi·

1162 1668 1243 1693 tetur
1261 1662 1396 1694 Punica.
1418 1661 1569 1706 Spongia
1590 1660 1713 1706 optimi
1737 1672 1840 1706 gene-

1159 1713 1207 1747 ris
1222 1740 1230 1754 ‚
1250 1713 1449 1758 cujusmodi
1471 1719 1552 1747 sunt
1573 1713 1727 1759 spongiae
1744 1714 1838 1747 Afri-

1161 1779 1254 1801 canae
1266 1793 1274 1806 ‚
1291 1766 1335 1800 de
1352 1767 1478 1813 quibus
1499 1767 1631 1801 Plinius
1647 1793 1656 1808 ,
1674 1767 1734 1800 lib.
1759 1768 1811 1800 IX
1827 1788 1837 1804 ,

1160 1832 1236 1865 cap.
1258 1833 1336 1861 va‚
1353 1832 1429 1866 quae
1443 1829 1654 1866 generantur
1673 1819 1709 1852 in
1727 1820 1840 1865 Syrti-

1160 1873 1225 1906 bus
1239 1899 1248 1915 ‚
1267 1881 1300 1906 et
1316 1886 1335 1906 a
1353 1872 1498 1907 medicis
1516 1872 1559 1906 ad
1578 1874 1732 1906 fomenta
1749 1885 1837 1919 prae-

1161 1926 1334 1959 feruntur.
1366 1926 1435 1958 Alii
1462 1927 1609 1972 legunt:
1635 1925 1757 1966 Curre,
1784 1926 1841 1958 sed

1162 1981 1344 2012 instructum
1380 1982 1545 2012 comitetur
1570 1981 1692 2024 pumice
1725 1979 1836 2011 librum

1161 2032 1303 2077 Spongia
1320 2045 1331 2065 .·
1350 2045 1426 2078 quae
1443 2032 1547 2066 lectio
1570 2032 1686 2064 minus
1708 2032 1838 2076 proba-

1161 2094 1238 2127 tur;
1259 2085 1388 2119 etenim
1416 2085 1445 2118 si
1466 2085 1553 2118 liber
1580 2083 1739 2118 nondum
1765 2092 1839 2118 erat

1160 2138 1302 2183 pumice
1329 2146 1505 2184 aequatus,
1533 2138 1624 2171 sicut
1648 2137 1695 2171 ait
1722 2138 1838 2183 primo

1161 2203 1264 2224 versu
1277 2217 1287 2231 ,
1306 2191 1446 2237 pumice
1459 2191 1648 2225 instructus
1664 2203 1737 2223 non
1752 2198 1838 2224 erat.

1161 2244 1239 2277 Lib.
1256 2245 1345 2277 VIII
1360 2271 1368 2286 ‚
1387 2244 1494 2290 epigr.
1523 2256 1640 2286 Lxxn3
1664 2251 1698 2276 et
1716 2243 1780 2277 lib.
1800 2244 1816 2276 I
1830 2269 1839 2283 ‚

1161 2298 1271 2343 epigr.
1286 2310 1401 2331 van:
1421 2315 1434 2326 «
1454 2295 1524 2330 Sed
1538 2297 1711 2343 pumicata
1724 2296 1840 2329 fronte

1161 2351 1189 2383 si
1209 2351 1288 2396 quis
1303 2359 1354 2384 est
1374 2349 1547 2384 nondum.
1566 2368 1578 2379 n
1602 2349 1672 2382 Alii
1687 2349 1735 2382 sic
1750 2349 1839 2383 hanc

1160 2404 1345 2437 lectionem
1378 2404 1655 2448 interpretantur
1670 2428 1679 2444 ‚
1710 2410 1751 2434 ut
1783 2402 1838 2435 vel

1160 2457 1326 2502 probatus
1344 2456 1483 2502 pumice
1498 2456 1654 2501 poliatur
1666 2482 1675 2497 ‚
1699 2453 1838 2488 damna-

1163 2517 1263 2543 iusve
1281 2510 1426 2554 spongia
1446 2508 1616 2542 deleatur.

1217 2565 1250 2598 8.
1276 2563 1347 2595 Una
1361 2563 1456 2595 litura
1470 2569 1583 2607 potest.
1604 2561 1692 2601 Quae
1708 2560 1838 2594 scilicet

1163 2617 1279 2649 omnia
1300 2627 1374 2648 mea
1397 2615 1551 2648 carmina
1565 2639 1573 2652 ,
1596 2621 1717 2658 utpote
1740 2626 1838 2658 pror-

1163 2681 1219 2701 sus
1236 2668 1345 2709 mala,
1364 2667 1487 2701 deleat.
1514 2666 1569 2700 Sic
1596 2664 1751 2699 modeste
1776 2665 1837 2698 de-
