<?xml version="1.0" encoding="UTF-8"?>
<!DOCTYPE html PUBLIC "-//W3C//DTD XHTML 1.0 Transitional//EN"
    "http://www.w3.org/TR/xhtml1/DTD/xhtml1-transitional.dtd">
<html xmlns="http://www.w3.org/1999/xhtml" xml:lang="en" lang="en">
 <head>
  <title>
</title>
<meta http-equiv="Content-Type" content="text/html;charset=utf-8" />
  <meta name='ocr-system' content='tesseract 3.04.00' />
  <meta name='ocr-capabilities' content='ocr_page ocr_carea ocr_par ocr_line ocrx_word'/>
</head>
<body>
  <div class='ocr_page' id='page_1' title='image "./epigrammata01martuoft_0383.png"; bbox 0 0 2061 3288; ppageno 0'>
   <div class='ocr_carea' id='block_1_1' title="bbox 441 230 1579 291">
    <p class='ocr_par' dir='ltr' id='par_1_1' title="bbox 441 230 1579 291">
     <span class='ocr_line' id='line_1_1' title="bbox 441 230 1579 291; baseline -0.005 -14"><span class='ocrx_word' id='word_1_1' title='bbox 441 230 1033 277; x_wconf 85' lang='lat' dir='ltr'><strong>EPIGRAMMATUM</strong></span> <span class='ocrx_word' id='word_1_2' title='bbox 1073 230 1200 273; x_wconf 88' lang='lat' dir='ltr'><strong>LIB.</strong></span> <span class='ocrx_word' id='word_1_3' title='bbox 1240 230 1304 272; x_wconf 93' lang='grc' dir='ltr'>ΙΙ.</span> <span class='ocrx_word' id='word_1_4' title='bbox 1487 246 1579 291; x_wconf 85' lang='lat'>217</span> 
     </span>
    </p>
   </div>
   <div class='ocr_carea' id='block_1_2' title="bbox 237 317 1590 523">
    <p class='ocr_par' dir='ltr' id='par_1_2' title="bbox 237 317 1590 523">
     <span class='ocr_line' id='line_1_2' title="bbox 306 317 1237 381; baseline -0.006 -14"><span class='ocrx_word' id='word_1_5' title='bbox 306 324 391 367; x_wconf 89' lang='lat' dir='ltr'>Pro</span> <span class='ocrx_word' id='word_1_6' title='bbox 417 317 574 366; x_wconf 85' lang='lat' dir='ltr'>scelus!</span> <span class='ocrx_word' id='word_1_7' title='bbox 602 330 646 364; x_wconf 86' lang='lat' dir='ltr'>et</span> <span class='ocrx_word' id='word_1_8' title='bbox 672 318 818 364; x_wconf 85' lang='lat' dir='ltr'>lateris</span> <span class='ocrx_word' id='word_1_9' title='bbox 845 319 1005 381; x_wconf 80' lang='lat' dir='ltr'>frigora</span> <span class='ocrx_word' id='word_1_10' title='bbox 1033 318 1134 362; x_wconf 87' lang='lat' dir='ltr'>trita</span> <span class='ocrx_word' id='word_1_11' title='bbox 1160 318 1237 362; x_wconf 89' lang='lat' dir='ltr'>tui.</span> 
     </span>
     <span class='ocr_line' id='line_1_3' title="bbox 237 387 1443 453; baseline -0.005 -15"><span class='ocrx_word' id='word_1_12' title='bbox 237 394 463 452; x_wconf 86' lang='lat' dir='ltr'>Quantum</span> <span class='ocrx_word' id='word_1_13' title='bbox 494 402 607 447; x_wconf 81' lang='lat' dir='ltr'>erat,</span> <span class='ocrx_word' id='word_1_14' title='bbox 634 390 779 436; x_wconf 83' lang='lat' dir='ltr'><strong>infelix</strong></span> <span class='ocrx_word' id='word_1_15' title='bbox 797 427 808 448; x_wconf 87' lang='lat'>,</span> <span class='ocrx_word' id='word_1_16' title='bbox 830 391 983 453; x_wconf 86' lang='lat' dir='ltr'>pannis</span> <span class='ocrx_word' id='word_1_17' title='bbox 1014 387 1219 433; x_wconf 83' lang='lat' dir='ltr'>fraudare</span> <span class='ocrx_word' id='word_1_18' title='bbox 1244 387 1417 433; x_wconf 84' lang='lat' dir='ltr'>duobus</span> <span class='ocrx_word' id='word_1_19' title='bbox 1432 421 1443 443; x_wconf 90' lang='lat'>‚</span> 
     </span>
     <span class='ocr_line' id='line_1_4' title="bbox 305 456 1590 523; baseline -0.004 -15"><span class='ocrx_word' id='word_1_20' title='bbox 305 464 423 523; x_wconf 83' lang='lat' dir='ltr'>Quid</span> <span class='ocrx_word' id='word_1_21' title='bbox 445 462 627 509; x_wconf 78' lang='lat' dir='ltr'>metuis?</span> <span class='ocrx_word' id='word_1_22' title='bbox 655 464 758 508; x_wconf 91' lang='lat' dir='ltr'>Non</span> <span class='ocrx_word' id='word_1_23' title='bbox 785 472 850 519; x_wconf 81' lang='lat' dir='ltr'>te,</span> <span class='ocrx_word' id='word_1_24' title='bbox 876 460 1079 518; x_wconf 85' lang='lat' dir='ltr'>Naevole,</span> <span class='ocrx_word' id='word_1_25' title='bbox 1108 460 1182 505; x_wconf 89' lang='lat' dir='ltr'>sed</span> <span class='ocrx_word' id='word_1_26' title='bbox 1211 456 1370 504; x_wconf 85' lang='lat' dir='ltr'>tineas!</span> <span class='ocrx_word' id='word_1_27' title='bbox 1562 487 1590 503; x_wconf 68' lang='grc' dir='ltr'>ιο</span> 
     </span>
    </p>
   </div>
   <div class='ocr_carea' id='block_1_3' title="bbox 162 609 859 1882">
    <p class='ocr_par' dir='ltr' id='par_1_3' title="bbox 162 609 859 1882">
     <span class='ocr_line' id='line_1_5' title="bbox 222 609 846 655; baseline -0.003 -11"><span class='ocrx_word' id='word_1_28' title='bbox 222 612 256 645; x_wconf 93' lang='grc'>8.</span> <span class='ocrx_word' id='word_1_29' title='bbox 273 609 394 644; x_wconf 83' lang='lat' dir='ltr'>Codex</span> <span class='ocrx_word' id='word_1_30' title='bbox 408 611 548 644; x_wconf 84' lang='lat' dir='ltr'>Thuan.</span> <span class='ocrx_word' id='word_1_31' title='bbox 562 618 593 643; x_wconf 84' lang='lat' dir='ltr'>et</span> <span class='ocrx_word' id='word_1_32' title='bbox 605 610 686 643; x_wconf 71' lang='lat' dir='ltr'>later</span> <span class='ocrx_word' id='word_1_33' title='bbox 695 612 846 655; x_wconf 76' lang='lat' dir='ltr'>J1·igora;</span> 
     </span>
     <span class='ocr_line' id='line_1_6' title="bbox 170 663 846 710; baseline -0.003 -12"><span class='ocrx_word' id='word_1_34' title='bbox 170 663 254 698; x_wconf 85' lang='lat' dir='ltr'>Vat.</span> <span class='ocrx_word' id='word_1_35' title='bbox 271 672 302 698; x_wconf 82' lang='lat' dir='ltr'>et</span> <span class='ocrx_word' id='word_1_36' title='bbox 320 665 422 698; x_wconf 79' lang='lat' dir='ltr'>lateri.</span> <span class='ocrx_word' id='word_1_37' title='bbox 436 664 506 698; x_wconf 89' lang='lat' dir='ltr'>Alii</span> <span class='ocrx_word' id='word_1_38' title='bbox 520 664 642 710; x_wconf 86' lang='lat' dir='ltr'>legunt</span> <span class='ocrx_word' id='word_1_39' title='bbox 661 678 667 697; x_wconf 90' lang='lat'>:</span> <span class='ocrx_word' id='word_1_40' title='bbox 688 672 719 696; x_wconf 83' lang='lat' dir='ltr'>et</span> <span class='ocrx_word' id='word_1_41' title='bbox 738 664 846 696; x_wconf 80' lang='lat' dir='ltr'>lateris</span> 
     </span>
     <span class='ocr_line' id='line_1_7' title="bbox 163 717 847 763; baseline -0.001 -13"><span class='ocrx_word' id='word_1_42' title='bbox 163 718 294 763; x_wconf 75' lang='lat' dir='ltr'><em>frigora</em></span> <span class='ocrx_word' id='word_1_43' title='bbox 314 719 391 750; x_wconf 78' lang='lat' dir='ltr'>trita</span> <span class='ocrx_word' id='word_1_44' title='bbox 412 719 481 751; x_wconf 77' lang='lat' dir='ltr'>mei.</span> <span class='ocrx_word' id='word_1_45' title='bbox 502 717 642 763; x_wconf 88' lang='lat' dir='ltr'>Lipsius</span> <span class='ocrx_word' id='word_1_46' title='bbox 665 730 673 751; x_wconf 90' lang='lat'>:</span> <span class='ocrx_word' id='word_1_47' title='bbox 692 725 723 750; x_wconf 86' lang='lat' dir='ltr'>et</span> <span class='ocrx_word' id='word_1_48' title='bbox 740 718 847 750; x_wconf 76' lang='lat' dir='ltr'>lateris</span> 
     </span>
     <span class='ocr_line' id='line_1_8' title="bbox 162 770 849 816; baseline 0.001 -13"><span class='ocrx_word' id='word_1_49' title='bbox 162 773 293 816; x_wconf 79' lang='lat' dir='ltr'><em>frigora</em></span> <span class='ocrx_word' id='word_1_50' title='bbox 322 779 386 804; x_wconf 74' lang='lat' dir='ltr'>tute</span> <span class='ocrx_word' id='word_1_51' title='bbox 409 773 524 811; x_wconf 74' lang='lat' dir='ltr'>times;</span> <span class='ocrx_word' id='word_1_52' title='bbox 551 770 724 805; x_wconf 87' lang='lat' dir='ltr'><strong>editiones</strong></span> <span class='ocrx_word' id='word_1_53' title='bbox 753 783 849 804; x_wconf 87' lang='lat' dir='ltr'>nam·</span> 
     </span>
     <span class='ocr_line' id='line_1_9' title="bbox 170 824 848 870; baseline -0.001 -12"><span class='ocrx_word' id='word_1_54' title='bbox 170 837 239 870; x_wconf 88' lang='lat' dir='ltr'>que</span> <span class='ocrx_word' id='word_1_55' title='bbox 269 833 403 859; x_wconf 84' lang='lat' dir='ltr'>veteres</span> <span class='ocrx_word' id='word_1_56' title='bbox 430 824 562 858; x_wconf 87' lang='lat' dir='ltr'>habent</span> <span class='ocrx_word' id='word_1_57' title='bbox 577 850 586 866; x_wconf 92' lang='lat'>‚</span> <span class='ocrx_word' id='word_1_58' title='bbox 607 833 637 857; x_wconf 85' lang='lat' dir='ltr'>et</span> <span class='ocrx_word' id='word_1_59' title='bbox 663 825 770 857; x_wconf 83' lang='lat' dir='ltr'>lateris</span> <span class='ocrx_word' id='word_1_60' title='bbox 780 825 848 868; x_wconf 79' lang='lat' dir='ltr'>fri-</span> 
     </span>
     <span class='ocr_line' id='line_1_10' title="bbox 168 876 850 924; baseline 0 -14"><span class='ocrx_word' id='word_1_61' title='bbox 168 890 250 923; x_wconf 74' lang='lat' dir='ltr'>gor-a</span> <span class='ocrx_word' id='word_1_62' title='bbox 284 886 352 911; x_wconf 82' lang='lat' dir='ltr'>luta</span> <span class='ocrx_word' id='word_1_63' title='bbox 389 880 487 912; x_wconf 82' lang='lat' dir='ltr'>times.</span> <span class='ocrx_word' id='word_1_64' title='bbox 517 876 610 912; x_wconf 83' lang='lat' dir='ltr'>Vide</span> <span class='ocrx_word' id='word_1_65' title='bbox 645 878 774 924; x_wconf 90' lang='lat' dir='ltr'>Delph.</span> <span class='ocrx_word' id='word_1_66' title='bbox 815 885 850 911; x_wconf 90' lang='lat' dir='ltr'>et</span> 
     </span>
     <span class='ocr_line' id='line_1_11' title="bbox 170 932 849 977; baseline -0.001 -13"><span class='ocrx_word' id='word_1_67' title='bbox 170 943 243 964; x_wconf 84' lang='lat' dir='ltr'>var.</span> <span class='ocrx_word' id='word_1_68' title='bbox 266 940 339 965; x_wconf 87' lang='lat' dir='ltr'>not.</span> <span class='ocrx_word' id='word_1_69' title='bbox 358 953 410 958; x_wconf 89' lang='lat'>-—</span> <span class='ocrx_word' id='word_1_70' title='bbox 432 932 479 964; x_wconf 82' lang='lat' dir='ltr'>Et</span> <span class='ocrx_word' id='word_1_71' title='bbox 501 932 608 964; x_wconf 78' lang='lat' dir='ltr'>lateris</span> <span class='ocrx_word' id='word_1_72' title='bbox 621 933 749 977; x_wconf 77' lang='lat' dir='ltr'><strong><em>frigora</em></strong></span> <span class='ocrx_word' id='word_1_73' title='bbox 773 934 849 964; x_wconf 76' lang='lat' dir='ltr'>trita</span> 
     </span>
     <span class='ocr_line' id='line_1_12' title="bbox 173 983 851 1031; baseline 0.001 -14"><span class='ocrx_word' id='word_1_74' title='bbox 173 987 230 1018; x_wconf 74' lang='lat' dir='ltr'>tui.</span> <span class='ocrx_word' id='word_1_75' title='bbox 266 985 383 1018; x_wconf 86' lang='lat' dir='ltr'>Tritas</span> <span class='ocrx_word' id='word_1_76' title='bbox 416 985 661 1031; x_wconf 86' lang='lat' dir='ltr'>obsoletasque</span> <span class='ocrx_word' id='word_1_77' title='bbox 693 983 827 1018; x_wconf 87' lang='lat' dir='ltr'>tunicas</span> <span class='ocrx_word' id='word_1_78' title='bbox 842 1010 851 1027; x_wconf 91' lang='lat'><em>‚</em></span> 
     </span>
     <span class='ocr_line' id='line_1_13' title="bbox 171 1035 851 1084; baseline 0 -14"><span class='ocrx_word' id='word_1_79' title='bbox 171 1035 321 1083; x_wconf 89' lang='lat' dir='ltr'>ideoque</span> <span class='ocrx_word' id='word_1_80' title='bbox 338 1039 545 1083; x_wconf 83' lang='lat' dir='ltr'>penetrabili</span> <span class='ocrx_word' id='word_1_81' title='bbox 569 1038 693 1084; x_wconf 87' lang='lat' dir='ltr'>frigori</span> <span class='ocrx_word' id='word_1_82' title='bbox 714 1038 851 1084; x_wconf 86' lang='lat' dir='ltr'>pervias</span> 
     </span>
     <span class='ocr_line' id='line_1_14' title="bbox 172 1090 851 1137; baseline 0.003 -14"><span class='ocrx_word' id='word_1_83' title='bbox 172 1090 277 1124; x_wconf 82' lang='lat' dir='ltr'>amici</span> <span class='ocrx_word' id='word_1_84' title='bbox 296 1091 367 1132; x_wconf 88' lang='lat' dir='ltr'>tui;</span> <span class='ocrx_word' id='word_1_85' title='bbox 386 1092 468 1124; x_wconf 77' lang='lat' dir='ltr'>latus</span> <span class='ocrx_word' id='word_1_86' title='bbox 488 1091 682 1137; x_wconf 85' lang='lat' dir='ltr'>appellatur</span> <span class='ocrx_word' id='word_1_87' title='bbox 700 1090 851 1133; x_wconf 79' lang='lat' dir='ltr'>sodalis3</span> 
     </span>
     <span class='ocr_line' id='line_1_15' title="bbox 172 1142 851 1190; baseline 0.003 -14"><span class='ocrx_word' id='word_1_88' title='bbox 172 1142 244 1177; x_wconf 85' lang='lat' dir='ltr'>vid.</span> <span class='ocrx_word' id='word_1_89' title='bbox 267 1143 329 1177; x_wconf 90' lang='lat' dir='ltr'>lib.</span> <span class='ocrx_word' id='word_1_90' title='bbox 350 1145 402 1177; x_wconf 93' lang='lat' dir='ltr'>VI</span> <span class='ocrx_word' id='word_1_91' title='bbox 418 1170 426 1186; x_wconf 84' lang='lat'>‚</span> <span class='ocrx_word' id='word_1_92' title='bbox 446 1145 556 1190; x_wconf 84' lang='lat' dir='ltr'>epigr.</span> <span class='ocrx_word' id='word_1_93' title='bbox 583 1157 699 1178; x_wconf 80' lang='lat' dir='ltr'>LxV111</span> <span class='ocrx_word' id='word_1_94' title='bbox 716 1157 724 1178; x_wconf 90' lang='lat'>:</span> <span class='ocrx_word' id='word_1_95' title='bbox 747 1161 760 1174; x_wconf 70' lang='grc' dir='ltr'><strong>α</strong></span> <span class='ocrx_word' id='word_1_96' title='bbox 779 1145 851 1178; x_wconf 90' lang='lat' dir='ltr'>Eu-</span> 
     </span>
     <span class='ocr_line' id='line_1_16' title="bbox 173 1196 852 1242; baseline 0 -11"><span class='ocrx_word' id='word_1_97' title='bbox 173 1196 299 1242; x_wconf 79' lang='lat' dir='ltr'>tychus</span> <span class='ocrx_word' id='word_1_98' title='bbox 320 1196 378 1231; x_wconf 88' lang='lat' dir='ltr'>ille</span> <span class='ocrx_word' id='word_1_99' title='bbox 398 1205 499 1231; x_wconf 85' lang='lat' dir='ltr'>tuum</span> <span class='ocrx_word' id='word_1_100' title='bbox 515 1223 525 1239; x_wconf 87' lang='lat'>‚</span> <span class='ocrx_word' id='word_1_101' title='bbox 547 1198 703 1232; x_wconf 82' lang='lat' dir='ltr'>castrice</span> <span class='ocrx_word' id='word_1_102' title='bbox 719 1224 728 1239; x_wconf 94' lang='lat'>‚</span> <span class='ocrx_word' id='word_1_103' title='bbox 749 1197 852 1232; x_wconf 86' lang='lat' dir='ltr'>dulce</span> 
     </span>
     <span class='ocr_line' id='line_1_17' title="bbox 172 1250 854 1297; baseline 0.001 -14"><span class='ocrx_word' id='word_1_104' title='bbox 172 1250 277 1284; x_wconf 87' lang='lat' dir='ltr'>latus.</span> <span class='ocrx_word' id='word_1_105' title='bbox 300 1267 313 1280; x_wconf 83' lang='lat'><strong>»</strong></span> <span class='ocrx_word' id='word_1_106' title='bbox 334 1251 439 1284; x_wconf 84' lang='lat' dir='ltr'>Latus</span> <span class='ocrx_word' id='word_1_107' title='bbox 454 1250 502 1285; x_wconf 91' lang='lat' dir='ltr'>sic</span> <span class='ocrx_word' id='word_1_108' title='bbox 521 1251 672 1285; x_wconf 82' lang='lat' dir='ltr'>sumitur</span> <span class='ocrx_word' id='word_1_109' title='bbox 690 1264 756 1297; x_wconf 87' lang='lat' dir='ltr'>pro</span> <span class='ocrx_word' id='word_1_110' title='bbox 773 1251 854 1284; x_wconf 84' lang='lat' dir='ltr'>late-</span> 
     </span>
     <span class='ocr_line' id='line_1_18' title="bbox 172 1304 853 1350; baseline -0.001 -12"><span class='ocrx_word' id='word_1_111' title='bbox 172 1315 281 1345; x_wconf 84' lang='lat' dir='ltr'>rone,</span> <span class='ocrx_word' id='word_1_112' title='bbox 306 1304 367 1349; x_wconf 90' lang='lat' dir='ltr'>qui</span> <span class='ocrx_word' id='word_1_113' title='bbox 389 1305 479 1338; x_wconf 85' lang='lat' dir='ltr'>latus</span> <span class='ocrx_word' id='word_1_114' title='bbox 498 1305 618 1350; x_wconf 85' lang='lat' dir='ltr'>cingit.</span> <span class='ocrx_word' id='word_1_115' title='bbox 644 1327 697 1332; x_wconf 84' lang='lat'>—</span> <span class='ocrx_word' id='word_1_116' title='bbox 716 1304 785 1337; x_wconf 87' lang='lat' dir='ltr'>Alii</span> <span class='ocrx_word' id='word_1_117' title='bbox 804 1305 853 1338; x_wconf 89' lang='lat' dir='ltr'>le-</span> 
     </span>
     <span class='ocr_line' id='line_1_19' title="bbox 173 1357 854 1403; baseline 0.001 -13"><span class='ocrx_word' id='word_1_118' title='bbox 173 1365 262 1403; x_wconf 84' lang='lat' dir='ltr'>gunt</span> <span class='ocrx_word' id='word_1_119' title='bbox 281 1357 413 1402; x_wconf 77' lang='lat' dir='ltr'>frigora</span> <span class='ocrx_word' id='word_1_120' title='bbox 443 1361 518 1391; x_wconf 77' lang='lat' dir='ltr'>trita</span> <span class='ocrx_word' id='word_1_121' title='bbox 549 1360 608 1391; x_wconf 82' lang='lat' dir='ltr'>mei</span> <span class='ocrx_word' id='word_1_122' title='bbox 623 1386 632 1399; x_wconf 89' lang='lat'><em>‚</em></span> <span class='ocrx_word' id='word_1_123' title='bbox 662 1367 697 1391; x_wconf 88' lang='lat' dir='ltr'>et</span> <span class='ocrx_word' id='word_1_124' title='bbox 723 1357 854 1391; x_wconf 72' lang='lat' dir='ltr'>intelli-</span> 
     </span>
     <span class='ocr_line' id='line_1_20' title="bbox 173 1411 848 1457; baseline 0.001 -14"><span class='ocrx_word' id='word_1_125' title='bbox 173 1418 284 1455; x_wconf 86' lang='lat' dir='ltr'>gunt,</span> <span class='ocrx_word' id='word_1_126' title='bbox 306 1411 374 1444; x_wconf 88' lang='lat' dir='ltr'>mei</span> <span class='ocrx_word' id='word_1_127' title='bbox 397 1411 564 1457; x_wconf 88' lang='lat' dir='ltr'>corporis.</span> <span class='ocrx_word' id='word_1_128' title='bbox 585 1411 716 1445; x_wconf 79' lang='lat' dir='ltr'>Forsan</span> <span class='ocrx_word' id='word_1_129' title='bbox 736 1411 848 1457; x_wconf 83' lang='lat' dir='ltr'>legen-</span> 
     </span>
     <span class='ocr_line' id='line_1_21' title="bbox 174 1462 854 1509; baseline 0.003 -13"><span class='ocrx_word' id='word_1_130' title='bbox 174 1462 260 1497; x_wconf 88' lang='lat' dir='ltr'>dum</span> <span class='ocrx_word' id='word_1_131' title='bbox 295 1472 345 1498; x_wconf 90' lang='lat' dir='ltr'>est</span> <span class='ocrx_word' id='word_1_132' title='bbox 375 1477 383 1496; x_wconf 68' lang='grc' dir='ltr'><em>ε</em></span> <span class='ocrx_word' id='word_1_133' title='bbox 412 1466 544 1509; x_wconf 74' lang='lat' dir='ltr'>frigora</span> <span class='ocrx_word' id='word_1_134' title='bbox 581 1473 670 1498; x_wconf 80' lang='lat' dir='ltr'>tanta</span> <span class='ocrx_word' id='word_1_135' title='bbox 699 1467 769 1499; x_wconf 84' lang='lat' dir='ltr'>mei.</span> <span class='ocrx_word' id='word_1_136' title='bbox 804 1485 854 1492; x_wconf 83' lang='lat'>-—</span> 
     </span>
     <span class='ocr_line' id='line_1_22' title="bbox 174 1517 851 1563; baseline 0.001 -13"><span class='ocrx_word' id='word_1_137' title='bbox 174 1517 314 1563; x_wconf 88' lang='lat' dir='ltr'>Lipsius</span> <span class='ocrx_word' id='word_1_138' title='bbox 343 1518 629 1563; x_wconf 74' lang='lat' dir='ltr'>scribit‚src&#39;gora</span> <span class='ocrx_word' id='word_1_139' title='bbox 654 1527 716 1552; x_wconf 68' lang='lat' dir='ltr'>tuit</span> <span class='ocrx_word' id='word_1_140' title='bbox 746 1520 851 1559; x_wconf 75' lang='lat' dir='ltr'>times,</span> 
     </span>
     <span class='ocr_line' id='line_1_23' title="bbox 174 1570 855 1618; baseline 0.003 -15"><span class='ocrx_word' id='word_1_141' title='bbox 174 1570 242 1604; x_wconf 85' lang='lat' dir='ltr'>hoc</span> <span class='ocrx_word' id='word_1_142' title='bbox 262 1579 312 1604; x_wconf 90' lang='lat' dir='ltr'>est</span> <span class='ocrx_word' id='word_1_143' title='bbox 326 1595 334 1609; x_wconf 93' lang='lat'><strong>,</strong></span> <span class='ocrx_word' id='word_1_144' title='bbox 356 1570 442 1604; x_wconf 86' lang='lat' dir='ltr'>adeo</span> <span class='ocrx_word' id='word_1_145' title='bbox 466 1572 596 1605; x_wconf 82' lang='lat' dir='ltr'>amicus</span> <span class='ocrx_word' id='word_1_146' title='bbox 623 1580 703 1605; x_wconf 83' lang='lat' dir='ltr'>tuus</span> <span class='ocrx_word' id='word_1_147' title='bbox 727 1572 855 1618; x_wconf 83' lang='lat' dir='ltr'>friget,</span> 
     </span>
     <span class='ocr_line' id='line_1_24' title="bbox 176 1624 856 1672; baseline 0.004 -16"><span class='ocrx_word' id='word_1_148' title='bbox 176 1632 215 1656; x_wconf 93' lang='lat' dir='ltr'>ut</span> <span class='ocrx_word' id='word_1_149' title='bbox 233 1632 272 1657; x_wconf 88' lang='lat' dir='ltr'>tu</span> <span class='ocrx_word' id='word_1_150' title='bbox 293 1624 406 1657; x_wconf 86' lang='lat' dir='ltr'>vereri</span> <span class='ocrx_word' id='word_1_151' title='bbox 434 1625 565 1670; x_wconf 86' lang='lat' dir='ltr'>possis,</span> <span class='ocrx_word' id='word_1_152' title='bbox 587 1637 632 1658; x_wconf 90' lang='lat' dir='ltr'>ne</span> <span class='ocrx_word' id='word_1_153' title='bbox 650 1626 760 1671; x_wconf 85' lang='lat' dir='ltr'>frigus</span> <span class='ocrx_word' id='word_1_154' title='bbox 783 1627 856 1672; x_wconf 84' lang='lat' dir='ltr'>ejus</span> 
     </span>
     <span class='ocr_line' id='line_1_25' title="bbox 178 1675 857 1724; baseline 0.003 -15"><span class='ocrx_word' id='word_1_155' title='bbox 178 1675 221 1709; x_wconf 87' lang='lat' dir='ltr'>ad</span> <span class='ocrx_word' id='word_1_156' title='bbox 237 1684 270 1710; x_wconf 83' lang='lat' dir='ltr'>te</span> <span class='ocrx_word' id='word_1_157' title='bbox 291 1685 484 1722; x_wconf 86' lang='lat' dir='ltr'>permanet.</span> <span class='ocrx_word' id='word_1_158' title='bbox 509 1700 559 1704; x_wconf 92' lang='lat'>—</span> <span class='ocrx_word' id='word_1_159' title='bbox 591 1679 742 1724; x_wconf 87' lang='lat' dir='ltr'>Vulgata</span> <span class='ocrx_word' id='word_1_160' title='bbox 753 1679 857 1713; x_wconf 87' lang='lat' dir='ltr'>lectio</span> 
     </span>
     <span class='ocr_line' id='line_1_26' title="bbox 178 1731 855 1775; baseline 0.004 -12"><span class='ocrx_word' id='word_1_161' title='bbox 178 1738 252 1771; x_wconf 80' lang='lat' dir='ltr'>est,</span> <span class='ocrx_word' id='word_1_162' title='bbox 273 1731 404 1775; x_wconf 73' lang='lat' dir='ltr'>fi‘t&#39;gora</span> <span class='ocrx_word' id='word_1_163' title='bbox 436 1739 504 1764; x_wconf 78' lang='lat' dir='ltr'>tuta</span> <span class='ocrx_word' id='word_1_164' title='bbox 532 1734 641 1772; x_wconf 80' lang='lat' dir='ltr'>times,</span> <span class='ocrx_word' id='word_1_165' title='bbox 676 1732 745 1766; x_wconf 87' lang='lat' dir='ltr'>hoc</span> <span class='ocrx_word' id='word_1_166' title='bbox 780 1741 855 1773; x_wconf 86' lang='lat' dir='ltr'>est,</span> 
     </span>
     <span class='ocr_line' id='line_1_27' title="bbox 177 1782 858 1831; baseline 0.004 -16"><span class='ocrx_word' id='word_1_167' title='bbox 177 1782 276 1816; x_wconf 80' lang='lat' dir='ltr'>vides</span> <span class='ocrx_word' id='word_1_168' title='bbox 295 1783 443 1817; x_wconf 78' lang='lat' dir='ltr'>amicum</span> <span class='ocrx_word' id='word_1_169' title='bbox 457 1785 650 1829; x_wconf 74' lang='lat' dir='ltr'>algentem,</span> <span class='ocrx_word' id='word_1_170' title='bbox 673 1793 707 1818; x_wconf 88' lang='lat' dir='ltr'>et</span> <span class='ocrx_word' id='word_1_171' title='bbox 729 1793 768 1818; x_wconf 93' lang='lat' dir='ltr'>tu</span> <span class='ocrx_word' id='word_1_172' title='bbox 784 1785 858 1831; x_wconf 86' lang='lat' dir='ltr'>ipse</span> 
     </span>
     <span class='ocr_line' id='line_1_28' title="bbox 179 1836 859 1882; baseline 0.003 -12"><span class='ocrx_word' id='word_1_173' title='bbox 179 1836 288 1882; x_wconf 84' lang='lat' dir='ltr'>frigus</span> <span class='ocrx_word' id='word_1_174' title='bbox 300 1837 400 1871; x_wconf 87' lang='lat' dir='ltr'>times</span> <span class='ocrx_word' id='word_1_175' title='bbox 412 1864 422 1879; x_wconf 93' lang='lat'>,</span> <span class='ocrx_word' id='word_1_176' title='bbox 436 1846 495 1871; x_wconf 84' lang='lat' dir='ltr'>aut</span> <span class='ocrx_word' id='word_1_177' title='bbox 507 1846 601 1871; x_wconf 87' lang='lat' dir='ltr'>certe</span> <span class='ocrx_word' id='word_1_178' title='bbox 614 1838 740 1872; x_wconf 87' lang='lat' dir='ltr'>timere</span> <span class='ocrx_word' id='word_1_179' title='bbox 756 1838 859 1872; x_wconf 88' lang='lat' dir='ltr'>simu-</span> 
     </span>
    </p>
   </div>
   <div class='ocr_carea' id='block_1_4' title="bbox 906 605 1602 1882">
    <p class='ocr_par' dir='ltr' id='par_1_4' title="bbox 906 605 1593 858">
     <span class='ocr_line' id='line_1_29' title="bbox 906 605 1592 653; baseline -0.003 -11"><span class='ocrx_word' id='word_1_180' title='bbox 906 609 979 650; x_wconf 87' lang='lat' dir='ltr'>las,</span> <span class='ocrx_word' id='word_1_181' title='bbox 1007 621 1024 641; x_wconf 84' lang='lat' dir='ltr'>a</span> <span class='ocrx_word' id='word_1_182' title='bbox 1051 620 1122 653; x_wconf 90' lang='lat' dir='ltr'>quo</span> <span class='ocrx_word' id='word_1_183' title='bbox 1154 615 1271 641; x_wconf 86' lang='lat' dir='ltr'>tamen</span> <span class='ocrx_word' id='word_1_184' title='bbox 1307 605 1500 641; x_wconf 85' lang='lat' dir='ltr'>tutissimus</span> <span class='ocrx_word' id='word_1_185' title='bbox 1530 618 1592 649; x_wconf 89' lang='lat' dir='ltr'>es,</span> 
     </span>
     <span class='ocr_line' id='line_1_30' title="bbox 908 660 1593 709; baseline -0.003 -14"><span class='ocrx_word' id='word_1_186' title='bbox 908 662 1043 709; x_wconf 89' lang='lat' dir='ltr'>quippe</span> <span class='ocrx_word' id='word_1_187' title='bbox 1064 660 1225 707; x_wconf 85' lang='lat' dir='ltr'>pluribus</span> <span class='ocrx_word' id='word_1_188' title='bbox 1239 660 1458 694; x_wconf 83' lang='lat' dir='ltr'>vestimentis</span> <span class='ocrx_word' id='word_1_189' title='bbox 1477 661 1593 707; x_wconf 87' lang='lat' dir='ltr'>probe</span> 
     </span>
     <span class='ocr_line' id='line_1_31' title="bbox 907 713 1593 756; baseline -0.003 -7"><span class='ocrx_word' id='word_1_190' title='bbox 907 715 1075 749; x_wconf 87' lang='lat' dir='ltr'>munitus.</span> <span class='ocrx_word' id='word_1_191' title='bbox 1109 715 1245 747; x_wconf 86' lang='lat' dir='ltr'>Verum</span> <span class='ocrx_word' id='word_1_192' title='bbox 1281 713 1318 747; x_wconf 90' lang='lat' dir='ltr'>id</span> <span class='ocrx_word' id='word_1_193' title='bbox 1351 713 1515 756; x_wconf 86' lang='lat' dir='ltr'>simulas,</span> <span class='ocrx_word' id='word_1_194' title='bbox 1546 725 1593 747; x_wconf 91' lang='lat' dir='ltr'>ne</span> 
     </span>
     <span class='ocr_line' id='line_1_32' title="bbox 907 766 1592 816; baseline -0.004 -13"><span class='ocrx_word' id='word_1_195' title='bbox 907 768 1029 816; x_wconf 88' lang='lat' dir='ltr'>paucis</span> <span class='ocrx_word' id='word_1_196' title='bbox 1051 776 1085 802; x_wconf 88' lang='lat' dir='ltr'>et</span> <span class='ocrx_word' id='word_1_197' title='bbox 1102 767 1203 802; x_wconf 87' lang='lat' dir='ltr'>malis</span> <span class='ocrx_word' id='word_1_198' title='bbox 1218 767 1366 801; x_wconf 84' lang='lat' dir='ltr'>lacernis</span> <span class='ocrx_word' id='word_1_199' title='bbox 1385 775 1420 801; x_wconf 90' lang='lat' dir='ltr'>te</span> <span class='ocrx_word' id='word_1_200' title='bbox 1440 766 1484 801; x_wconf 87' lang='lat' dir='ltr'>ad</span> <span class='ocrx_word' id='word_1_201' title='bbox 1505 767 1592 802; x_wconf 88' lang='lat' dir='ltr'>ami-</span> 
     </span>
     <span class='ocr_line' id='line_1_33' title="bbox 907 820 1444 858; baseline -0.006 -1"><span class='ocrx_word' id='word_1_202' title='bbox 907 836 985 858; x_wconf 91' lang='lat' dir='ltr'>cum</span> <span class='ocrx_word' id='word_1_203' title='bbox 1004 821 1228 856; x_wconf 85' lang='lat' dir='ltr'>vestiendum</span> <span class='ocrx_word' id='word_1_204' title='bbox 1245 820 1444 855; x_wconf 84' lang='lat' dir='ltr'>defraudes.</span> 
     </span>
    </p>

    <p class='ocr_par' dir='ltr' id='par_1_5' title="bbox 908 875 1594 974">
     <span class='ocr_line' id='line_1_34' title="bbox 965 875 1593 921; baseline -0.005 -12"><span class='ocrx_word' id='word_1_205' title='bbox 965 888 998 921; x_wconf 89' lang='lat'>9.</span> <span class='ocrx_word' id='word_1_206' title='bbox 1024 876 1151 918; x_wconf 60' lang='lat' dir='ltr'>Infelix.</span> <span class='ocrx_word' id='word_1_207' title='bbox 1175 875 1248 916; x_wconf 89' lang='lat' dir='ltr'>Qui</span> <span class='ocrx_word' id='word_1_208' title='bbox 1273 887 1393 908; x_wconf 88' lang='lat' dir='ltr'>rerum</span> <span class='ocrx_word' id='word_1_209' title='bbox 1414 886 1537 916; x_wconf 88' lang='lat' dir='ltr'>usum,</span> <span class='ocrx_word' id='word_1_210' title='bbox 1559 882 1593 907; x_wconf 88' lang='lat' dir='ltr'>et</span> 
     </span>
     <span class='ocr_line' id='line_1_35' title="bbox 908 928 1594 974; baseline -0.004 -11"><span class='ocrx_word' id='word_1_211' title='bbox 908 929 1148 963; x_wconf 77' lang='lat' dir='ltr'>beneficentiae</span> <span class='ocrx_word' id='word_1_212' title='bbox 1157 929 1374 974; x_wconf 85' lang='lat' dir='ltr'>voluptatem</span> <span class='ocrx_word' id='word_1_213' title='bbox 1386 928 1509 961; x_wconf 86' lang='lat' dir='ltr'>nescis.</span> <span class='ocrx_word' id='word_1_214' title='bbox 1526 928 1594 961; x_wconf 84' lang='lat' dir='ltr'>En.</span> 
     </span>
    </p>

    <p class='ocr_par' dir='ltr' id='par_1_6' title="bbox 910 979 1602 1882">
     <span class='ocr_line' id='line_1_36' title="bbox 966 979 1596 1027; baseline -0.003 -11"><span class='ocrx_word' id='word_1_215' title='bbox 966 995 1020 1017; x_wconf 92' lang='lat'>10.</span> <span class='ocrx_word' id='word_1_216' title='bbox 1044 982 1136 1027; x_wconf 77' lang='lat' dir='ltr'>Quid</span> <span class='ocrx_word' id='word_1_217' title='bbox 1152 984 1255 1015; x_wconf 80' lang='lat' dir='ltr'>renuis</span> <span class='ocrx_word' id='word_1_218' title='bbox 1270 987 1288 1014; x_wconf 63' lang='lat'>5·</span> <span class='ocrx_word' id='word_1_219' title='bbox 1307 982 1471 1015; x_wconf 83' lang='lat' dir='ltr'>nonnulli</span> <span class='ocrx_word' id='word_1_220' title='bbox 1490 979 1596 1015; x_wconf 85' lang='lat' dir='ltr'><strong>codd.</strong></span> 
     </span>
     <span class='ocr_line' id='line_1_37' title="bbox 911 1035 1596 1081; baseline -0.004 -11"><span class='ocrx_word' id='word_1_221' title='bbox 911 1049 993 1070; x_wconf 92' lang='lat' dir='ltr'>cum</span> <span class='ocrx_word' id='word_1_222' title='bbox 1022 1035 1104 1070; x_wconf 85' lang='lat' dir='ltr'>edd.</span> <span class='ocrx_word' id='word_1_223' title='bbox 1139 1035 1319 1081; x_wconf 81' lang='lat' dir='ltr'>antiquiss.</span> <span class='ocrx_word' id='word_1_224' title='bbox 1346 1035 1481 1069; x_wconf 79' lang='lat' dir='ltr'>Fen-ar.</span> <span class='ocrx_word' id='word_1_225' title='bbox 1514 1047 1596 1068; x_wconf 84' lang='lat' dir='ltr'>ann.</span> 
     </span>
     <span class='ocr_line' id='line_1_38' title="bbox 916 1086 1595 1135; baseline 0 -13"><span class='ocrx_word' id='word_1_226' title='bbox 916 1102 930 1123; x_wconf 95' lang='lat'>1</span> <span class='ocrx_word' id='word_1_227' title='bbox 941 1094 1009 1135; x_wconf 76' lang='lat'>471</span> <span class='ocrx_word' id='word_1_228' title='bbox 1029 1112 1039 1129; x_wconf 84' lang='lat'>‚</span> <span class='ocrx_word' id='word_1_229' title='bbox 1062 1097 1129 1123; x_wconf 85' lang='lat' dir='ltr'>etc.</span> <span class='ocrx_word' id='word_1_230' title='bbox 1146 1090 1223 1123; x_wconf 82' lang='lat' dir='ltr'>Non</span> <span class='ocrx_word' id='word_1_231' title='bbox 1237 1097 1356 1122; x_wconf 76' lang='lat' dir='ltr'>metuas</span> <span class='ocrx_word' id='word_1_232' title='bbox 1372 1096 1499 1122; x_wconf 81' lang='lat' dir='ltr'>mortem</span> <span class='ocrx_word' id='word_1_233' title='bbox 1514 1086 1595 1122; x_wconf 83' lang='lat' dir='ltr'>Ald.</span> 
     </span>
     <span class='ocr_line' id='line_1_39' title="bbox 910 1142 1595 1189; baseline -0.003 -13"><span class='ocrx_word' id='word_1_234' title='bbox 910 1143 1011 1177; x_wconf 89' lang='lat' dir='ltr'>Junt.</span> <span class='ocrx_word' id='word_1_235' title='bbox 1029 1143 1145 1177; x_wconf 89' lang='lat' dir='ltr'>Colin.</span> <span class='ocrx_word' id='word_1_236' title='bbox 1168 1142 1305 1189; x_wconf 77' lang='lat' dir='ltr'>Gryph.</span> <span class='ocrx_word' id='word_1_237' title='bbox 1327 1143 1512 1176; x_wconf 85' lang='lat' dir='ltr'>Pulmann.</span> <span class='ocrx_word' id='word_1_238' title='bbox 1530 1149 1595 1175; x_wconf 86' lang='lat' dir='ltr'>etc.</span> 
     </span>
     <span class='ocr_line' id='line_1_40' title="bbox 912 1195 1598 1239; baseline -0.001 -10"><span class='ocrx_word' id='word_1_239' title='bbox 912 1197 964 1230; x_wconf 84' lang='lat' dir='ltr'>Ne</span> <span class='ocrx_word' id='word_1_240' title='bbox 979 1205 1097 1229; x_wconf 79' lang='lat' dir='ltr'>metuas</span> <span class='ocrx_word' id='word_1_241' title='bbox 1111 1223 1120 1236; x_wconf 84' lang='lat'><em>,</em></span> <span class='ocrx_word' id='word_1_242' title='bbox 1142 1209 1203 1229; x_wconf 81' lang='lat' dir='ltr'>non</span> <span class='ocrx_word' id='word_1_243' title='bbox 1220 1204 1248 1228; x_wconf 82' lang='lat' dir='ltr'>te</span> <span class='ocrx_word' id='word_1_244' title='bbox 1261 1195 1485 1229; x_wconf 87' lang='lat' dir='ltr'>Ramiresius.</span> <span class='ocrx_word' id='word_1_245' title='bbox 1507 1195 1598 1239; x_wconf 79' lang='lat' dir='ltr'>Quid</span> 
     </span>
     <span class='ocr_line' id='line_1_41' title="bbox 914 1250 1598 1294; baseline -0.003 -12"><span class='ocrx_word' id='word_1_246' title='bbox 914 1252 1022 1283; x_wconf 77' lang='lat' dir='ltr'>metuis</span> <span class='ocrx_word' id='word_1_247' title='bbox 1053 1257 1154 1283; x_wconf 81' lang='lat' dir='ltr'>monte</span> <span class='ocrx_word' id='word_1_248' title='bbox 1182 1250 1320 1283; x_wconf 79' lang='lat' dir='ltr'>Thuan.</span> <span class='ocrx_word' id='word_1_249' title='bbox 1360 1250 1461 1294; x_wconf 79' lang='lat' dir='ltr'>Quem</span> <span class='ocrx_word' id='word_1_250' title='bbox 1495 1250 1598 1281; x_wconf 81' lang='lat' dir='ltr'>renuis</span> 
     </span>
     <span class='ocr_line' id='line_1_42' title="bbox 915 1302 1598 1347; baseline -0.001 -12"><span class='ocrx_word' id='word_1_251' title='bbox 915 1316 976 1336; x_wconf 82' lang='lat' dir='ltr'>non</span> <span class='ocrx_word' id='word_1_252' title='bbox 996 1311 1024 1336; x_wconf 78' lang='lat' dir='ltr'>te</span> <span class='ocrx_word' id='word_1_253' title='bbox 1046 1302 1157 1337; x_wconf 83' lang='lat' dir='ltr'>codex</span> <span class='ocrx_word' id='word_1_254' title='bbox 1180 1303 1383 1336; x_wconf 86' lang='lat' dir='ltr'>Vaticanus.</span> <span class='ocrx_word' id='word_1_255' title='bbox 1401 1305 1514 1347; x_wconf 71' lang='lat' dir='ltr'>timpas</span> <span class='ocrx_word' id='word_1_256' title='bbox 1531 1314 1598 1347; x_wconf 88' lang='lat' dir='ltr'>pro</span> 
     </span>
     <span class='ocr_line' id='line_1_43' title="bbox 916 1355 1598 1390; baseline -0.003 -1"><span class='ocrx_word' id='word_1_257' title='bbox 916 1359 1014 1389; x_wconf 82' lang='lat' dir='ltr'>tineas</span> <span class='ocrx_word' id='word_1_258' title='bbox 1033 1357 1138 1390; x_wconf 86' lang='lat' dir='ltr'>habet</span> <span class='ocrx_word' id='word_1_259' title='bbox 1162 1355 1371 1390; x_wconf 86' lang='lat' dir='ltr'>Beverlandi</span> <span class='ocrx_word' id='word_1_260' title='bbox 1393 1355 1468 1389; x_wconf 87' lang='lat' dir='ltr'>MS.</span> <span class='ocrx_word' id='word_1_261' title='bbox 1489 1357 1598 1387; x_wconf 82' lang='lat' dir='ltr'>timeas</span> 
     </span>
     <span class='ocr_line' id='line_1_44' title="bbox 914 1409 1598 1454; baseline -0.004 -11"><span class='ocrx_word' id='word_1_262' title='bbox 914 1410 1014 1443; x_wconf 85' lang='lat' dir='ltr'>Junt.</span> <span class='ocrx_word' id='word_1_263' title='bbox 1034 1423 1114 1442; x_wconf 85' lang='lat' dir='ltr'>ann.</span> <span class='ocrx_word' id='word_1_264' title='bbox 1142 1410 1254 1444; x_wconf 85' lang='lat'><strong>1512.</strong></span> <span class='ocrx_word' id='word_1_265' title='bbox 1274 1431 1326 1436; x_wconf 90' lang='lat'>—-</span> <span class='ocrx_word' id='word_1_266' title='bbox 1347 1409 1437 1454; x_wconf 78' lang='lat' dir='ltr'>Quid</span> <span class='ocrx_word' id='word_1_267' title='bbox 1459 1411 1598 1441; x_wconf 58' lang='lat' dir='ltr'>metuis?</span> 
     </span>
     <span class='ocr_line' id='line_1_45' title="bbox 915 1462 1600 1508; baseline -0.004 -11"><span class='ocrx_word' id='word_1_268' title='bbox 915 1464 1045 1498; x_wconf 83' lang='lat' dir='ltr'>Eratne</span> <span class='ocrx_word' id='word_1_269' title='bbox 1060 1462 1147 1497; x_wconf 88' lang='lat' dir='ltr'>adeo</span> <span class='ocrx_word' id='word_1_270' title='bbox 1162 1462 1308 1497; x_wconf 84' lang='lat' dir='ltr'>difficile</span> <span class='ocrx_word' id='word_1_271' title='bbox 1322 1471 1355 1496; x_wconf 87' lang='lat' dir='ltr'>et</span> <span class='ocrx_word' id='word_1_272' title='bbox 1374 1462 1600 1508; x_wconf 82' lang='lat' dir='ltr'>magnificum</span> 
     </span>
     <span class='ocr_line' id='line_1_46' title="bbox 916 1515 1599 1564; baseline -0.003 -14"><span class='ocrx_word' id='word_1_273' title='bbox 916 1516 1004 1551; x_wconf 88' lang='lat' dir='ltr'>duos</span> <span class='ocrx_word' id='word_1_274' title='bbox 1025 1530 1180 1564; x_wconf 83' lang='lat' dir='ltr'>pannos,</span> <span class='ocrx_word' id='word_1_275' title='bbox 1200 1525 1311 1550; x_wconf 86' lang='lat' dir='ltr'>vestes</span> <span class='ocrx_word' id='word_1_276' title='bbox 1332 1515 1417 1550; x_wconf 81' lang='lat' dir='ltr'>duas</span> <span class='ocrx_word' id='word_1_277' title='bbox 1433 1515 1599 1549; x_wconf 81' lang='lat' dir='ltr'>suffurari</span> 
     </span>
     <span class='ocr_line' id='line_1_47' title="bbox 917 1569 1602 1616; baseline -0.003 -12"><span class='ocrx_word' id='word_1_278' title='bbox 917 1580 950 1604; x_wconf 88' lang='lat' dir='ltr'>et</span> <span class='ocrx_word' id='word_1_279' title='bbox 968 1571 1103 1616; x_wconf 87' lang='lat' dir='ltr'>eripere</span> <span class='ocrx_word' id='word_1_280' title='bbox 1107 1597 1169 1605; x_wconf 88' lang='grc'><strong>.....</strong></span> <span class='ocrx_word' id='word_1_281' title='bbox 1195 1571 1305 1604; x_wconf 84' lang='lat' dir='ltr'>Palles</span> <span class='ocrx_word' id='word_1_282' title='bbox 1326 1571 1396 1615; x_wconf 82' lang='lat' dir='ltr'>jam</span> <span class='ocrx_word' id='word_1_283' title='bbox 1421 1579 1454 1603; x_wconf 91' lang='lat' dir='ltr'>et</span> <span class='ocrx_word' id='word_1_284' title='bbox 1474 1569 1574 1603; x_wconf 89' lang='lat' dir='ltr'>times</span> <span class='ocrx_word' id='word_1_285' title='bbox 1594 1595 1602 1610; x_wconf 93' lang='lat'>‚</span> 
     </span>
     <span class='ocr_line' id='line_1_48' title="bbox 917 1622 1600 1670; baseline -0.003 -13"><span class='ocrx_word' id='word_1_286' title='bbox 917 1637 1018 1657; x_wconf 85' lang='lat' dir='ltr'>avare</span> <span class='ocrx_word' id='word_1_287' title='bbox 1054 1625 1197 1658; x_wconf 79' lang='lat' dir='ltr'>Naevole</span> <span class='ocrx_word' id='word_1_288' title='bbox 1211 1650 1220 1665; x_wconf 83' lang='lat'>‚</span> <span class='ocrx_word' id='word_1_289' title='bbox 1253 1637 1361 1670; x_wconf 82' lang='lat' dir='ltr'>quum</span> <span class='ocrx_word' id='word_1_290' title='bbox 1403 1622 1501 1656; x_wconf 80' lang='lat' dir='ltr'>audis</span> <span class='ocrx_word' id='word_1_291' title='bbox 1540 1623 1600 1656; x_wconf 87' lang='lat' dir='ltr'>has</span> 
     </span>
     <span class='ocr_line' id='line_1_49' title="bbox 917 1675 1602 1721; baseline -0.004 -10"><span class='ocrx_word' id='word_1_292' title='bbox 917 1690 1039 1719; x_wconf 70' lang='lat' dir='ltr'>voceS‚</span> <span class='ocrx_word' id='word_1_293' title='bbox 1066 1678 1254 1719; x_wconf 81' lang='lat' dir='ltr'>suffurari,</span> <span class='ocrx_word' id='word_1_294' title='bbox 1281 1675 1460 1715; x_wconf 73' lang='lat' dir='ltr'>fraudare,</span> <span class='ocrx_word' id='word_1_295' title='bbox 1487 1676 1602 1721; x_wconf 85' lang='lat' dir='ltr'>eripe-</span> 
     </span>
     <span class='ocr_line' id='line_1_50' title="bbox 917 1729 1598 1776; baseline -0.004 -12"><span class='ocrx_word' id='word_1_296' title='bbox 917 1744 955 1764; x_wconf 83' lang='lat' dir='ltr'>re</span> <span class='ocrx_word' id='word_1_297' title='bbox 967 1744 975 1763; x_wconf 71' lang='grc' dir='ltr'><strong><em>ε</em></strong></span> <span class='ocrx_word' id='word_1_298' title='bbox 987 1731 1047 1765; x_wconf 84' lang='lat' dir='ltr'>sed</span> <span class='ocrx_word' id='word_1_299' title='bbox 1063 1745 1107 1765; x_wconf 89' lang='lat' dir='ltr'>ne</span> <span class='ocrx_word' id='word_1_300' title='bbox 1121 1732 1243 1765; x_wconf 87' lang='lat' dir='ltr'>timeas</span> <span class='ocrx_word' id='word_1_301' title='bbox 1256 1745 1265 1773; x_wconf 91' lang='lat'>;</span> <span class='ocrx_word' id='word_1_302' title='bbox 1278 1731 1414 1776; x_wconf 84' lang='lat' dir='ltr'>eripere</span> <span class='ocrx_word' id='word_1_303' title='bbox 1427 1729 1506 1763; x_wconf 85' lang='lat' dir='ltr'>dico</span> <span class='ocrx_word' id='word_1_304' title='bbox 1524 1742 1598 1761; x_wconf 84' lang='lat' dir='ltr'>nou</span> 
     </span>
     <span class='ocr_line' id='line_1_51' title="bbox 918 1781 1602 1830; baseline -0.003 -13"><span class='ocrx_word' id='word_1_305' title='bbox 918 1784 1004 1825; x_wconf 82' lang='lat' dir='ltr'>tibi,</span> <span class='ocrx_word' id='word_1_306' title='bbox 1024 1784 1084 1818; x_wconf 83' lang='lat' dir='ltr'>sed</span> <span class='ocrx_word' id='word_1_307' title='bbox 1101 1785 1204 1819; x_wconf 88' lang='lat' dir='ltr'>tineis</span> <span class='ocrx_word' id='word_1_308' title='bbox 1219 1811 1228 1826; x_wconf 84' lang='lat'>‚</span> <span class='ocrx_word' id='word_1_309' title='bbox 1245 1797 1321 1830; x_wconf 86' lang='lat' dir='ltr'>quae</span> <span class='ocrx_word' id='word_1_310' title='bbox 1338 1785 1412 1817; x_wconf 89' lang='lat' dir='ltr'>illas</span> <span class='ocrx_word' id='word_1_311' title='bbox 1430 1781 1602 1817; x_wconf 81' lang='lat' dir='ltr'>arrodunt</span> 
     </span>
     <span class='ocr_line' id='line_1_52' title="bbox 919 1836 1559 1882; baseline -0.003 -11"><span class='ocrx_word' id='word_1_312' title='bbox 919 1846 952 1871; x_wconf 91' lang='lat' dir='ltr'>et</span> <span class='ocrx_word' id='word_1_313' title='bbox 971 1847 1181 1872; x_wconf 87' lang='lat' dir='ltr'>consumunt</span> <span class='ocrx_word' id='word_1_314' title='bbox 1195 1864 1205 1880; x_wconf 89' lang='lat'>‚</span> <span class='ocrx_word' id='word_1_315' title='bbox 1229 1847 1262 1871; x_wconf 81' lang='lat' dir='ltr'>et</span> <span class='ocrx_word' id='word_1_316' title='bbox 1280 1838 1398 1871; x_wconf 83' lang='lat' dir='ltr'>amicis</span> <span class='ocrx_word' id='word_1_317' title='bbox 1416 1836 1534 1882; x_wconf 84' lang='lat' dir='ltr'>largiri</span> <span class='ocrx_word' id='word_1_318' title='bbox 1552 1837 1559 1868; x_wconf 90' lang='lat'><strong>!</strong></span> 
     </span>
    </p>
   </div>
   <div class='ocr_carea' id='block_1_5' title="bbox 754 1974 1027 2030">
    <p class='ocr_par' dir='ltr' id='par_1_7' title="bbox 754 1974 1027 2030">
     <span class='ocr_line' id='line_1_53' title="bbox 754 1974 1027 2030; baseline 0.004 -1"><span class='ocrx_word' id='word_1_319' title='bbox 754 1974 1027 2030; x_wconf 88' lang='lat' dir='ltr'>XLVII.</span> 
     </span>
    </p>
   </div>
   <div class='ocr_carea' id='block_1_6' title="bbox 714 2110 1073 2160">
    <p class='ocr_par' dir='ltr' id='par_1_8' title="bbox 714 2110 1073 2160">
     <span class='ocr_line' id='line_1_54' title="bbox 714 2110 1073 2160; baseline 0 -2"><span class='ocrx_word' id='word_1_320' title='bbox 714 2132 767 2159; x_wconf 82' lang='lat' dir='ltr'>IN</span> <span class='ocrx_word' id='word_1_321' title='bbox 808 2110 1073 2160; x_wconf 54' lang='lat' dir='ltr'>GALlssUMf</span> 
     </span>
    </p>
   </div>
   <div class='ocr_carea' id='block_1_7' title="bbox 257 2255 1421 2318">
    <p class='ocr_par' dir='ltr' id='par_1_9' title="bbox 257 2255 1421 2318">
     <span class='ocr_line' id='line_1_55' title="bbox 257 2255 1421 2318; baseline 0.003 -20"><span class='ocrx_word' id='word_1_322' title='bbox 257 2255 479 2300; x_wconf 79' lang='lat' dir='ltr'>SUBDOLA</span> <span class='ocrx_word' id='word_1_323' title='bbox 513 2256 712 2312; x_wconf 76' lang='lat' dir='ltr'>fmuosae,</span> <span class='ocrx_word' id='word_1_324' title='bbox 740 2274 922 2314; x_wconf 80' lang='lat' dir='ltr'>moneo,</span> <span class='ocrx_word' id='word_1_325' title='bbox 946 2258 1048 2318; x_wconf 82' lang='lat' dir='ltr'>fuge</span> <span class='ocrx_word' id='word_1_326' title='bbox 1079 2258 1184 2302; x_wconf 80' lang='lat' dir='ltr'>retia</span> <span class='ocrx_word' id='word_1_327' title='bbox 1215 2257 1421 2311; x_wconf 80' lang='lat' dir='ltr'>moeehae‚</span> 
     </span>
    </p>
   </div>
   <div class='ocr_carea' id='block_1_8' title="bbox 187 2387 867 2705">
    <p class='ocr_par' dir='ltr' id='par_1_10' title="bbox 187 2387 867 2544">
     <span class='ocr_line' id='line_1_56' title="bbox 238 2387 866 2439; baseline 0.006 -14"><span class='ocrx_word' id='word_1_328' title='bbox 238 2387 253 2401; x_wconf 74' lang='lat'>¹</span> <span class='ocrx_word' id='word_1_329' title='bbox 268 2392 381 2437; x_wconf 83' lang='lat' dir='ltr'>Hujus</span> <span class='ocrx_word' id='word_1_330' title='bbox 397 2394 656 2439; x_wconf 85' lang='lat' dir='ltr'>epigrammatis</span> <span class='ocrx_word' id='word_1_331' title='bbox 672 2395 776 2428; x_wconf 91' lang='lat' dir='ltr'>lectio</span> <span class='ocrx_word' id='word_1_332' title='bbox 793 2408 866 2429; x_wconf 81' lang='lat' dir='ltr'>non</span> 
     </span>
     <span class='ocr_line' id='line_1_57' title="bbox 187 2445 867 2494; baseline 0.006 -16"><span class='ocrx_word' id='word_1_333' title='bbox 187 2445 297 2479; x_wconf 81' lang='lat' dir='ltr'>variat</span> <span class='ocrx_word' id='word_1_334' title='bbox 322 2447 359 2479; x_wconf 87' lang='lat' dir='ltr'>in</span> <span class='ocrx_word' id='word_1_335' title='bbox 378 2447 590 2481; x_wconf 85' lang='lat' dir='ltr'>membranis</span> <span class='ocrx_word' id='word_1_336' title='bbox 609 2456 668 2481; x_wconf 84' lang='lat' dir='ltr'>aut</span> <span class='ocrx_word' id='word_1_337' title='bbox 691 2449 867 2494; x_wconf 81' lang='lat' dir='ltr'>exempla-</span> 
     </span>
     <span class='ocr_line' id='line_1_58' title="bbox 187 2499 486 2544; baseline 0.003 -13"><span class='ocrx_word' id='word_1_338' title='bbox 187 2499 285 2532; x_wconf 86' lang='lat' dir='ltr'>ribus</span> <span class='ocrx_word' id='word_1_339' title='bbox 300 2499 486 2544; x_wconf 84' lang='lat' dir='ltr'>impressis.</span> 
     </span>
    </p>

    <p class='ocr_par' dir='ltr' id='par_1_11' title="bbox 190 2552 866 2705">
     <span class='ocr_line' id='line_1_59' title="bbox 248 2552 864 2599; baseline 0.006 -15"><span class='ocrx_word' id='word_1_340' title='bbox 248 2564 277 2585; x_wconf 92' lang='lat'>1.</span> <span class='ocrx_word' id='word_1_341' title='bbox 301 2552 465 2593; x_wconf 75' lang='lat' dir='ltr'>Subdola,</span> <span class='ocrx_word' id='word_1_342' title='bbox 488 2561 553 2586; x_wconf 84' lang='lat' dir='ltr'>etc.</span> <span class='ocrx_word' id='word_1_343' title='bbox 575 2554 666 2587; x_wconf 87' lang='lat' dir='ltr'>Cave</span> <span class='ocrx_word' id='word_1_344' title='bbox 690 2567 794 2599; x_wconf 84' lang='lat' dir='ltr'>puer,</span> <span class='ocrx_word' id='word_1_345' title='bbox 821 2568 864 2588; x_wconf 88' lang='lat' dir='ltr'>ne</span> 
     </span>
     <span class='ocr_line' id='line_1_60' title="bbox 190 2603 866 2653; baseline 0.007 -16"><span class='ocrx_word' id='word_1_346' title='bbox 190 2603 464 2649; x_wconf 63' lang='lat' dir='ltr'>‹lemeliendaris</span> <span class='ocrx_word' id='word_1_347' title='bbox 479 2621 496 2640; x_wconf 84' lang='lat' dir='ltr'>a</span> <span class='ocrx_word' id='word_1_348' title='bbox 512 2608 637 2640; x_wconf 82' lang='lat' dir='ltr'>marito</span> <span class='ocrx_word' id='word_1_349' title='bbox 654 2617 818 2653; x_wconf 80' lang='lat' dir='ltr'>suspectae</span> <span class='ocrx_word' id='word_1_350' title='bbox 829 2622 866 2642; x_wconf 80' lang='lat' dir='ltr'>ac</span> 
     </span>
     <span class='ocr_line' id='line_1_61' title="bbox 193 2660 866 2705; baseline 0.01 -17"><span class='ocrx_word' id='word_1_351' title='bbox 193 2666 283 2691; x_wconf 68' lang='lat' dir='ltr'>notae</span> <span class='ocrx_word' id='word_1_352' title='bbox 309 2660 469 2698; x_wconf 79' lang='lat' dir='ltr'>moechae;</span> <span class='ocrx_word' id='word_1_353' title='bbox 491 2661 544 2693; x_wconf 61' lang='grc' dir='ltr'>καί</span> <span class='ocrx_word' id='word_1_354' title='bbox 571 2673 645 2704; x_wconf 69' lang='lat' dir='ltr'>quae</span> <span class='ocrx_word' id='word_1_355' title='bbox 678 2670 711 2694; x_wconf 79' lang='lat' dir='ltr'>te</span> <span class='ocrx_word' id='word_1_356' title='bbox 740 2661 866 2705; x_wconf 79' lang='lat' dir='ltr'>prodet</span> 
     </span>
    </p>
   </div>
   <div class='ocr_carea' id='block_1_9' title="bbox 926 2396 1610 2709">
    <p class='ocr_par' dir='ltr' id='par_1_12' title="bbox 926 2396 1610 2709">
     <span class='ocr_line' id='line_1_62' title="bbox 927 2396 1608 2442; baseline 0 -13"><span class='ocrx_word' id='word_1_357' title='bbox 927 2397 1052 2430; x_wconf 85' lang='lat' dir='ltr'>marito</span> <span class='ocrx_word' id='word_1_358' title='bbox 1079 2409 1155 2430; x_wconf 89' lang='lat' dir='ltr'>suo.</span> <span class='ocrx_word' id='word_1_359' title='bbox 1187 2397 1307 2442; x_wconf 83' lang='lat' dir='ltr'>Epigr.</span> <span class='ocrx_word' id='word_1_360' title='bbox 1338 2408 1420 2430; x_wconf 81' lang='lat' dir='ltr'>xle</span> <span class='ocrx_word' id='word_1_361' title='bbox 1446 2396 1528 2430; x_wconf 83' lang='lat' dir='ltr'>infr.</span> <span class='ocrx_word' id='word_1_362' title='bbox 1558 2419 1608 2424; x_wconf 89' lang='lat'>—</span> 
     </span>
     <span class='ocr_line' id='line_1_63' title="bbox 926 2448 1610 2495; baseline 0.003 -13"><span class='ocrx_word' id='word_1_363' title='bbox 926 2450 1055 2483; x_wconf 82' lang='lat' dir='ltr'>Moneo.</span> <span class='ocrx_word' id='word_1_364' title='bbox 1085 2450 1174 2483; x_wconf 86' lang='lat' dir='ltr'>Nam</span> <span class='ocrx_word' id='word_1_365' title='bbox 1208 2450 1235 2483; x_wconf 88' lang='lat' dir='ltr'>si</span> <span class='ocrx_word' id='word_1_366' title='bbox 1269 2459 1302 2484; x_wconf 87' lang='lat' dir='ltr'>te</span> <span class='ocrx_word' id='word_1_367' title='bbox 1335 2448 1610 2495; x_wconf 81' lang='lat' dir='ltr'>deprehenderit</span> 
     </span>
     <span class='ocr_line' id='line_1_64' title="bbox 926 2502 1607 2548; baseline 0 -12"><span class='ocrx_word' id='word_1_368' title='bbox 926 2503 1093 2544; x_wconf 83' lang='lat' dir='ltr'>maritus,</span> <span class='ocrx_word' id='word_1_369' title='bbox 1112 2515 1184 2536; x_wconf 87' lang='lat' dir='ltr'>non</span> <span class='ocrx_word' id='word_1_370' title='bbox 1204 2502 1410 2548; x_wconf 80' lang='lat' dir='ltr'>paedicabit3</span> <span class='ocrx_word' id='word_1_371' title='bbox 1432 2516 1495 2536; x_wconf 89' lang='lat' dir='ltr'>nec</span> <span class='ocrx_word' id='word_1_372' title='bbox 1512 2504 1607 2536; x_wconf 84' lang='lat' dir='ltr'>enim</span> 
     </span>
     <span class='ocr_line' id='line_1_65' title="bbox 926 2555 1607 2602; baseline 0.001 -13"><span class='ocrx_word' id='word_1_373' title='bbox 926 2555 1053 2601; x_wconf 84' lang='lat' dir='ltr'>gaudet</span> <span class='ocrx_word' id='word_1_374' title='bbox 1078 2556 1238 2598; x_wconf 81' lang='lat' dir='ltr'>natibus,</span> <span class='ocrx_word' id='word_1_375' title='bbox 1257 2557 1383 2602; x_wconf 88' lang='lat' dir='ltr'>quibus</span> <span class='ocrx_word' id='word_1_376' title='bbox 1403 2555 1552 2591; x_wconf 78' lang='lat' dir='ltr'>confidis</span> <span class='ocrx_word' id='word_1_377' title='bbox 1575 2558 1607 2590; x_wconf 85' lang='lat' dir='ltr'>ei</span> 
     </span>
     <span class='ocr_line' id='line_1_66' title="bbox 927 2610 1609 2654; baseline 0.003 -12"><span class='ocrx_word' id='word_1_378' title='bbox 927 2618 961 2642; x_wconf 77' lang='lat' dir='ltr'>te</span> <span class='ocrx_word' id='word_1_379' title='bbox 980 2622 1098 2654; x_wconf 70' lang='lat' dir='ltr'>poenas</span> <span class='ocrx_word' id='word_1_380' title='bbox 1117 2610 1315 2644; x_wconf 84' lang='lat' dir='ltr'>soluturum</span> <span class='ocrx_word' id='word_1_381' title='bbox 1328 2636 1337 2652; x_wconf 93' lang='lat'><strong>,</strong></span> <span class='ocrx_word' id='word_1_382' title='bbox 1358 2619 1391 2644; x_wconf 87' lang='lat' dir='ltr'>te</span> <span class='ocrx_word' id='word_1_383' title='bbox 1410 2611 1503 2644; x_wconf 85' lang='lat' dir='ltr'>enim</span> <span class='ocrx_word' id='word_1_384' title='bbox 1521 2611 1609 2644; x_wconf 86' lang='lat' dir='ltr'>irru-</span> 
     </span>
     <span class='ocr_line' id='line_1_67' title="bbox 926 2662 1474 2709; baseline 0.002 -14"><span class='ocrx_word' id='word_1_385' title='bbox 926 2664 1045 2696; x_wconf 77' lang='lat' dir='ltr'>mabit.</span> <span class='ocrx_word' id='word_1_386' title='bbox 1074 2662 1153 2696; x_wconf 60' lang='lat' dir='ltr'>Vid.</span> <span class='ocrx_word' id='word_1_387' title='bbox 1179 2665 1285 2709; x_wconf 78' lang='lat' dir='ltr'>epigr.</span> <span class='ocrx_word' id='word_1_388' title='bbox 1308 2677 1350 2697; x_wconf 59' lang='grc'>1,),</span> <span class='ocrx_word' id='word_1_389' title='bbox 1375 2664 1474 2697; x_wconf 81' lang='lat' dir='ltr'>infra.</span> 
     </span>
    </p>
   </div>
  </div>
 </body>
</html>
