2061 3288
438 218 1019 264 EPIGRAMMATUM
1059 217 1182 259 LIB.
1223 216 1286 257 II.

1472 232 1567 276 207

778 373 944 430 XLI.

1092 510 1110 527 4

618 533 671 561 IN
712 531 1060 562 MAXIMINAM.

365 668 485 709 Rima
501 700 512 718 ,
545 667 578 709 si
609 667 722 726 sapis
738 702 748 720 ‚
778 683 804 709 o
829 664 970 726 puella
987 700 998 719 ,
1025 663 1144 719 ride,

361 736 586 797 Pelignus,
615 746 747 797 puto,
773 736 940 780 dixerat
962 737 1095 779 Poeta
1117 752 1125 778 ε

359 807 443 851 Sed
473 824 562 851 non
592 807 761 851 dixerat
790 807 993 851 omnibus
1023 804 1189 867 puellis.

365 880 531 922 Verum
559 888 606 922 ut
632 878 789 923 dixerit
816 878 1019 923 omnibus
1050 876 1229 939 puellis,

365 951 465 994 Non
495 950 604 994 dixit
632 950 736 1005 tibi3
766 959 814 994 tu
842 948 985 1011 puella
1012 965 1101 993 non
1132 965 1177 992 es
1201 966 1208 991 :

363 1022 419 1064 Et
441 1031 528 1064 tres
552 1031 653 1064 sunt
678 1022 754 1065 tibi
771 1057 782 1077 ,
807 1021 1071 1076 Maximina,
1095 1019 1271 1072 dentes,

363 1091 447 1135 Sed
470 1091 598 1152 plane
621 1093 841 1153 piceique,
862 1092 1090 1152 buxeique.

366 1163 516 1219 Quare
543 1163 575 1206 si
600 1162 777 1224 speculo
801 1163 993 1223 mihique
1019 1161 1160 1206 credis
1176 1197 1188 1217 ‚

364 1233 511 1277 Debes
537 1250 626 1277 non
652 1233 777 1277 aliter
801 1235 954 1278 timere
978 1233 1113 1277 risum
1129 1269 1140 1287 ‚

363 1305 509 1361 Quam
537 1314 718 1348 ventum
746 1306 932 1366 Spanius
949 1340 960 1360 ‚
986 1320 1253 1364 manumque
1282 1304 1481 1347 Priscus:

206 1439 463 1475 *Maximinam
490 1442 643 1476 vetulam
673 1451 707 1476 et
731 1454 831 1489 paene

156 1494 359 1528 edentulam
388 1504 511 1528 monet
537 1504 582 1529 ne
607 1496 643 1528 in
670 1496 760 1530 risus
784 1497 832 1530 ita

153 1549 318 1590 solvatur,
336 1556 376 1581 ut
389 1548 458 1582 oris
472 1547 728 1582 deformitatem
746 1562 829 1595 pro-

154 1600 239 1634 dat:
264 1600 324 1634 sed
352 1603 470 1647 potius
498 1602 596 1635 seriis
627 1611 661 1635 et
697 1603 833 1636 luctuo-

153 1655 198 1688 sis
211 1655 314 1687 rebus
328 1655 465 1688 intersit
479 1681 488 1696 ‚
508 1668 552 1688 ne
568 1655 657 1689 risus
673 1655 832 1700 quaedam

154 1707 362 1742 interveniat
379 1708 526 1742 occasio.

212 1775 225 1795 1
236 1787 243 1793 .
256 1761 336 1794 Ride
350 1789 358 1801 ,
373 1764 401 1794 sl
419 1763 514 1806 sapis.
535 1760 633 1794 Ordo
653 1770 704 1795 est
721 1774 729 1796 ε
745 1762 834 1795 Peli-

153 1827 242 1859 gnus
254 1823 347 1847 vates
365 1812 535 1853 (Ovidius
548 1814 717 1847 nimirum
731 1823 833 1848 natus

155 1867 321 1900 Sulmone
332 1889 341 1906 ‚
354 1880 430 1913 quae
447 1876 497 1900 est
512 1868 595 1900 urbs
608 1868 834 1913 Pelignorum

156 1920 191 1953 in
208 1919 351 1962 Italia),
366 1920 516 1961 dixerat,
530 1921 659 1965 opinor
669 1947 677 1962 ‚
688 1921 835 1963 alicubi,

155 1982 189 2006 et
207 1983 391 2007 monuerat
407 1974 555 2019 puellas,
574 1983 633 2015 ut,
655 1975 682 2008 si
697 1975 835 2020 placere

157 2027 286 2060 vellent
301 2053 310 2070 ‚
334 2027 493 2060 modesto
511 2039 546 2061 se
568 2027 642 2060 risu
657 2040 834 2062 commen-

156 2078 281 2113 darent
298 2106 307 2121 ,
329 2081 460 2113 vultum
478 2080 627 2113 hilarem
643 2093 714 2126 prae
734 2093 770 2115 se
788 2081 836 2114 fe-

156 2141 290 2174 rentes;
305 2134 394 2167 risus
409 2134 502 2167 enim
517 2135 734 2178 juventutem
749 2134 834 2168 den-

157 2193 261 2219 tatam
280 2186 428 2219 maxime
447 2185 557 2220 decet.

214 2252 245 2272 2.
265 2239 415 2283 Pelignus
432 2247 539 2284 poeta.
562 2239 724 2274 Ovidius.
742 2240 834 2274 Peli-

157 2292 215 2336 gni
240 2292 366 2336 populi
397 2292 504 2325 Italiae
524 2317 533 2332 ,
566 2292 672 2326 hodie
707 2294 835 2335 Vulva,

158 2344 277 2377 Ovidii
294 2345 415 2390 patria.
437 2345 612 2378 Domitius
630 2354 728 2391 putat
745 2347 837 2380 Mar-

157 2397 273 2432 tialem
295 2398 449 2431 alludere
471 2398 514 2431 ad
528 2398 696 2443 quosdam
716 2412 835 2433 versus

157 2449 201 2484 de
232 2453 315 2484 Arte
349 2450 522 2494 Aruaudi,
550 2452 663 2497 qualis
692 2461 742 2485 est
770 2454 834 2486 iste

156 2503 216 2537 lib.
238 2504 290 2537 III
312 2517 319 2536 :
347 2522 359 2534 «
377 2505 601 2550 Spectantem
621 2515 736 2550 specta
756 2517 764 2538 :
786 2506 835 2539 ri·

157 2555 253 2591 denti
270 2558 387 2590 mollia
402 2557 512 2592 ride.»
529 2558 596 2591 Alii
615 2567 739 2603 putant
750 2559 836 2592 Ovi-

159 2608 208 2642 dii
227 2622 368 2655 versum
391 2623 464 2645 esse
492 2612 664 2657 integrum
688 2612 837 2657 petitum

159 2673 199 2695 ex
222 2662 357 2698 Medea.
378 2676 386 2698 :
412 2665 564 2710 Angelus
593 2678 675 2698 vero
694 2665 837 2700 Politia-

890 1455 958 1475 nus
989 1455 1060 1476 esse
1092 1455 1133 1475 ex
1161 1441 1470 1488 epigrammatibus
1487 1441 1572 1475 Ovi-

890 1495 960 1537 dii,
983 1509 1054 1528 non
1079 1508 1119 1529 ex
1139 1494 1284 1535 Medea;
1303 1507 1385 1528 llam
1404 1507 1573 1540 quorsum

890 1549 1118 1582 phaleucium
1129 1548 1162 1581 in
1175 1547 1342 1594 tragoedia
1356 1557 1415 1582 aut
1426 1547 1574 1582 Medea?

891 1603 947 1634 Ab
974 1602 1108 1648 Angelo
1131 1602 1306 1635 Politiano
1335 1610 1424 1635 stare
1447 1602 1571 1648 placet.

891 1655 973 1690 Haee
992 1668 1031 1689 ex
1055 1654 1208 1688 Radero.

947 1709 981 1743 3.
1017 1709 1083 1743 Sed
1108 1722 1169 1741 non
1194 1708 1330 1742 dixerat.
1365 1708 1452 1749 Quae
1479 1709 1573 1742 enini

892 1762 1009 1807 nigros
1025 1760 1146 1795 dentes
1159 1762 1308 1802 habent,
1324 1770 1382 1795 aut
1398 1760 1573 1795 edentulae

892 1824 990 1851 sunt,
1015 1814 1130 1848 ridere
1152 1828 1220 1847 non
1243 1814 1386 1848 debent.

949 1872 982 1908 4.
1009 1869 1127 1901 Verum
1145 1876 1180 1900 ut
1193 1868 1311 1900 dixerit
1328 1868 1364 1900 in
1385 1867 1465 1901 edd.
1485 1877 1574 1902 vett.

896 1922 1047 1966 Quamvis
1076 1921 1193 1954 dixerit
1219 1920 1298 1954 Ald.
1328 1922 1426 1954 Junt.
1456 1921 1570 1954 Colin.

893 1974 1032 2019 Gryph.
1055 1974 1197 2007 Junian.
1216 1974 1398 2007 Pulmann.
1417 1982 1483 2008 etc.

948 2040 981 2072 7.
1011 2028 1085 2061 Sed.
1115 2029 1167 2060 De
1198 2027 1263 2060 hac
1294 2027 1465 2072 particula
1493 2026 1573 2060 vide

893 2093 972 2127 quae
993 2080 1239 2114 adnotavimus
1262 2079 1306 2113 ad
1326 2093 1361 2113 v.
1389 2093 1408 2125 7
1426 2106 1435 2120 ,
1460 2080 1572 2126 epigr,

892 2146 1031 2175 cxx-111,
1055 2134 1117 2167 lib.
1143 2134 1171 2167 I.
1198 2150 1250 2155 ——
1276 2134 1378 2166 Picei.
1411 2133 1510 2179 Nigri
1539 2143 1573 2167 et

894 2186 1094 2233 subpallidi.
1117 2203 1169 2208 --
1188 2187 1304 2221 Buxei.
1325 2186 1445 2228 Flavi,
1467 2187 1573 2220 buxei

892 2240 1031 2275 coloris.

952 2306 1006 2328 10.
1028 2294 1132 2338 Quam
1153 2301 1280 2325 ventum
1303 2293 1425 2325 Parnm
1444 2293 1572 2326 Bever-

893 2346 989 2381 laudi
1015 2348 1092 2380 MS.
1124 2347 1245 2387 Quum
1272 2358 1290 2378 e
1319 2345 1438 2379 codice
1461 2347 1571 2380 Vien-

893 2401 991 2433 nensi
1008 2401 1131 2433 afferat
1150 2399 1326 2432 Gruterus
1342 2424 1350 2439 ,
1369 2399 1475 2442 Quam
1494 2413 1571 2433 ven-

895 2462 957 2486 tum
980 2467 1100 2486 ‘vacuus
1120 2465 1186 2498 pro
1205 2451 1369 2485 edentulo
1381 2476 1391 2491 ‚
1415 2461 1449 2486 et
1469 2454 1572 2498 Ιίμμιω·

894 2519 960 2552 pro
990 2507 1140 2547 Priscus,
1172 2506 1210 2539 P.
1241 2505 1433 2539 Scriverius
1454 2507 1572 2550 legen-

896 2559 979 2592 dum
1000 2559 1196 2605 suspicatur
1213 2559 1259 2592 ita
1278 2571 1415 2591 versum
1436 2574 1442 2591 :
1468 2560 1573 2603 Quam

896 2621 1021 2645 wentam
1033 2607 1249 2656 Q·(1l1'l15<sive
1266 2615 1352 2645 vatia
1363 2610 1375 2652 )
1388 2639 1396 2653 ‚
1414 2626 1573 2645 mmmmm*

897 2667 1030 2711 lippus;
1059 2667 1119 2712 qui
1147 2678 1236 2710 aegre
1269 2665 1401 2699 incedit
1429 2676 1574 2711 propter
