2061 3288
581 199 642 241 M.
670 199 812 241 VAL.
852 196 1256 240 MARTIALIS.
1476 209 1626 236 Lxxiii

197 286 260 330 M.
275 286 371 330 Val.
393 285 605 329 Martialis
625 287 940 346 epigrammata
960 283 1014 328 ab
1035 283 1154 327 omni
1175 298 1321 325 rerum
1340 281 1628 325 obscoenitate

195 357 436 411 vindicata,
461 373 593 418 opera
620 356 843 400 Edmundi
869 355 1045 417 Angerii
1071 347 1305 411 <Jcsuitae).

279 427 420 473 1568.
443 430 770 482 Platclc'm'amc,
796 428 942 471 nescio
961 443 1015 469 an
1037 425 1190 469 cadem
1212 440 1312 467 cum
1335 424 1470 484 priori
1494 424 1623 466 Antv.

199 498 241 544 8.
274 499 334 542 M.
352 498 447 543 Val.
481 499 693 543 Martialis
727 500 1076 560 epigrammaton
1105 496 1203 539 libri
1243 510 1311 538 xil
1332 530 1343 550 ,
1380 495 1627 538 Xeniorum

195 568 267 613 lib.
301 586 340 623 1,
372 570 760 631 Apophoretorum
788 569 858 613 lib.
890 586 932 623 1,
963 585 1030 629 ap.
1059 567 1244 611 Plaiitin.
1267 567 1334 609 Ex
1353 564 1493 609 Catal.
1517 564 1624 608 Bibl.

195 641 238 684 S.
265 642 301 684 J.
332 643 499 685 Lovan.

275 711 414 774 1570.
442 713 670 774 Dz'lc'asgoe,
708 713 750 757 8.

276 781 419 845 1579.
450 785 752 828 Plantitzz'amz
785 799 861 827 111.
901 786 1032 827 AntV.
1073 798 1144 826 12.
1171 798 1223 824 ex
1249 779 1502 824 recensione
1524 779 1628 823 Adr.

195 854 340 909 junii,
371 871 423 898 ex
460 854 576 899 offic.
614 854 797 899 Plantin.
826 871 957 915 quam
989 853 1089 898 edit.
1117 853 1216 896 dein
1245 854 1332 896 Jos.
1365 852 1559 912 Langius
1587 851 1629 893 in

195 924 338 969 indice
372 926 679 987 componendo
714 935 888 970 secutus
917 935 994 969 est.
1028 923 1199 968 Collata
1226 938 1401 984 quoque
1428 939 1527 965 cum
1559 923 1628 965 in-

196 996 305 1056 signi
329 998 422 1041 MS.
455 1007 496 1041 et
524 1014 624 1041 eum
652 997 807 1041 Aldina
836 1013 874 1051 1,
901 996 982 1040 fuit
1004 997 1046 1039 in
1072 994 1469 1039 Bibl.Fal›1-iciana.

276 1084 289 1110 1
306 1065 417 1123 584.
445 1069 713 1130 Gryplliancc
740 1084 811 1124 vi,
846 1084 918 1112 12.
948 1085 1048 1111 eum
1074 1065 1248 1111 scholiis
1280 1066 1502 1108 variorum
1519 1099 1529 1118 ,
1571 1064 1629 1106 in-

194 1138 346 1198 primis
371 1139 504 1183 IIadr.
532 1140 663 1183 Junii.
696 1139 838 1201 Lugd.
870 1155 937 1200 ap.
970 1140 1132 1182 Anton.
1162 1136 1427 1198 Gryphium.

275 1208 417 1265 1584.
453 1213 605 1254 Paris.
647 1226 754 1265 vul,
787 1209 1003 1265 Marcilii,
1044 1210 1085 1254 8.
1119 1226 1219 1253 eum
1245 1206 1412 1251 Theod.
1440 1204 1628 1250 Marcilii

194 1280 335 1334 notis,
367 1297 474 1341 quas
504 1291 649 1325 autem
682 1291 807 1324 notas
841 1281 1094 1342 perstringit
1125 1278 1321 1340 Scaliger
1346 1278 1483 1338 Epist.
1510 1293 1627 1320 Lxui

194 1359 237 1394 et
259 1366 386 1395 LXVI.
410 1351 553 1407 Idem,
577 1361 757 1396 notante
783 1353 879 1396 Nic.
906 1352 1096 1395 Antonio
1118 1349 1224 1394 Bibl.
1257 1351 1378 1410 Hisp.
1401 1347 1627 1392 Marcilius

194 1431 288 1477 est,
320 1423 392 1482 qui
423 1423 503 1466 sub
540 1422 712 1466 Claudii
745 1422 1037 1466 Musamberti
1075 1422 1253 1465 nomine
1286 1420 1623 1464 commonitoria

193 1491 250 1535 ad
272 1494 500 1538 Ramiresii
526 1504 716 1554 quatuor
740 1493 873 1538 libros
900 1494 1294 1555 hypomnematum
1316 1492 1360 1535 in
1377 1490 1625 1533 Martialem

193 1562 349 1618 edidit,
377 1582 473 1625 quoe
499 1564 705 1609 viderunt
725 1564 866 1610 lucem
893 1566 1027 1608 Paris.
1069 1563 1219 1626 1607,
1247 1563 1288 1608 8.
1322 1562 1406 1606 Sed
1431 1562 1627 1605 Musam·

194 1634 344 1679 bertus
377 1637 454 1679 iste
478 1636 685 1696 juvenem
723 1654 815 1681 esse
842 1653 886 1680 se
916 1637 1085 1691 innuit,
1113 1633 1340 1678 Marcilius
1362 1642 1507 1676 autem
1535 1633 1624 1693 jam

193 1705 280 1750 hoe
305 1722 373 1749 an.
409 1723 422 1750 1
439 1705 536 1762 584
568 1709 906 1751 commentarios
935 1708 978 1750 in
1004 1705 1254 1750 Martialem
1276 1703 1502 1749 ediderat?

276 1775 417 1839 1587.
458 1779 762 1823 Plaszll'tziamc
799 1795 866 1834 lv,
900 1780 1030 1822 Antv.
1064 1781 1106 1832 4.
1142 1774 1158 1835 (ζ
1173 1795 1203 1821 s.
1238 1777 1379 1838 prima
1411 1769 1624 1836 repetita)

195 1863 329 1907 opera
356 1848 483 1892 Edm.
513 1850 704 1910 Angerii.

273 1917 416 1964 1588.
443 1921 595 1965 Colon.
621 1920 661 1965 8.
687 1921 749 1964 M.
768 1922 822 1964 V.
849 1919 1064 1964 Martialis
1085 1920 1402 1981 epigrammata
1430 1917 1483 1960 ab
1507 1916 1628 1960 omni

195 1989 481 2035 obscoenitate
501 1991 721 2035 vindicata
744 2008 823 2052 per
848 1990 982 2035 Andr.
1007 1992 1206 2034 Frusium
1227 2007 1234 2033 1
1255 2007 1307 2033 ex
1328 1987 1466 2033 Catal.
1494 1987 1624 2031 Zech.

196 2076 237 2120 p.
271 2060 350 2105 (jo.

275 2129 418 2192 1593.
464 2134 766 2178 Plantinicmcz
806 2150 864 2189 v,
916 2132 985 2177 16.
1019 2135 1080 2177 M.
1106 2132 1204 2176 Val.
1240 2129 1455 2174 Martialis
1490 2131 1625 2190 epigr.

195 2199 297 2244 libb.
328 2218 418 2257 xil,
450 2205 694 2248 Xeniorum
724 2205 833 2248 liber
875 2221 889 2246 1
907 2241 918 2260 ,
945 2214 988 2248 et
1016 2204 1404 2265 Apophoretorum
1432 2200 1541 2244 liber
1588 2216 1626 2244 1.

196 2272 338 2333 Lugd.
363 2275 454 2317 Bat.
475 2291 527 2317 ex
548 2275 623 2318 off.
646 2275 784 2319 Plant.
808 2292 859 2318 ex
880 2277 973 2320 Cat.
996 2274 1103 2319 Bibl.
1131 2274 1341 2333 Ludewig
1362 2274 1418 2315 11Ο
1447 2288 1461 2315 1
1478 2271 1626 2326 2842.

255 2436 284 2457 1.
303 2424 407 2457 Voici
428 2426 459 2458 le
479 2426 550 2458 vrai
576 2426 656 2458 titre
680 2425 724 2458 (le
746 2438 798 2459 ses
819 2434 920 2458 notes
940 2439 998 2459 sur
1018 2426 1157 2459 Martial
1175 2438 1182 2458 :
1205 2426 1255 2459 M.
1276 2426 1320 2457 V.
1347 2424 1519 2458 Martialis
1552 2424 1628 2469 epi·

196 2486 385 2522 grammata
422 2479 456 2511 in
497 2479 640 2511 Caesaris
671 2479 981 2524 Amphitheatrum
1011 2487 1045 2511 et
1077 2479 1302 2519 venationes,
1328 2478 1448 2511 multis
1479 2478 1515 2510 in
1543 2477 1629 2510 locis

195 2529 402 2571 emendata,
427 2532 666 2577 illustrataque
696 2531 1003 2572 adnotationibus,
1029 2531 1064 2564 111
1091 2532 1221 2577 quibus
1249 2532 1416 2577 pleraque
1442 2531 1561 2564 onmia
1585 2531 1628 2563 ad

194 2584 400 2617 venationes
416 2585 667 2630 amphitheatri
688 2585 896 2630 pertinentia
911 2584 1133 2619 declarantur
1149 2597 1157 2618 ε
1173 2594 1315 2619 auctore
1330 2583 1525 2618 Theodoro
1536 2584 1628 2616 Mar-

195 2636 288 2669 cilio.
306 2638 473 2674 Luteiiae,
495 2638 586 2683 apud
614 2637 728 2683 ,Egitt
746 2639 932 2685 15θὲ5111111,
956 2640 1048 2678 1584
1064 2664 1072 2679 ‚
1092 2633 1198 2671 iii-8⁰.
