<?xml version="1.0" encoding="UTF-8"?>
<!DOCTYPE html PUBLIC "-//W3C//DTD XHTML 1.0 Transitional//EN"
    "http://www.w3.org/TR/xhtml1/DTD/xhtml1-transitional.dtd">
<html xmlns="http://www.w3.org/1999/xhtml" xml:lang="en" lang="en">
 <head>
  <title>
</title>
<meta http-equiv="Content-Type" content="text/html;charset=utf-8" />
  <meta name='ocr-system' content='tesseract 3.04.00' />
  <meta name='ocr-capabilities' content='ocr_page ocr_carea ocr_par ocr_line ocrx_word'/>
</head>
<body>
  <div class='ocr_page' id='page_1' title='image "./epigrammata01martuoft_0491.png"; bbox 0 0 2061 3288; ppageno 0'>
   <div class='ocr_carea' id='block_1_1' title="bbox 455 168 1607 217">
    <p class='ocr_par' dir='ltr' id='par_1_1' title="bbox 455 168 1607 217">
     <span class='ocr_line' id='line_1_1' title="bbox 455 168 1607 217; baseline -0.002 -1"><span class='ocrx_word' id='word_1_1' title='bbox 455 173 1039 217; x_wconf 79' lang='lat' dir='ltr'><strong>EPIGRAMMATUM</strong></span> <span class='ocrx_word' id='word_1_2' title='bbox 1078 173 1201 216; x_wconf 87' lang='lat' dir='ltr'><strong>LIB.</strong></span> <span class='ocrx_word' id='word_1_3' title='bbox 1242 173 1341 216; x_wconf 89' lang='lat' dir='ltr'>III.</span> <span class='ocrx_word' id='word_1_4' title='bbox 1510 168 1607 215; x_wconf 82' lang='lat'>325</span> 
     </span>
    </p>
   </div>
   <div class='ocr_carea' id='block_1_2' title="bbox 802 332 996 388">
    <p class='ocr_par' dir='ltr' id='par_1_2' title="bbox 802 332 996 388">
     <span class='ocr_line' id='line_1_2' title="bbox 802 332 996 388; baseline 0 -2"><span class='ocrx_word' id='word_1_5' title='bbox 802 332 996 388; x_wconf 88' lang='lat' dir='ltr'><strong>LXII.</strong></span> 
     </span>
    </p>
   </div>
   <div class='ocr_carea' id='block_1_3' title="bbox 702 470 1092 527">
    <p class='ocr_par' dir='ltr' id='par_1_3' title="bbox 702 470 1092 527">
     <span class='ocr_line' id='line_1_3' title="bbox 702 470 1092 527; baseline -0.003 -9"><span class='ocrx_word' id='word_1_6' title='bbox 702 491 754 519; x_wconf 65' lang='lat' dir='ltr'>iu</span> <span class='ocrx_word' id='word_1_7' title='bbox 795 470 1092 527; x_wconf 47' lang='grc' dir='ltr'>ρυηἻΤΙΙΜῖι</span> 
     </span>
    </p>
   </div>
   <div class='ocr_carea' id='block_1_4' title="bbox 255 617 1527 1034">
    <p class='ocr_par' dir='ltr' id='par_1_4' title="bbox 259 617 1424 751">
     <span class='ocr_line' id='line_1_4' title="bbox 259 617 1424 679; baseline 0 -18"><span class='ocrx_word' id='word_1_8' title='bbox 259 618 493 662; x_wconf 74' lang='lat' dir='ltr'><strong>CENTEMS</strong></span> <span class='ocrx_word' id='word_1_9' title='bbox 523 618 641 679; x_wconf 88' lang='lat' dir='ltr'>quod</span> <span class='ocrx_word' id='word_1_10' title='bbox 666 619 772 662; x_wconf 84' lang='lat' dir='ltr'>emis</span> <span class='ocrx_word' id='word_1_11' title='bbox 798 634 978 679; x_wconf 86' lang='lat' dir='ltr'>pueros,</span> <span class='ocrx_word' id='word_1_12' title='bbox 1004 627 1048 662; x_wconf 83' lang='lat' dir='ltr'>et</span> <span class='ocrx_word' id='word_1_13' title='bbox 1072 633 1184 679; x_wconf 85' lang='lat' dir='ltr'>saepe</span> <span class='ocrx_word' id='word_1_14' title='bbox 1215 617 1394 662; x_wconf 81' lang='lat' dir='ltr'>ducenis</span> <span class='ocrx_word' id='word_1_15' title='bbox 1417 635 1424 661; x_wconf 92' lang='lat'>:</span> 
     </span>
     <span class='ocr_line' id='line_1_5' title="bbox 330 687 1360 751; baseline 0 -19"><span class='ocrx_word' id='word_1_16' title='bbox 330 688 463 745; x_wconf 84' lang='lat' dir='ltr'>Quod</span> <span class='ocrx_word' id='word_1_17' title='bbox 486 689 565 733; x_wconf 90' lang='lat' dir='ltr'>sub</span> <span class='ocrx_word' id='word_1_18' title='bbox 592 706 693 751; x_wconf 83' lang='lat' dir='ltr'>rege</span> <span class='ocrx_word' id='word_1_19' title='bbox 716 690 863 734; x_wconf 85' lang='lat' dir='ltr'>Numa</span> <span class='ocrx_word' id='word_1_20' title='bbox 888 687 1064 733; x_wconf 84' lang='lat' dir='ltr'>condita</span> <span class='ocrx_word' id='word_1_21' title='bbox 1089 690 1190 732; x_wconf 81' lang='lat' dir='ltr'>vina</span> <span class='ocrx_word' id='word_1_22' title='bbox 1215 688 1326 733; x_wconf 85' lang='lat' dir='ltr'>bibis</span> <span class='ocrx_word' id='word_1_23' title='bbox 1352 706 1360 732; x_wconf 92' lang='lat'>:</span> 
     </span>
    </p>

    <p class='ocr_par' dir='ltr' id='par_1_5' title="bbox 259 758 1443 892">
     <span class='ocr_line' id='line_1_6' title="bbox 259 758 1443 820; baseline 0.002 -19"><span class='ocrx_word' id='word_1_24' title='bbox 259 759 391 816; x_wconf 84' lang='lat' dir='ltr'>Quod</span> <span class='ocrx_word' id='word_1_25' title='bbox 421 770 591 804; x_wconf 81' lang='lat' dir='ltr'>constat</span> <span class='ocrx_word' id='word_1_26' title='bbox 613 760 754 805; x_wconf 84' lang='lat' dir='ltr'>decies</span> <span class='ocrx_word' id='word_1_27' title='bbox 785 760 862 804; x_wconf 85' lang='lat' dir='ltr'>tibi</span> <span class='ocrx_word' id='word_1_28' title='bbox 892 776 981 804; x_wconf 88' lang='lat' dir='ltr'>non</span> <span class='ocrx_word' id='word_1_29' title='bbox 1007 760 1195 820; x_wconf 82' lang='lat' dir='ltr'>spatiosa</span> <span class='ocrx_word' id='word_1_30' title='bbox 1221 758 1413 820; x_wconf 80' lang='lat' dir='ltr'>supellex</span> <span class='ocrx_word' id='word_1_31' title='bbox 1436 776 1443 802; x_wconf 93' lang='lat'>:</span> 
     </span>
     <span class='ocr_line' id='line_1_7' title="bbox 328 830 1343 892; baseline 0.001 -19"><span class='ocrx_word' id='word_1_32' title='bbox 328 830 460 874; x_wconf 83' lang='lat' dir='ltr'>Libra</span> <span class='ocrx_word' id='word_1_33' title='bbox 482 830 599 892; x_wconf 87' lang='lat' dir='ltr'>quod</span> <span class='ocrx_word' id='word_1_34' title='bbox 624 831 792 892; x_wconf 81' lang='lat' dir='ltr'>argenti</span> <span class='ocrx_word' id='word_1_35' title='bbox 818 830 950 874; x_wconf 82' lang='lat' dir='ltr'>millia</span> <span class='ocrx_word' id='word_1_36' title='bbox 975 831 1166 891; x_wconf 86' lang='lat' dir='ltr'>quinque</span> <span class='ocrx_word' id='word_1_37' title='bbox 1192 832 1308 891; x_wconf 84' lang='lat' dir='ltr'>rapit</span> <span class='ocrx_word' id='word_1_38' title='bbox 1334 847 1343 873; x_wconf 74' lang='grc' dir='ltr'><strong><em>ε</em></strong></span> 
     </span>
    </p>

    <p class='ocr_par' dir='ltr' id='par_1_6' title="bbox 255 901 1527 1034">
     <span class='ocr_line' id='line_1_8' title="bbox 255 901 1316 962; baseline 0.001 -19"><span class='ocrx_word' id='word_1_39' title='bbox 255 901 400 944; x_wconf 84' lang='lat' dir='ltr'>Aurea</span> <span class='ocrx_word' id='word_1_40' title='bbox 424 901 542 962; x_wconf 86' lang='lat' dir='ltr'>quod</span> <span class='ocrx_word' id='word_1_41' title='bbox 575 901 697 945; x_wconf 84' lang='lat' dir='ltr'>fundi</span> <span class='ocrx_word' id='word_1_42' title='bbox 726 902 865 962; x_wconf 86' lang='lat' dir='ltr'>pretio</span> <span class='ocrx_word' id='word_1_43' title='bbox 896 917 1076 946; x_wconf 85' lang='lat' dir='ltr'>carruca</span> <span class='ocrx_word' id='word_1_44' title='bbox 1107 911 1316 962; x_wconf 82' lang='lat' dir='ltr'>paratur:</span> 
     </span>
     <span class='ocr_line' id='line_1_9' title="bbox 328 970 1527 1034; baseline -0.002 -19"><span class='ocrx_word' id='word_1_45' title='bbox 328 972 461 1029; x_wconf 85' lang='lat' dir='ltr'>Quod</span> <span class='ocrx_word' id='word_1_46' title='bbox 486 972 620 1034; x_wconf 89' lang='lat' dir='ltr'>pluris</span> <span class='ocrx_word' id='word_1_47' title='bbox 646 972 763 1016; x_wconf 84' lang='lat' dir='ltr'>mula</span> <span class='ocrx_word' id='word_1_48' title='bbox 789 982 875 1029; x_wconf 80' lang='lat' dir='ltr'>est,</span> <span class='ocrx_word' id='word_1_49' title='bbox 899 989 1028 1033; x_wconf 85' lang='lat' dir='ltr'>quam</span> <span class='ocrx_word' id='word_1_50' title='bbox 1061 971 1216 1016; x_wconf 89' lang='lat' dir='ltr'>domus</span> <span class='ocrx_word' id='word_1_51' title='bbox 1245 981 1390 1032; x_wconf 85' lang='lat' dir='ltr'>empta</span> <span class='ocrx_word' id='word_1_52' title='bbox 1419 970 1495 1014; x_wconf 87' lang='lat' dir='ltr'>tibi</span> <span class='ocrx_word' id='word_1_53' title='bbox 1518 987 1527 1013; x_wconf 90' lang='lat'>:</span> 
     </span>
    </p>
   </div>
   <div class='ocr_carea' id='block_1_5' title="bbox 182 1118 861 2648">
    <p class='ocr_par' dir='ltr' id='par_1_7' title="bbox 182 1118 861 1847">
     <span class='ocr_line' id='line_1_10' title="bbox 239 1118 861 1171; baseline 0.002 -14"><span class='ocrx_word' id='word_1_54' title='bbox 239 1118 253 1133; x_wconf 63' lang='lat'>&#39;</span> <span class='ocrx_word' id='word_1_55' title='bbox 281 1124 343 1158; x_wconf 89' lang='lat' dir='ltr'>Est</span> <span class='ocrx_word' id='word_1_56' title='bbox 375 1125 588 1171; x_wconf 82' lang='lat' dir='ltr'>epigramma</span> <span class='ocrx_word' id='word_1_57' title='bbox 621 1126 657 1158; x_wconf 87' lang='lat' dir='ltr'>in</span> <span class='ocrx_word' id='word_1_58' title='bbox 689 1125 861 1167; x_wconf 82' lang='lat' dir='ltr'>Quintum</span> 
     </span>
     <span class='ocr_line' id='line_1_11' title="bbox 185 1176 860 1224; baseline 0.003 -15"><span class='ocrx_word' id='word_1_59' title='bbox 185 1176 371 1222; x_wconf 79' lang='lat' dir='ltr'>quemdam</span> <span class='ocrx_word' id='word_1_60' title='bbox 391 1203 401 1220; x_wconf 89' lang='lat'>‚</span> <span class='ocrx_word' id='word_1_61' title='bbox 436 1179 496 1224; x_wconf 86' lang='lat' dir='ltr'>qui</span> <span class='ocrx_word' id='word_1_62' title='bbox 528 1191 623 1212; x_wconf 87' lang='lat' dir='ltr'>suam</span> <span class='ocrx_word' id='word_1_63' title='bbox 652 1178 792 1212; x_wconf 83' lang='lat' dir='ltr'>laudem</span> <span class='ocrx_word' id='word_1_64' title='bbox 826 1187 860 1212; x_wconf 87' lang='lat' dir='ltr'>et</span> 
     </span>
     <span class='ocr_line' id='line_1_12' title="bbox 185 1230 860 1277; baseline 0 -14"><span class='ocrx_word' id='word_1_65' title='bbox 185 1230 284 1275; x_wconf 88' lang='lat' dir='ltr'>quasi</span> <span class='ocrx_word' id='word_1_66' title='bbox 312 1244 428 1265; x_wconf 82' lang='lat' dir='ltr'>veram</span> <span class='ocrx_word' id='word_1_67' title='bbox 457 1232 564 1265; x_wconf 84' lang='lat' dir='ltr'>animi</span> <span class='ocrx_word' id='word_1_68' title='bbox 583 1231 860 1277; x_wconf 82' lang='lat' dir='ltr'>magnitudinem</span> 
     </span>
     <span class='ocr_line' id='line_1_13' title="bbox 184 1282 859 1330; baseline 0.003 -16"><span class='ocrx_word' id='word_1_69' title='bbox 184 1282 221 1315; x_wconf 90' lang='lat' dir='ltr'>in</span> <span class='ocrx_word' id='word_1_70' title='bbox 255 1283 341 1316; x_wconf 77' lang='lat' dir='ltr'>luxu</span> <span class='ocrx_word' id='word_1_71' title='bbox 378 1284 604 1330; x_wconf 81' lang='lat' dir='ltr'>explicando,</span> <span class='ocrx_word' id='word_1_72' title='bbox 637 1293 670 1317; x_wconf 87' lang='lat' dir='ltr'>et</span> <span class='ocrx_word' id='word_1_73' title='bbox 703 1283 859 1317; x_wconf 79' lang='lat' dir='ltr'>emendis</span> 
     </span>
     <span class='ocr_line' id='line_1_14' title="bbox 182 1336 858 1382; baseline 0.001 -14"><span class='ocrx_word' id='word_1_74' title='bbox 182 1336 290 1369; x_wconf 86' lang='lat' dir='ltr'>rebus</span> <span class='ocrx_word' id='word_1_75' title='bbox 315 1337 483 1382; x_wconf 88' lang='lat' dir='ltr'>opinione</span> <span class='ocrx_word' id='word_1_76' title='bbox 503 1337 597 1382; x_wconf 71' lang='lat' dir='ltr'>vulgi</span> <span class='ocrx_word' id='word_1_77' title='bbox 616 1337 776 1382; x_wconf 77' lang='lat' dir='ltr'>pretiosis</span> <span class='ocrx_word' id='word_1_78' title='bbox 795 1350 858 1382; x_wconf 89' lang='lat' dir='ltr'>po-</span> 
     </span>
     <span class='ocr_line' id='line_1_15' title="bbox 182 1389 858 1423; baseline 0.003 -3"><span class='ocrx_word' id='word_1_79' title='bbox 182 1389 289 1422; x_wconf 82' lang='lat' dir='ltr'>nebat</span> <span class='ocrx_word' id='word_1_80' title='bbox 321 1401 329 1422; x_wconf 91' lang='lat'>:</span> <span class='ocrx_word' id='word_1_81' title='bbox 367 1390 434 1423; x_wconf 90' lang='lat' dir='ltr'>hoc</span> <span class='ocrx_word' id='word_1_82' title='bbox 463 1399 576 1423; x_wconf 83' lang='lat' dir='ltr'>autem</span> <span class='ocrx_word' id='word_1_83' title='bbox 611 1390 658 1423; x_wconf 85' lang='lat' dir='ltr'>ait</span> <span class='ocrx_word' id='word_1_84' title='bbox 689 1390 858 1423; x_wconf 73' lang='lat' dir='ltr'>Martialis</span> 
     </span>
     <span class='ocr_line' id='line_1_16' title="bbox 183 1442 858 1488; baseline 0.001 -14"><span class='ocrx_word' id='word_1_85' title='bbox 183 1454 255 1474; x_wconf 91' lang='lat' dir='ltr'>non</span> <span class='ocrx_word' id='word_1_86' title='bbox 282 1454 354 1476; x_wconf 84' lang='lat' dir='ltr'>esse</span> <span class='ocrx_word' id='word_1_87' title='bbox 383 1443 498 1488; x_wconf 85' lang='lat' dir='ltr'>magni</span> <span class='ocrx_word' id='word_1_88' title='bbox 533 1442 657 1484; x_wconf 82' lang='lat' dir='ltr'>animi,</span> <span class='ocrx_word' id='word_1_89' title='bbox 680 1443 739 1488; x_wconf 86' lang='lat' dir='ltr'>qui</span> <span class='ocrx_word' id='word_1_90' title='bbox 771 1455 788 1476; x_wconf 88' lang='lat' dir='ltr'>a</span> <span class='ocrx_word' id='word_1_91' title='bbox 823 1455 858 1475; x_wconf 87' lang='lat' dir='ltr'>se</span> 
     </span>
     <span class='ocr_line' id='line_1_17' title="bbox 182 1494 858 1542; baseline 0.003 -15"><span class='ocrx_word' id='word_1_92' title='bbox 182 1494 258 1540; x_wconf 85' lang='lat' dir='ltr'>ipso</span> <span class='ocrx_word' id='word_1_93' title='bbox 286 1503 421 1529; x_wconf 81' lang='lat' dir='ltr'>tantum</span> <span class='ocrx_word' id='word_1_94' title='bbox 450 1495 582 1542; x_wconf 84' lang='lat' dir='ltr'><strong>pendet</strong></span> <span class='ocrx_word' id='word_1_95' title='bbox 610 1505 643 1530; x_wconf 82' lang='lat' dir='ltr'>et</span> <span class='ocrx_word' id='word_1_96' title='bbox 672 1496 709 1528; x_wconf 90' lang='lat' dir='ltr'>in</span> <span class='ocrx_word' id='word_1_97' title='bbox 735 1508 769 1529; x_wconf 87' lang='lat' dir='ltr'>se</span> <span class='ocrx_word' id='word_1_98' title='bbox 795 1495 858 1529; x_wconf 83' lang='lat' dir='ltr'>sita</span> 
     </span>
     <span class='ocr_line' id='line_1_18' title="bbox 183 1548 857 1594; baseline 0 -14"><span class='ocrx_word' id='word_1_99' title='bbox 183 1548 301 1581; x_wconf 83' lang='lat' dir='ltr'>omnia</span> <span class='ocrx_word' id='word_1_100' title='bbox 317 1549 505 1591; x_wconf 76' lang='lat' dir='ltr'>existimat,</span> <span class='ocrx_word' id='word_1_101' title='bbox 521 1548 580 1583; x_wconf 90' lang='lat' dir='ltr'>sed</span> <span class='ocrx_word' id='word_1_102' title='bbox 594 1557 714 1582; x_wconf 87' lang='lat' dir='ltr'>contra</span> <span class='ocrx_word' id='word_1_103' title='bbox 727 1548 857 1594; x_wconf 84' lang='lat' dir='ltr'>pusilli,</span> 
     </span>
     <span class='ocr_line' id='line_1_19' title="bbox 184 1601 857 1647; baseline 0.001 -14"><span class='ocrx_word' id='word_1_104' title='bbox 184 1601 244 1645; x_wconf 91' lang='lat' dir='ltr'>qui</span> <span class='ocrx_word' id='word_1_105' title='bbox 259 1627 268 1643; x_wconf 93' lang='lat'><strong><em>‚</em></strong></span> <span class='ocrx_word' id='word_1_106' title='bbox 285 1614 352 1634; x_wconf 87' lang='lat' dir='ltr'>suae</span> <span class='ocrx_word' id='word_1_107' title='bbox 370 1602 568 1647; x_wconf 76' lang='lat' dir='ltr'>exiguitatis</span> <span class='ocrx_word' id='word_1_108' title='bbox 585 1601 742 1635; x_wconf 81' lang='lat' dir='ltr'>conscius</span> <span class='ocrx_word' id='word_1_109' title='bbox 758 1627 767 1643; x_wconf 82' lang='lat'>‚</span> <span class='ocrx_word' id='word_1_110' title='bbox 796 1614 857 1634; x_wconf 85' lang='lat' dir='ltr'>ex-</span> 
     </span>
     <span class='ocr_line' id='line_1_20' title="bbox 184 1653 854 1700; baseline 0 -14"><span class='ocrx_word' id='word_1_111' title='bbox 184 1654 292 1687; x_wconf 88' lang='lat' dir='ltr'>ternis</span> <span class='ocrx_word' id='word_1_112' title='bbox 310 1667 382 1688; x_wconf 86' lang='lat' dir='ltr'>sese</span> <span class='ocrx_word' id='word_1_113' title='bbox 397 1667 520 1700; x_wconf 83' lang='lat' dir='ltr'>augere</span> <span class='ocrx_word' id='word_1_114' title='bbox 536 1663 646 1688; x_wconf 80' lang='lat' dir='ltr'>tentat</span> <span class='ocrx_word' id='word_1_115' title='bbox 664 1653 833 1700; x_wconf 79' lang='lat' dir='ltr'>praesidiis</span> <span class='ocrx_word' id='word_1_116' title='bbox 847 1680 854 1692; x_wconf 87' lang='lat'>‚</span> 
     </span>
     <span class='ocr_line' id='line_1_21' title="bbox 183 1706 857 1741; baseline 0.001 -2"><span class='ocrx_word' id='word_1_117' title='bbox 183 1706 230 1739; x_wconf 85' lang='lat' dir='ltr'>ita</span> <span class='ocrx_word' id='word_1_118' title='bbox 250 1715 290 1740; x_wconf 87' lang='lat' dir='ltr'>ut</span> <span class='ocrx_word' id='word_1_119' title='bbox 311 1706 450 1741; x_wconf 77' lang='lat' dir='ltr'>divitias</span> <span class='ocrx_word' id='word_1_120' title='bbox 469 1720 542 1741; x_wconf 88' lang='lat' dir='ltr'>non</span> <span class='ocrx_word' id='word_1_121' title='bbox 561 1708 597 1740; x_wconf 86' lang='lat' dir='ltr'>in</span> <span class='ocrx_word' id='word_1_122' title='bbox 615 1707 857 1740; x_wconf 79' lang='lat' dir='ltr'>liberalitatem</span> 
     </span>
     <span class='ocr_line' id='line_1_22' title="bbox 183 1759 858 1806; baseline 0 -14"><span class='ocrx_word' id='word_1_123' title='bbox 183 1759 305 1793; x_wconf 88' lang='lat' dir='ltr'>utilem</span> <span class='ocrx_word' id='word_1_124' title='bbox 321 1785 331 1802; x_wconf 85' lang='lat'><strong><em>‚</em></strong></span> <span class='ocrx_word' id='word_1_125' title='bbox 349 1760 408 1794; x_wconf 88' lang='lat' dir='ltr'>sed</span> <span class='ocrx_word' id='word_1_126' title='bbox 426 1761 461 1794; x_wconf 88' lang='lat' dir='ltr'>in</span> <span class='ocrx_word' id='word_1_127' title='bbox 478 1773 584 1806; x_wconf 83' lang='lat' dir='ltr'>nugas</span> <span class='ocrx_word' id='word_1_128' title='bbox 598 1760 730 1794; x_wconf 84' lang='lat' dir='ltr'>steriles</span> <span class='ocrx_word' id='word_1_129' title='bbox 744 1761 858 1793; x_wconf 85' lang='lat' dir='ltr'>effun-</span> 
     </span>
     <span class='ocr_line' id='line_1_23' title="bbox 182 1811 340 1847; baseline 0.013 -2"><span class='ocrx_word' id='word_1_130' title='bbox 182 1811 253 1846; x_wconf 85' lang='lat' dir='ltr'>dat.</span> <span class='ocrx_word' id='word_1_131' title='bbox 273 1814 340 1847; x_wconf 81' lang='lat' dir='ltr'>En.</span> 
     </span>
    </p>

    <p class='ocr_par' dir='ltr' id='par_1_8' title="bbox 183 1866 859 2007">
     <span class='ocr_line' id='line_1_24' title="bbox 241 1866 859 1900; baseline -0.003 0"><span class='ocrx_word' id='word_1_132' title='bbox 241 1879 273 1900; x_wconf 92' lang='lat'>1.</span> <span class='ocrx_word' id='word_1_133' title='bbox 315 1866 471 1900; x_wconf 68' lang='lat' dir='ltr'>Centenis.</span> <span class='ocrx_word' id='word_1_134' title='bbox 506 1866 665 1899; x_wconf 85' lang='lat' dir='ltr'>Millibus</span> <span class='ocrx_word' id='word_1_135' title='bbox 706 1866 859 1899; x_wconf 85' lang='lat' dir='ltr'>centenis</span> 
     </span>
     <span class='ocr_line' id='line_1_25' title="bbox 183 1917 857 1960; baseline -0.001 -8"><span class='ocrx_word' id='word_1_136' title='bbox 183 1920 378 1953; x_wconf 87' lang='lat' dir='ltr'>sestertium</span> <span class='ocrx_word' id='word_1_137' title='bbox 393 1945 402 1960; x_wconf 92' lang='lat'><em>‚</em></span> <span class='ocrx_word' id='word_1_138' title='bbox 435 1928 562 1953; x_wconf 84' lang='lat' dir='ltr'>nostrae</span> <span class='ocrx_word' id='word_1_139' title='bbox 593 1927 741 1952; x_wconf 84' lang='lat' dir='ltr'>monetae</span> <span class='ocrx_word' id='word_1_140' title='bbox 756 1945 765 1960; x_wconf 87' lang='lat'>‚</span> <span class='ocrx_word' id='word_1_141' title='bbox 797 1917 857 1951; x_wconf 89' lang='lat' dir='ltr'>de-</span> 
     </span>
     <span class='ocr_line' id='line_1_26' title="bbox 183 1972 751 2007; baseline -0.002 -2"><span class='ocrx_word' id='word_1_142' title='bbox 183 1985 258 2005; x_wconf 88' lang='lat' dir='ltr'>cem</span> <span class='ocrx_word' id='word_1_143' title='bbox 278 1973 434 2006; x_wconf 85' lang='lat' dir='ltr'>millibus</span> <span class='ocrx_word' id='word_1_144' title='bbox 452 1973 664 2007; x_wconf 74' lang='lat' dir='ltr'>francorum.</span> <span class='ocrx_word' id='word_1_145' title='bbox 685 1972 751 2004; x_wconf 80' lang='lat' dir='ltr'>En.</span> 
     </span>
    </p>

    <p class='ocr_par' dir='ltr' id='par_1_9' title="bbox 183 2025 858 2175">
     <span class='ocr_line' id='line_1_27' title="bbox 240 2025 857 2071; baseline 0.002 -13"><span class='ocrx_word' id='word_1_146' title='bbox 240 2038 273 2059; x_wconf 84' lang='lat'>2.</span> <span class='ocrx_word' id='word_1_147' title='bbox 293 2026 358 2059; x_wconf 78' lang='lat' dir='ltr'>Sub</span> <span class='ocrx_word' id='word_1_148' title='bbox 377 2040 448 2069; x_wconf 73' lang='lat' dir='ltr'>rege</span> <span class='ocrx_word' id='word_1_149' title='bbox 466 2027 584 2059; x_wconf 80' lang='lat' dir='ltr'>Numa.</span> <span class='ocrx_word' id='word_1_150' title='bbox 604 2025 857 2071; x_wconf 67' lang='lat' dir='ltr'>Hyperbolice:</span> 
     </span>
     <span class='ocr_line' id='line_1_28' title="bbox 183 2077 858 2124; baseline 0 -13"><span class='ocrx_word' id='word_1_151' title='bbox 183 2078 264 2112; x_wconf 77' lang='lat' dir='ltr'>vina</span> <span class='ocrx_word' id='word_1_152' title='bbox 279 2079 511 2113; x_wconf 81' lang='lat' dir='ltr'>vetustissima</span> <span class='ocrx_word' id='word_1_153' title='bbox 527 2103 536 2119; x_wconf 84' lang='lat'>,</span> <span class='ocrx_word' id='word_1_154' title='bbox 560 2077 711 2124; x_wconf 87' lang='lat' dir='ltr'>ideoque</span> <span class='ocrx_word' id='word_1_155' title='bbox 730 2091 806 2111; x_wconf 80' lang='lat' dir='ltr'>rara</span> <span class='ocrx_word' id='word_1_156' title='bbox 825 2087 858 2111; x_wconf 91' lang='lat' dir='ltr'>et</span> 
     </span>
     <span class='ocr_line' id='line_1_29' title="bbox 183 2140 782 2175; baseline 0.002 -12"><span class='ocrx_word' id='word_1_157' title='bbox 183 2140 345 2175; x_wconf 84' lang='lat' dir='ltr'>pretiosa.</span> <span class='ocrx_word' id='word_1_158' title='bbox 768 2163 782 2165; x_wconf 36' lang='grc' dir='ltr'><strong><em>υ</em></strong></span> 
     </span>
    </p>

    <p class='ocr_par' dir='ltr' id='par_1_10' title="bbox 182 2182 859 2429">
     <span class='ocr_line' id='line_1_30' title="bbox 240 2182 858 2230; baseline 0 -14"><span class='ocrx_word' id='word_1_159' title='bbox 240 2183 272 2217; x_wconf 84' lang='grc'>3.</span> <span class='ocrx_word' id='word_1_160' title='bbox 291 2183 381 2218; x_wconf 89' lang='lat' dir='ltr'>Edd.</span> <span class='ocrx_word' id='word_1_161' title='bbox 399 2193 482 2218; x_wconf 86' lang='lat' dir='ltr'>vett.</span> <span class='ocrx_word' id='word_1_162' title='bbox 499 2187 660 2230; x_wconf 76' lang='lat' dir='ltr'>speciosa;</span> <span class='ocrx_word' id='word_1_163' title='bbox 681 2182 858 2219; x_wconf 79' lang='lat' dir='ltr'>Calderiui</span> 
     </span>
     <span class='ocr_line' id='line_1_31' title="bbox 183 2237 858 2283; baseline 0 -14"><span class='ocrx_word' id='word_1_164' title='bbox 183 2245 284 2270; x_wconf 81' lang='lat' dir='ltr'>vetus</span> <span class='ocrx_word' id='word_1_165' title='bbox 309 2237 417 2271; x_wconf 85' lang='lat' dir='ltr'>codex</span> <span class='ocrx_word' id='word_1_166' title='bbox 439 2241 593 2282; x_wconf 73' lang='lat' dir='ltr'>spaciosa.</span> <span class='ocrx_word' id='word_1_167' title='bbox 617 2238 757 2283; x_wconf 81' lang='lat' dir='ltr'>Lipsius</span> <span class='ocrx_word' id='word_1_168' title='bbox 775 2237 858 2282; x_wconf 78' lang='lat' dir='ltr'>legit</span> 
     </span>
     <span class='ocr_line' id='line_1_32' title="bbox 183 2290 858 2334; baseline 0.001 -14"><span class='ocrx_word' id='word_1_169' title='bbox 183 2292 332 2334; x_wconf 76' lang='lat' dir='ltr'>spatiosa.</span> <span class='ocrx_word' id='word_1_170' title='bbox 351 2311 402 2316; x_wconf 82' lang='lat'>——</span> <span class='ocrx_word' id='word_1_171' title='bbox 416 2292 539 2323; x_wconf 81' lang='lat' dir='ltr'>Decies.</span> <span class='ocrx_word' id='word_1_172' title='bbox 554 2291 678 2324; x_wconf 84' lang='lat' dir='ltr'>Decies</span> <span class='ocrx_word' id='word_1_173' title='bbox 701 2290 858 2323; x_wconf 84' lang='lat' dir='ltr'>centenis</span> 
     </span>
     <span class='ocr_line' id='line_1_33' title="bbox 182 2342 859 2384; baseline 0 -10"><span class='ocrx_word' id='word_1_174' title='bbox 182 2342 336 2376; x_wconf 88' lang='lat' dir='ltr'>millibus</span> <span class='ocrx_word' id='word_1_175' title='bbox 353 2343 560 2384; x_wconf 86' lang='lat' dir='ltr'>sestertium,</span> <span class='ocrx_word' id='word_1_176' title='bbox 571 2351 697 2376; x_wconf 81' lang='lat' dir='ltr'>nostrae</span> <span class='ocrx_word' id='word_1_177' title='bbox 708 2350 859 2375; x_wconf 85' lang='lat' dir='ltr'>monetae</span> 
     </span>
     <span class='ocr_line' id='line_1_34' title="bbox 188 2395 736 2429; baseline 0 -1"><span class='ocrx_word' id='word_1_178' title='bbox 188 2395 257 2428; x_wconf 85' lang='lat'>125</span> <span class='ocrx_word' id='word_1_179' title='bbox 271 2396 427 2429; x_wconf 87' lang='lat' dir='ltr'>millibus</span> <span class='ocrx_word' id='word_1_180' title='bbox 444 2396 652 2429; x_wconf 85' lang='lat' dir='ltr'>francorum.</span> <span class='ocrx_word' id='word_1_181' title='bbox 670 2396 736 2428; x_wconf 75' lang='grc' dir='ltr'><strong>ΕΙ).</strong></span> 
     </span>
    </p>

    <p class='ocr_par' dir='ltr' id='par_1_11' title="bbox 182 2448 859 2648">
     <span class='ocr_line' id='line_1_35' title="bbox 182 2448 859 2494; baseline -0.001 -13"><span class='ocrx_word' id='word_1_182' title='bbox 182 2469 234 2474; x_wconf 84' lang='lat'>—-</span> <span class='ocrx_word' id='word_1_183' title='bbox 250 2448 324 2481; x_wconf 79' lang='lat' dir='ltr'>Non</span> <span class='ocrx_word' id='word_1_184' title='bbox 337 2451 474 2494; x_wconf 65' lang='lat' dir='ltr'>spatiosa</span> <span class='ocrx_word' id='word_1_185' title='bbox 485 2450 632 2493; x_wconf 61' lang='lat' dir='ltr'>supellex.</span> <span class='ocrx_word' id='word_1_186' title='bbox 648 2449 728 2482; x_wconf 84' lang='lat' dir='ltr'>Non</span> <span class='ocrx_word' id='word_1_187' title='bbox 745 2448 859 2480; x_wconf 84' lang='lat' dir='ltr'>multi-</span> 
     </span>
     <span class='ocr_line' id='line_1_36' title="bbox 182 2501 858 2547; baseline 0 -14"><span class='ocrx_word' id='word_1_188' title='bbox 182 2501 336 2546; x_wconf 87' lang='lat' dir='ltr'>plicibus</span> <span class='ocrx_word' id='word_1_189' title='bbox 353 2527 362 2543; x_wconf 81' lang='lat'>,</span> <span class='ocrx_word' id='word_1_190' title='bbox 388 2501 447 2535; x_wconf 84' lang='lat' dir='ltr'>sed</span> <span class='ocrx_word' id='word_1_191' title='bbox 470 2502 628 2547; x_wconf 84' lang='lat' dir='ltr'>pretiosis</span> <span class='ocrx_word' id='word_1_192' title='bbox 652 2502 755 2534; x_wconf 85' lang='lat' dir='ltr'>rebus</span> <span class='ocrx_word' id='word_1_193' title='bbox 775 2514 858 2534; x_wconf 89' lang='lat' dir='ltr'>con-</span> 
     </span>
     <span class='ocr_line' id='line_1_37' title="bbox 183 2554 856 2599; baseline 0 -13"><span class='ocrx_word' id='word_1_194' title='bbox 183 2554 321 2598; x_wconf 79' lang='lat' dir='ltr'>spicua3</span> <span class='ocrx_word' id='word_1_195' title='bbox 336 2568 407 2588; x_wconf 89' lang='lat' dir='ltr'>non</span> <span class='ocrx_word' id='word_1_196' title='bbox 422 2555 569 2588; x_wconf 82' lang='lat' dir='ltr'>inultum</span> <span class='ocrx_word' id='word_1_197' title='bbox 587 2567 760 2599; x_wconf 79' lang='lat' dir='ltr'>occupans</span> <span class='ocrx_word' id='word_1_198' title='bbox 772 2554 856 2594; x_wconf 88' lang='lat' dir='ltr'>loci,</span> 
     </span>
     <span class='ocr_line' id='line_1_38' title="bbox 184 2606 856 2648; baseline 0.004 -10"><span class='ocrx_word' id='word_1_199' title='bbox 184 2606 243 2639; x_wconf 81' lang='lat' dir='ltr'>sed</span> <span class='ocrx_word' id='word_1_200' title='bbox 268 2608 312 2641; x_wconf 84' lang='lat' dir='ltr'>ita</span> <span class='ocrx_word' id='word_1_201' title='bbox 336 2608 466 2641; x_wconf 80' lang='lat' dir='ltr'>affabre</span> <span class='ocrx_word' id='word_1_202' title='bbox 490 2609 641 2642; x_wconf 75' lang='lat' dir='ltr'>laborata</span> <span class='ocrx_word' id='word_1_203' title='bbox 664 2617 696 2641; x_wconf 81' lang='lat' dir='ltr'>et</span> <span class='ocrx_word' id='word_1_204' title='bbox 719 2608 832 2641; x_wconf 77' lang='lat' dir='ltr'>caelata</span> <span class='ocrx_word' id='word_1_205' title='bbox 848 2633 856 2648; x_wconf 89' lang='lat'>‚</span> 
     </span>
    </p>
   </div>
   <div class='ocr_carea' id='block_1_6' title="bbox 914 1122 1597 2653">
    <p class='ocr_par' dir='ltr' id='par_1_12' title="bbox 919 1122 1597 1277">
     <span class='ocr_line' id='line_1_39' title="bbox 921 1122 1596 1170; baseline -0.004 -12"><span class='ocrx_word' id='word_1_206' title='bbox 921 1133 959 1159; x_wconf 92' lang='lat' dir='ltr'>ut</span> <span class='ocrx_word' id='word_1_207' title='bbox 979 1124 1023 1158; x_wconf 90' lang='lat' dir='ltr'>de</span> <span class='ocrx_word' id='word_1_208' title='bbox 1041 1137 1079 1158; x_wconf 81' lang='lat' dir='ltr'>ea</span> <span class='ocrx_word' id='word_1_209' title='bbox 1100 1123 1170 1158; x_wconf 86' lang='lat' dir='ltr'>dici</span> <span class='ocrx_word' id='word_1_210' title='bbox 1187 1127 1316 1170; x_wconf 90' lang='lat' dir='ltr'>possit,</span> <span class='ocrx_word' id='word_1_211' title='bbox 1336 1132 1375 1157; x_wconf 89' lang='lat' dir='ltr'>ut</span> <span class='ocrx_word' id='word_1_212' title='bbox 1393 1122 1487 1168; x_wconf 79' lang='lat' dir='ltr'>apud</span> <span class='ocrx_word' id='word_1_213' title='bbox 1511 1123 1596 1156; x_wconf 88' lang='lat' dir='ltr'>Ovi-</span> 
     </span>
     <span class='ocr_line' id='line_1_40' title="bbox 922 1176 1597 1223; baseline -0.004 -12"><span class='ocrx_word' id='word_1_214' title='bbox 922 1177 1022 1212; x_wconf 90' lang='lat' dir='ltr'>dium</span> <span class='ocrx_word' id='word_1_215' title='bbox 1051 1177 1095 1211; x_wconf 87' lang='lat' dir='ltr'>de</span> <span class='ocrx_word' id='word_1_216' title='bbox 1114 1178 1206 1223; x_wconf 81' lang='lat' dir='ltr'>regia</span> <span class='ocrx_word' id='word_1_217' title='bbox 1234 1177 1322 1210; x_wconf 88' lang='lat' dir='ltr'>Solis</span> <span class='ocrx_word' id='word_1_218' title='bbox 1342 1189 1350 1211; x_wconf 92' lang='lat'>:</span> <span class='ocrx_word' id='word_1_219' title='bbox 1378 1195 1391 1207; x_wconf 89' lang='lat'>«</span> <span class='ocrx_word' id='word_1_220' title='bbox 1413 1176 1597 1210; x_wconf 81' lang='lat' dir='ltr'>Materiam</span> 
     </span>
     <span class='ocr_line' id='line_1_41' title="bbox 919 1232 1257 1277; baseline -0.003 -13"><span class='ocrx_word' id='word_1_221' title='bbox 919 1232 1104 1277; x_wconf 83' lang='lat' dir='ltr'>superabat</span> <span class='ocrx_word' id='word_1_222' title='bbox 1121 1244 1219 1277; x_wconf 82' lang='lat' dir='ltr'>opus.</span> <span class='ocrx_word' id='word_1_223' title='bbox 1245 1248 1257 1259; x_wconf 85' lang='lat'>»</span> 
     </span>
    </p>

    <p class='ocr_par' dir='ltr' id='par_1_13' title="bbox 916 1282 1596 2017">
     <span class='ocr_line' id='line_1_42' title="bbox 974 1282 1594 1330; baseline -0.005 -12"><span class='ocrx_word' id='word_1_224' title='bbox 974 1289 1006 1325; x_wconf 73' lang='grc'>4.</span> <span class='ocrx_word' id='word_1_225' title='bbox 1036 1285 1128 1318; x_wconf 69' lang='grc' dir='ltr'><em>,Μαῖα</em></span> <span class='ocrx_word' id='word_1_226' title='bbox 1160 1283 1245 1330; x_wconf 81' lang='lat' dir='ltr'>quod</span> <span class='ocrx_word' id='word_1_227' title='bbox 1270 1285 1394 1328; x_wconf 71' lang='lat' dir='ltr'>argenti</span> <span class='ocrx_word' id='word_1_228' title='bbox 1424 1283 1524 1316; x_wconf 85' lang='lat' dir='ltr'>Junt.</span> <span class='ocrx_word' id='word_1_229' title='bbox 1558 1282 1594 1315; x_wconf 87' lang='lat' dir='ltr'>in</span> 
     </span>
     <span class='ocr_line' id='line_1_43' title="bbox 918 1335 1595 1382; baseline -0.001 -13"><span class='ocrx_word' id='word_1_230' title='bbox 918 1338 1083 1382; x_wconf 86' lang='lat' dir='ltr'>margine.</span> <span class='ocrx_word' id='word_1_231' title='bbox 1099 1359 1150 1363; x_wconf 92' lang='lat'>——</span> <span class='ocrx_word' id='word_1_232' title='bbox 1162 1336 1258 1369; x_wconf 82' lang='lat' dir='ltr'>Libra</span> <span class='ocrx_word' id='word_1_233' title='bbox 1272 1335 1358 1382; x_wconf 80' lang='lat' dir='ltr'>quod</span> <span class='ocrx_word' id='word_1_234' title='bbox 1368 1338 1493 1380; x_wconf 75' lang='lat' dir='ltr'>argenti</span> <span class='ocrx_word' id='word_1_235' title='bbox 1505 1362 1512 1373; x_wconf 92' lang='lat'>,</span> <span class='ocrx_word' id='word_1_236' title='bbox 1527 1336 1595 1372; x_wconf 57' lang='lat' dir='ltr'>etc.</span> 
     </span>
     <span class='ocr_line' id='line_1_44' title="bbox 918 1387 1596 1435; baseline -0.004 -12"><span class='ocrx_word' id='word_1_237' title='bbox 918 1390 1174 1435; x_wconf 83' lang='lat' dir='ltr'>Consequentia</span> <span class='ocrx_word' id='word_1_238' title='bbox 1203 1402 1320 1423; x_wconf 84' lang='lat' dir='ltr'>versus</span> <span class='ocrx_word' id='word_1_239' title='bbox 1350 1387 1596 1434; x_wconf 80' lang='lat' dir='ltr'>praecedentis·</span> 
     </span>
     <span class='ocr_line' id='line_1_45' title="bbox 917 1440 1594 1488; baseline 0.001 -14"><span class='ocrx_word' id='word_1_240' title='bbox 917 1443 1092 1488; x_wconf 84' lang='lat' dir='ltr'>Argentea</span> <span class='ocrx_word' id='word_1_241' title='bbox 1117 1454 1194 1476; x_wconf 83' lang='lat' dir='ltr'>vasa</span> <span class='ocrx_word' id='word_1_242' title='bbox 1218 1440 1372 1488; x_wconf 84' lang='lat' dir='ltr'>possides</span> <span class='ocrx_word' id='word_1_243' title='bbox 1393 1450 1489 1475; x_wconf 88' lang='lat' dir='ltr'>tanto</span> <span class='ocrx_word' id='word_1_244' title='bbox 1512 1454 1594 1475; x_wconf 86' lang='lat' dir='ltr'>con.</span> 
     </span>
     <span class='ocr_line' id='line_1_46' title="bbox 917 1492 1594 1540; baseline -0.001 -13"><span class='ocrx_word' id='word_1_245' title='bbox 917 1495 1004 1529; x_wconf 84' lang='lat' dir='ltr'>fecta</span> <span class='ocrx_word' id='word_1_246' title='bbox 1025 1495 1191 1537; x_wconf 81' lang='lat' dir='ltr'>artificio,</span> <span class='ocrx_word' id='word_1_247' title='bbox 1208 1503 1248 1528; x_wconf 87' lang='lat' dir='ltr'>ut</span> <span class='ocrx_word' id='word_1_248' title='bbox 1265 1495 1366 1528; x_wconf 83' lang='lat' dir='ltr'>labor</span> <span class='ocrx_word' id='word_1_249' title='bbox 1378 1492 1520 1540; x_wconf 84' lang='lat' dir='ltr'>(gallice</span> <span class='ocrx_word' id='word_1_250' title='bbox 1533 1520 1541 1535; x_wconf 86' lang='lat'>,</span> <span class='ocrx_word' id='word_1_251' title='bbox 1561 1495 1594 1526; x_wconf 79' lang='lat' dir='ltr'>la</span> 
     </span>
     <span class='ocr_line' id='line_1_47' title="bbox 918 1543 1593 1593; baseline 0 -13"><span class='ocrx_word' id='word_1_252' title='bbox 918 1543 1173 1591; x_wconf 73' lang='lat' dir='ltr'>main-d’oeuvre)</span> <span class='ocrx_word' id='word_1_253' title='bbox 1196 1548 1306 1593; x_wconf 86' lang='lat' dir='ltr'>pluris</span> <span class='ocrx_word' id='word_1_254' title='bbox 1327 1561 1432 1593; x_wconf 83' lang='lat' dir='ltr'>quam</span> <span class='ocrx_word' id='word_1_255' title='bbox 1453 1546 1593 1593; x_wconf 79' lang='lat' dir='ltr'>pondus</span> 
     </span>
     <span class='ocr_line' id='line_1_48' title="bbox 917 1601 1594 1644; baseline 0 -10"><span class='ocrx_word' id='word_1_256' title='bbox 917 1610 1054 1635; x_wconf 84' lang='lat' dir='ltr'>constet</span> <span class='ocrx_word' id='word_1_257' title='bbox 1069 1615 1077 1644; x_wconf 89' lang='grc'>;</span> <span class='ocrx_word' id='word_1_258' title='bbox 1099 1601 1217 1635; x_wconf 82' lang='lat' dir='ltr'>omnia</span> <span class='ocrx_word' id='word_1_259' title='bbox 1233 1601 1326 1635; x_wconf 88' lang='lat' dir='ltr'>enim</span> <span class='ocrx_word' id='word_1_260' title='bbox 1346 1614 1385 1634; x_wconf 90' lang='lat' dir='ltr'>ex</span> <span class='ocrx_word' id='word_1_261' title='bbox 1402 1601 1543 1634; x_wconf 79' lang='lat' dir='ltr'>raritate</span> <span class='ocrx_word' id='word_1_262' title='bbox 1560 1609 1594 1634; x_wconf 85' lang='lat' dir='ltr'>et</span> 
     </span>
     <span class='ocr_line' id='line_1_49' title="bbox 916 1654 1594 1700; baseline -0.004 -12"><span class='ocrx_word' id='word_1_263' title='bbox 916 1655 1048 1700; x_wconf 87' lang='lat' dir='ltr'>pretio,</span> <span class='ocrx_word' id='word_1_264' title='bbox 1067 1667 1139 1688; x_wconf 89' lang='lat' dir='ltr'>non</span> <span class='ocrx_word' id='word_1_265' title='bbox 1165 1667 1210 1687; x_wconf 86' lang='lat' dir='ltr'>ex</span> <span class='ocrx_word' id='word_1_266' title='bbox 1230 1654 1379 1687; x_wconf 85' lang='lat' dir='ltr'>utilitate</span> <span class='ocrx_word' id='word_1_267' title='bbox 1403 1654 1594 1688; x_wconf 75' lang='lat' dir='ltr'>aestimabat</span> 
     </span>
     <span class='ocr_line' id='line_1_50' title="bbox 918 1707 1594 1753; baseline -0.001 -13"><span class='ocrx_word' id='word_1_268' title='bbox 918 1708 1081 1749; x_wconf 89' lang='lat' dir='ltr'>Quintus.</span> <span class='ocrx_word' id='word_1_269' title='bbox 1101 1708 1168 1741; x_wconf 81' lang='lat' dir='ltr'>En.</span> <span class='ocrx_word' id='word_1_270' title='bbox 1186 1728 1240 1736; x_wconf 75' lang='lat'>—-</span> <span class='ocrx_word' id='word_1_271' title='bbox 1255 1708 1364 1752; x_wconf 54' lang='lat' dir='ltr'>Rapit.</span> <span class='ocrx_word' id='word_1_272' title='bbox 1387 1707 1594 1753; x_wconf 78' lang='lat' dir='ltr'>Metaphora</span> 
     </span>
     <span class='ocr_line' id='line_1_51' title="bbox 918 1760 1592 1806; baseline -0.001 -13"><span class='ocrx_word' id='word_1_273' title='bbox 918 1769 1057 1806; x_wconf 81' lang='lat' dir='ltr'>sumpta</span> <span class='ocrx_word' id='word_1_274' title='bbox 1075 1762 1217 1794; x_wconf 84' lang='lat' dir='ltr'>fortasse</span> <span class='ocrx_word' id='word_1_275' title='bbox 1231 1773 1271 1794; x_wconf 81' lang='lat' dir='ltr'>ex</span> <span class='ocrx_word' id='word_1_276' title='bbox 1285 1762 1423 1794; x_wconf 81' lang='lat' dir='ltr'>trutinae</span> <span class='ocrx_word' id='word_1_277' title='bbox 1436 1760 1592 1793; x_wconf 82' lang='lat' dir='ltr'>lancibus</span> 
     </span>
     <span class='ocr_line' id='line_1_52' title="bbox 919 1813 1591 1858; baseline -0.001 -12"><span class='ocrx_word' id='word_1_278' title='bbox 919 1825 1069 1857; x_wconf 86' lang='lat' dir='ltr'>quorum</span> <span class='ocrx_word' id='word_1_279' title='bbox 1098 1814 1202 1846; x_wconf 84' lang='lat' dir='ltr'>altera</span> <span class='ocrx_word' id='word_1_280' title='bbox 1230 1813 1370 1846; x_wconf 80' lang='lat' dir='ltr'>alteram</span> <span class='ocrx_word' id='word_1_281' title='bbox 1389 1813 1481 1858; x_wconf 84' lang='lat' dir='ltr'>rapit</span> <span class='ocrx_word' id='word_1_282' title='bbox 1502 1824 1591 1857; x_wconf 86' lang='lat' dir='ltr'>pon-</span> 
     </span>
     <span class='ocr_line' id='line_1_53' title="bbox 919 1864 1591 1907; baseline -0.001 -9"><span class='ocrx_word' id='word_1_283' title='bbox 919 1864 1002 1898; x_wconf 88' lang='lat' dir='ltr'>dere</span> <span class='ocrx_word' id='word_1_284' title='bbox 1024 1866 1154 1899; x_wconf 85' lang='lat' dir='ltr'>minori</span> <span class='ocrx_word' id='word_1_285' title='bbox 1179 1866 1344 1899; x_wconf 88' lang='lat' dir='ltr'>leviorem</span> <span class='ocrx_word' id='word_1_286' title='bbox 1362 1879 1371 1907; x_wconf 90' lang='lat'>;</span> <span class='ocrx_word' id='word_1_287' title='bbox 1390 1865 1448 1898; x_wconf 88' lang='lat' dir='ltr'>hic</span> <span class='ocrx_word' id='word_1_288' title='bbox 1477 1873 1591 1898; x_wconf 86' lang='lat' dir='ltr'>autem</span> 
     </span>
     <span class='ocr_line' id='line_1_54' title="bbox 918 1917 1592 1964; baseline -0.003 -13"><span class='ocrx_word' id='word_1_289' title='bbox 918 1918 1029 1952; x_wconf 84' lang='lat' dir='ltr'>levior</span> <span class='ocrx_word' id='word_1_290' title='bbox 1040 1919 1129 1952; x_wconf 85' lang='lat' dir='ltr'>libra</span> <span class='ocrx_word' id='word_1_291' title='bbox 1145 1919 1297 1964; x_wconf 82' lang='lat' dir='ltr'>argenti;</span> <span class='ocrx_word' id='word_1_292' title='bbox 1314 1917 1374 1952; x_wconf 88' lang='lat' dir='ltr'>sed</span> <span class='ocrx_word' id='word_1_293' title='bbox 1386 1917 1524 1962; x_wconf 79' lang='lat' dir='ltr'>gravior</span> <span class='ocrx_word' id='word_1_294' title='bbox 1542 1917 1592 1949; x_wconf 91' lang='lat' dir='ltr'>vi-</span> 
     </span>
     <span class='ocr_line' id='line_1_55' title="bbox 919 1970 1589 2017; baseline -0.003 -13"><span class='ocrx_word' id='word_1_295' title='bbox 919 1970 1021 2004; x_wconf 86' lang='lat' dir='ltr'>detur</span> <span class='ocrx_word' id='word_1_296' title='bbox 1033 1979 1176 2017; x_wconf 84' lang='lat' dir='ltr'>propter</span> <span class='ocrx_word' id='word_1_297' title='bbox 1186 1971 1300 2016; x_wconf 84' lang='lat' dir='ltr'>operis</span> <span class='ocrx_word' id='word_1_298' title='bbox 1314 1970 1510 2004; x_wconf 83' lang='lat' dir='ltr'>artificium.</span> <span class='ocrx_word' id='word_1_299' title='bbox 1523 1970 1589 2002; x_wconf 83' lang='lat' dir='ltr'>En.</span> 
     </span>
    </p>

    <p class='ocr_par' dir='ltr' id='par_1_14' title="bbox 918 2023 1593 2270">
     <span class='ocr_line' id='line_1_56' title="bbox 975 2023 1593 2069; baseline -0.005 -11"><span class='ocrx_word' id='word_1_300' title='bbox 975 2025 1007 2058; x_wconf 87' lang='lat'>5.</span> <span class='ocrx_word' id='word_1_301' title='bbox 1045 2026 1155 2058; x_wconf 80' lang='lat' dir='ltr'>Aurea</span> <span class='ocrx_word' id='word_1_302' title='bbox 1187 2024 1272 2069; x_wconf 81' lang='lat' dir='ltr'>quod</span> <span class='ocrx_word' id='word_1_303' title='bbox 1289 2051 1297 2064; x_wconf 77' lang='lat'><em>‚</em></span> <span class='ocrx_word' id='word_1_304' title='bbox 1333 2033 1398 2056; x_wconf 85' lang='lat' dir='ltr'>etc.</span> <span class='ocrx_word' id='word_1_305' title='bbox 1431 2023 1593 2068; x_wconf 88' lang='lat' dir='ltr'>Intellige</span> 
     </span>
     <span class='ocr_line' id='line_1_57' title="bbox 918 2075 1592 2116; baseline -0.003 -6"><span class='ocrx_word' id='word_1_306' title='bbox 918 2090 1060 2111; x_wconf 89' lang='lat' dir='ltr'>currum</span> <span class='ocrx_word' id='word_1_307' title='bbox 1080 2090 1151 2110; x_wconf 89' lang='lat' dir='ltr'>non</span> <span class='ocrx_word' id='word_1_308' title='bbox 1169 2089 1208 2110; x_wconf 81' lang='lat' dir='ltr'>ex</span> <span class='ocrx_word' id='word_1_309' title='bbox 1225 2089 1308 2109; x_wconf 89' lang='lat' dir='ltr'>auro</span> <span class='ocrx_word' id='word_1_310' title='bbox 1319 2075 1432 2110; x_wconf 87' lang='lat' dir='ltr'>solido</span> <span class='ocrx_word' id='word_1_311' title='bbox 1448 2076 1592 2116; x_wconf 85' lang='lat' dir='ltr'>factum,</span> 
     </span>
     <span class='ocr_line' id='line_1_58' title="bbox 918 2128 1591 2176; baseline -0.004 -12"><span class='ocrx_word' id='word_1_312' title='bbox 918 2130 977 2164; x_wconf 88' lang='lat' dir='ltr'>sed</span> <span class='ocrx_word' id='word_1_313' title='bbox 991 2144 1032 2164; x_wconf 83' lang='lat' dir='ltr'>ex</span> <span class='ocrx_word' id='word_1_314' title='bbox 1044 2131 1142 2176; x_wconf 88' lang='lat' dir='ltr'>ligno</span> <span class='ocrx_word' id='word_1_315' title='bbox 1153 2156 1162 2172; x_wconf 92' lang='lat'>‚</span> <span class='ocrx_word' id='word_1_316' title='bbox 1174 2130 1297 2176; x_wconf 81' lang='lat' dir='ltr'>aptatis</span> <span class='ocrx_word' id='word_1_317' title='bbox 1308 2129 1420 2163; x_wconf 83' lang='lat' dir='ltr'>aureis</span> <span class='ocrx_word' id='word_1_318' title='bbox 1430 2128 1591 2169; x_wconf 83' lang='lat' dir='ltr'>bracteis3</span> 
     </span>
     <span class='ocr_line' id='line_1_59' title="bbox 918 2182 1590 2230; baseline -0.004 -14"><span class='ocrx_word' id='word_1_319' title='bbox 918 2184 977 2229; x_wconf 89' lang='lat' dir='ltr'>qui</span> <span class='ocrx_word' id='word_1_320' title='bbox 1012 2183 1154 2230; x_wconf 86' lang='lat' dir='ltr'>quidem</span> <span class='ocrx_word' id='word_1_321' title='bbox 1188 2183 1308 2227; x_wconf 78' lang='lat' dir='ltr'>majori</span> <span class='ocrx_word' id='word_1_322' title='bbox 1340 2182 1454 2228; x_wconf 88' lang='lat' dir='ltr'>pretio</span> <span class='ocrx_word' id='word_1_323' title='bbox 1484 2194 1590 2227; x_wconf 81' lang='lat' dir='ltr'>quam</span> 
     </span>
     <span class='ocr_line' id='line_1_60' title="bbox 918 2236 1201 2270; baseline 0 -1"><span class='ocrx_word' id='word_1_324' title='bbox 918 2236 1048 2270; x_wconf 86' lang='lat' dir='ltr'>fundus</span> <span class='ocrx_word' id='word_1_325' title='bbox 1064 2237 1201 2270; x_wconf 87' lang='lat' dir='ltr'>emitur.</span> 
     </span>
    </p>

    <p class='ocr_par' dir='ltr' id='par_1_15' title="bbox 914 2286 1595 2653">
     <span class='ocr_line' id='line_1_61' title="bbox 974 2286 1593 2333; baseline -0.006 -10"><span class='ocrx_word' id='word_1_326' title='bbox 974 2293 1007 2323; x_wconf 85' lang='lat'>6.</span> <span class='ocrx_word' id='word_1_327' title='bbox 1031 2289 1127 2333; x_wconf 75' lang='lat' dir='ltr'>Quod</span> <span class='ocrx_word' id='word_1_328' title='bbox 1141 2290 1244 2333; x_wconf 78' lang='lat' dir='ltr'>pluris</span> <span class='ocrx_word' id='word_1_329' title='bbox 1268 2289 1355 2320; x_wconf 74' lang='lat' dir='ltr'>nulla</span> <span class='ocrx_word' id='word_1_330' title='bbox 1384 2296 1431 2321; x_wconf 73' lang='lat' dir='ltr'>est</span> <span class='ocrx_word' id='word_1_331' title='bbox 1449 2288 1483 2320; x_wconf 86' lang='lat' dir='ltr'>in</span> <span class='ocrx_word' id='word_1_332' title='bbox 1511 2286 1593 2320; x_wconf 82' lang='lat' dir='ltr'>edd.</span> 
     </span>
     <span class='ocr_line' id='line_1_62' title="bbox 917 2340 1595 2386; baseline -0.004 -11"><span class='ocrx_word' id='word_1_333' title='bbox 917 2351 1001 2376; x_wconf 83' lang='lat' dir='ltr'>vett.</span> <span class='ocrx_word' id='word_1_334' title='bbox 1024 2343 1080 2375; x_wconf 88' lang='lat' dir='ltr'>alii</span> <span class='ocrx_word' id='word_1_335' title='bbox 1099 2343 1218 2386; x_wconf 81' lang='lat' dir='ltr'>legunt</span> <span class='ocrx_word' id='word_1_336' title='bbox 1241 2342 1320 2373; x_wconf 78' lang='lat' dir='ltr'>nulli</span> <span class='ocrx_word' id='word_1_337' title='bbox 1341 2350 1396 2374; x_wconf 78' lang='lat' dir='ltr'>est.</span> <span class='ocrx_word' id='word_1_338' title='bbox 1425 2362 1475 2367; x_wconf 89' lang='lat'>—</span> <span class='ocrx_word' id='word_1_339' title='bbox 1498 2340 1595 2384; x_wconf 77' lang='lat' dir='ltr'>Quod</span> 
     </span>
     <span class='ocr_line' id='line_1_63' title="bbox 914 2393 1593 2439; baseline -0.003 -12"><span class='ocrx_word' id='word_1_340' title='bbox 914 2396 1016 2439; x_wconf 76' lang='lat' dir='ltr'>pluris</span> <span class='ocrx_word' id='word_1_341' title='bbox 1034 2396 1117 2428; x_wconf 73' lang='lat' dir='ltr'>mala</span> <span class='ocrx_word' id='word_1_342' title='bbox 1133 2421 1140 2434; x_wconf 92' lang='lat'><strong><em>,</em></strong></span> <span class='ocrx_word' id='word_1_343' title='bbox 1158 2403 1222 2428; x_wconf 87' lang='lat' dir='ltr'>etc.</span> <span class='ocrx_word' id='word_1_344' title='bbox 1242 2393 1339 2427; x_wconf 88' lang='lat' dir='ltr'>Idem</span> <span class='ocrx_word' id='word_1_345' title='bbox 1356 2406 1473 2427; x_wconf 88' lang='lat' dir='ltr'>sensus</span> <span class='ocrx_word' id='word_1_346' title='bbox 1489 2405 1593 2438; x_wconf 84' lang='lat' dir='ltr'>quam</span> 
     </span>
     <span class='ocr_line' id='line_1_64' title="bbox 919 2447 1593 2493; baseline -0.004 -12"><span class='ocrx_word' id='word_1_347' title='bbox 919 2460 1021 2481; x_wconf 81' lang='lat' dir='ltr'>versu</span> <span class='ocrx_word' id='word_1_348' title='bbox 1050 2447 1269 2493; x_wconf 62' lang='lat' dir='ltr'>praecedenti.</span> <span class='ocrx_word' id='word_1_349' title='bbox 1290 2447 1454 2481; x_wconf 83' lang='lat' dir='ltr'>Mulabus</span> <span class='ocrx_word' id='word_1_350' title='bbox 1477 2454 1593 2479; x_wconf 84' lang='lat' dir='ltr'>autem</span> 
     </span>
     <span class='ocr_line' id='line_1_65' title="bbox 921 2500 1590 2545; baseline -0.003 -12"><span class='ocrx_word' id='word_1_351' title='bbox 921 2501 999 2534; x_wconf 88' lang='lat' dir='ltr'>vehi</span> <span class='ocrx_word' id='word_1_352' title='bbox 1019 2503 1192 2534; x_wconf 79' lang='lat' dir='ltr'>Romanos</span> <span class='ocrx_word' id='word_1_353' title='bbox 1213 2500 1332 2534; x_wconf 86' lang='lat' dir='ltr'>solitos</span> <span class='ocrx_word' id='word_1_354' title='bbox 1348 2513 1419 2533; x_wconf 87' lang='lat' dir='ltr'>esse</span> <span class='ocrx_word' id='word_1_355' title='bbox 1434 2508 1531 2545; x_wconf 83' lang='lat' dir='ltr'>patet</span> <span class='ocrx_word' id='word_1_356' title='bbox 1549 2512 1590 2531; x_wconf 82' lang='lat' dir='ltr'>ex</span> 
     </span>
     <span class='ocr_line' id='line_1_66' title="bbox 918 2552 1591 2599; baseline -0.004 -12"><span class='ocrx_word' id='word_1_357' title='bbox 918 2554 978 2587; x_wconf 85' lang='lat' dir='ltr'>lib.</span> <span class='ocrx_word' id='word_1_358' title='bbox 1010 2555 1061 2587; x_wconf 87' lang='lat' dir='ltr'>IX</span> <span class='ocrx_word' id='word_1_359' title='bbox 1078 2581 1086 2595; x_wconf 89' lang='lat'>‚</span> <span class='ocrx_word' id='word_1_360' title='bbox 1111 2555 1220 2599; x_wconf 83' lang='lat' dir='ltr'>epigr.</span> <span class='ocrx_word' id='word_1_361' title='bbox 1243 2565 1356 2595; x_wconf 80' lang='lat' dir='ltr'>xxur,</span> <span class='ocrx_word' id='word_1_362' title='bbox 1377 2566 1411 2586; x_wconf 73' lang='lat' dir='ltr'>v.</span> <span class='ocrx_word' id='word_1_363' title='bbox 1442 2552 1505 2592; x_wconf 77' lang='lat'>133</span> <span class='ocrx_word' id='word_1_364' title='bbox 1530 2552 1591 2584; x_wconf 84' lang='lat' dir='ltr'>lib.</span> 
     </span>
     <span class='ocr_line' id='line_1_67' title="bbox 920 2606 1595 2653; baseline -0.001 -15"><span class='ocrx_word' id='word_1_365' title='bbox 920 2608 1007 2640; x_wconf 75' lang='lat' dir='ltr'>VIII</span> <span class='ocrx_word' id='word_1_366' title='bbox 1024 2633 1031 2644; x_wconf 88' lang='lat'><strong>‚</strong></span> <span class='ocrx_word' id='word_1_367' title='bbox 1056 2608 1162 2653; x_wconf 81' lang='lat' dir='ltr'>epigr.</span> <span class='ocrx_word' id='word_1_368' title='bbox 1185 2619 1266 2645; x_wconf 73' lang='lat' dir='ltr'>th,</span> <span class='ocrx_word' id='word_1_369' title='bbox 1294 2620 1325 2639; x_wconf 87' lang='lat' dir='ltr'>v.</span> <span class='ocrx_word' id='word_1_370' title='bbox 1359 2619 1403 2651; x_wconf 80' lang='lat'>73</span> <span class='ocrx_word' id='word_1_371' title='bbox 1434 2606 1595 2639; x_wconf 72' lang='lat' dir='ltr'>Juvenal,</span> 
     </span>
    </p>
   </div>
   <div class='ocr_carea' id='block_1_7' title="bbox 1292 2670 1382 2722">
    <p class='ocr_par' dir='ltr' id='par_1_16' title="bbox 1292 2670 1382 2722">
     <span class='ocr_line' id='line_1_68' title="bbox 1292 2670 1382 2722; baseline -0.011 0"><span class='ocrx_word' id='word_1_372' title='bbox 1292 2670 1382 2722; x_wconf 73' lang='lat'>213</span> 
     </span>
    </p>
   </div>
  </div>
 </body>
</html>
