2061 3288
560 201 651 245 DE
687 201 1174 246 SPECTACULIS.

1519 221 1573 266 ¹7

235 292 416 336 Vicerat
437 289 624 349 antiquae
648 287 881 333 sceleratus
908 290 1088 334 crimina
1111 288 1262 335 famae:

305 363 359 405 In
382 376 470 421 quo
485 395 496 417 ‚
519 375 615 420 quae
640 358 782 404 fuerat
803 359 971 414 fabula,
998 376 1127 421 poena
1150 360 1244 404 fuit.

234 477 294 525 Ην
325 486 373 542 ῥα
399 481 662 541 παλαμναίων
695 481 933 543 ἀλιτῆματα
958 489 1038 526 τῶν
1067 482 1157 543 πρὶν
1186 480 1362 545 ὑπερὲὰς

308 554 462 606 Δειλὸν,
494 554 532 595 ἐν
559 550 609 608 ᾧ,
640 553 688 595 τὸ
715 553 844 597 πάλαι
873 552 1044 614 πλάσμ’,
1071 553 1194 613 ἐφάνη
1224 555 1400 606 κόλασις.

222 697 235 718 1
247 698 277 719 1,
295 685 406 718 Vetus
425 682 503 718 cod.
523 683 684 729 Cagnerii
702 683 845 717 exhibet

166 741 291 771 nomina
302 739 404 781 samce
418 764 426 777 ‚
449 736 545 783 quod
566 736 615 770 illi
634 737 740 782 magis
761 736 846 770 arri-

167 790 237 825 det.
255 813 307 817 —
329 792 460 824 Vicerat
478 793 627 836 antiquae.
648 789 845 823 Admiserat

165 857 246 878 sane
274 842 415 890 aliquod
439 843 591 882 crimen,
617 843 780 877 Laureoli
801 843 844 876 il-

166 897 232 932 lius
251 896 435 931 latrocinio
454 896 605 942 gravius.

961 696 977 718 1
988 698 1019 718 2.
1031 684 1357 730 Quaesueratfabula.
1369 687 1495 724 Sensus
1505 698 1555 725 est
1571 705 1580 724 ε

903 737 972 770 Alii
991 736 1133 783 quidem
1151 739 1249 772 mimi
1268 741 1431 775 Laureoli
1447 751 1582 778 actores

903 789 1000 824 fictas
1012 799 1148 825 tantum
1165 800 1200 825 et
1217 793 1374 827 mimicas
1390 807 1507 841 poenas
1522 795 1583 831 de-

904 842 1054 885 derunt,
1067 844 1125 878 hic
1140 858 1224 879 vero
1234 846 1324 880 latro
1338 860 1420 882 vera
1436 849 1501 883 luit
1517 863 1583 884 nec

902 898 973 941 jam
995 897 1131 932 scenica
1150 899 1331 945 supplicia.

748 1002 962 1081 'VHL

569 1195 635 1222 DE
675 1192 881 1222 FABULA
918 1174 1187 1224 DAEDAL1.*

168 1303 357 1338 Damnato
374 1296 523 1334 cuidam
536 1324 547 1342 ‚
564 1304 601 1332 et
618 1295 682 1343 (ut
701 1294 740 1330 in
762 1293 1016 1344 praecedentis
1033 1295 1155 1346 epigr.
1172 1303 1421 1353 argumento)
1439 1305 1587 1344 Daedali

223 1363 388 1401 fabulam
408 1361 447 1398 in
469 1358 700 1411 supplicium
721 1358 868 1408 agenti,
894 1359 987 1396 dum
1010 1370 1185 1410 pegmate
1208 1377 1406 1415 excussus,
1427 1371 1535 1419 quasi
1563 1385 1584 1408 e

221 1427 363 1467 Minois
381 1439 467 1464 arce
487 1426 708 1463 avolaturus
727 1423 767 1460 in
788 1423 886 1461 feras
904 1423 1119 1474 decideret,
1142 1426 1348 1478 insultans,
1369 1441 1477 1484 optat
1494 1437 1586 1473 Dae-

223 1493 300 1532 (lali
319 1492 377 1543 (ut
393 1499 449 1529 est
467 1490 507 1528 in
525 1488 616 1540 fab.)
636 1501 794 1540 pennas.

240 1614 478 1666 DAEDALE,
504 1611 686 1654 Lucano
712 1623 848 1668 quum
877 1607 937 1653 sic
967 1606 1170 1654 lacereris
1198 1612 1254 1655 ab
1285 1630 1411 1671 urso,

311 1683 458 1740 Quam
484 1696 667 1741 cuperes
692 1693 859 1740 pennas
890 1695 1008 1724 nunc
1038 1679 1244 1727 habuisse
1273 1683 1393 1730 tuas!

242 1807 446 1846 Λευκανοῦ
473 1801 509 1842 σ’
539 1796 701 1859 ἅρκτοιο
729 1792 982 1849 διασπῶντος
1012 1800 1187 1858 μελεϊς-ὶ,

312 1863 371 1924 Ως
398 1872 517 1932 εὕχοι’
544 1868 590 1913 ἂν
619 1870 743 1929 ἔχειν,
775 1862 978 1923 Δαίδαλε,
1007 1868 1062 1912 τὰ
1089 1871 1220 1932 πτερὰ
1250 1880 1334 1917 σοῦ,

225 1997 241 2012 '
259 2002 301 2034 In
318 1999 481 2033 omnihus
498 1998 570 2031 fere
584 1997 623 2030 de
639 1996 780 2029 Doedulo
795 1996 846 2029 in-

173 2054 337 2089 scribitur
346 2077 356 2094 ,
371 2051 469 2098 quod
479 2050 691 2084 mutavimus
701 2050 827 2082 lemma
839 2061 846 2082 :

174 2109 212 2142 in
232 2105 308 2141 cod.
329 2104 432 2139 Bodl.
455 2104 524 2138 hoc
550 2112 600 2137 est
617 2115 625 2136 ε
645 2102 705 2137 Ad
724 2102 848 2135 Dceda-

174 2162 236 2194 lum
247 2161 416 2193 laceratum
435 2157 474 2190 ab
493 2170 637 2189 ursa.-—
651 2168 683 2190 1.
700 2155 848 2189 Daedale.

174 2214 267 2247 Nota
286 2220 337 2246 est
355 2210 487 2244 Daedali
504 2209 650 2243 historia
668 2221 709 2242 ex
727 2207 848 2242 Ovidii

174 2268 259 2301 Met.
282 2265 383 2298 VIII.
402 2264 469 2297 Hic
485 2275 568 2296 vero
585 2261 771 2295 damnatus
793 2274 849 2295 co-

175 2328 270 2355 actus
286 2327 336 2353 est
357 2315 538 2350 Daedalum
559 2314 707 2356 imitari,
730 2322 765 2347 et
784 2326 849 2360 per

175 2385 289 2407 aerem
316 2371 456 2411 volare,
485 2367 647 2414 delapsus
671 2375 786 2400 autem
804 2367 848 2401 ab

174 2438 256 2460 urso
279 2424 465 2459 dilaniatus
491 2430 552 2455 est.
575 2420 694 2454 Simile
716 2428 848 2465 specta-

176 2479 299 2512 culum
326 2476 430 2510 Icarii
458 2474 502 2508 de
538 2474 620 2508 caelo
654 2471 849 2506 decidentis

174 2532 303 2577 legitur
318 2529 410 2576 apud
421 2528 629 2563 Suetonium
642 2527 679 2559 in
689 2526 830 2559 Nerone
839 2551 847 2567 ‚

176 2597 252 2629 cap.
274 2598 286 2617 1
299 2598 315 2616 2
334 2596 341 2616 :
365 2601 375 2613 s
394 2583 511 2616 Icarus
527 2581 643 2626 primo
659 2579 774 2613 statim
793 2591 849 2612 co-

176 2646 260 2671 natu
277 2639 373 2682 juxta
388 2634 589 2670 cubiculum
608 2634 681 2678 ejus
693 2631 827 2667 decidit
838 2657 847 2674 ,

249 2705 284 2746 I.

908 1996 1094 2042 ipsumque
1127 2010 1249 2032 cruore
1285 2002 1461 2047 respersit.
1490 2021 1505 2036 n
1534 2028 1583 2035 -.

908 2050 1037 2082 Lucano
1056 2062 1137 2083 urs0.
1156 2051 1208 2085 Ex
1219 2051 1374 2088 Lucania
1384 2056 1493 2091 Italiae
1505 2071 1586 2104 pro-

907 2102 1020 2136 vincia
1036 2128 1045 2144 ‚
1069 2102 1177 2136 hodie
1197 2104 1374 2140 Basilicam
1386 2132 1396 2149 ‚
1418 2109 1456 2143 in
1475 2123 1585 2157 regno

907 2155 1166 2201 Neapolitallo,
1194 2157 1291 2192 unde
1317 2160 1485 2197 immanes
1511 2166 1586 2199 ursi

907 2209 1054 2242 Romam
1073 2210 1313 2247 mittebantur.
1340 2213 1494 2259 Plinius,
1520 2218 1585 2253 lib.

906 2262 979 2301 III,
1000 2274 1076 2308 cap.
1101 2263 1149 2303 52,

964 2328 996 2349 2.
1009 2315 1094 2356 Alii,
1107 2323 1179 2348 tunc
1189 2316 1341 2353 habuisse.
1353 2321 1581 2359 -Habuisse.

907 2367 976 2400 Pro
1003 2368 1165 2413 praesenti
1191 2370 1338 2414 ponitur
1362 2376 1582 2418 praeteritum

907 2425 983 2453 κατ’
1010 2422 1197 2466 ἐναλλαγήν.
1218 2422 1347 2459 Sensus
1362 2435 1414 2461 est
1433 2439 1443 2461 .·
1466 2429 1580 2471 Quam

906 2473 1011 2507 velles
1032 2485 1127 2508 nunc
1147 2473 1310 2511 habuisse
1328 2491 1460 2524 pennas
1483 2482 1555 2516 illas
1568 2509 1579 2524 ,

908 2538 993 2571 quas
1021 2534 1096 2559 tum
1117 2527 1293 2571 habuisti,
1320 2543 1429 2577 quum
1451 2546 1469 2567 e
1492 2535 1578 2569 Cre-

908 2579 995 2612 tensi
1007 2580 1247 2625 labyrinth0‚a
1257 2591 1291 2616 te
1304 2584 1380 2630 ipso
1392 2595 1577 2626 exstructo,

908 2644 989 2665 cum
1009 2633 1107 2667 Icaro
1126 2634 1289 2670 avolares.

1307 2720 1332 2746 2
