2061 3288
450 234 1039 305 EPIGRAMMATUM
1079 245 1201 287 [ΑΒ.
1243 245 1274 286 1.

1480 242 1568 306 157

298 336 355 378 Εε
386 335 521 389 tanti,
546 332 614 378 vel
646 334 679 377 si
709 332 879 393 longius
909 331 981 376 illa
1010 332 1134 377 foret.

228 405 313 449 Sed
339 405 414 448 tibi
441 421 529 449 non
558 403 743 448 multum
771 414 861 459 est,
886 420 1023 447 unum
1051 405 1085 448 si
1109 413 1268 464 praesto
1294 414 1493 465 togatum
1517 422 1525 448 :

296 474 488 519 Multum
515 485 605 529 θεῖ,
631 475 750 519 hunc
778 491 916 518 unum
943 476 978 519 si
1008 474 1141 531 mihi,
1164 473 1313 531 Galle,
1338 492 1465 537 nego.

225 548 326 607 Ipse
357 545 554 590 salutabo
583 546 750 590 decima
778 545 848 589 vel
879 547 1014 590 serius
1039 546 1178 590 hora:

297 619 430 661 Mane
458 617 534 661 tibi
563 634 644 678 pro
674 633 744 661 me
772 617 889 662 dicat
917 632 1070 661 AVERE
1099 615 1221 661 liber.
1544 645 1575 662 10

155 738 372 784 peregrinam
388 738 567 784 regionem
584 738 731 784 longum
748 737 814 771 iter
826 763 835 778 ,

156 803 197 824 ex
216 790 322 824 domo
339 803 415 825 mea
431 804 539 837 usque
558 790 601 825 ad
622 800 717 825 tuam
735 791 786 825 ire
801 799 835 824 te

155 844 353 878 salutatum.

211 900 244 931 6.
276 898 341 930 Est
369 899 451 930 tanti
476 898 530 930 ¹rel
552 899 579 930 .ςὶ
605 898 730 941 longius
760 898 835 930 aula

155 950 328 989 sbretcitat
341 951 493 996 Langius
508 963 549 984 ex
566 950 621 984 ed.
634 950 833 984 Pulmanni.

158 1024 208 1029 -—
228 1005 278 1036 Es
301 1006 390 1037 tanti.
415 1004 549 1049 Dignus
572 1016 607 1037 es
631 1017 711 1038 sane
735 1005 835 1050 cujus

155 1068 255 1090 causa
275 1065 345 1090 tam
363 1058 606 1103 importunum
622 1058 776 1091 laborem
794 1057 835 1090 li-

155 1110 279 1143 benter
295 1111 493 1156 suscipiam.
511 1111 579 1144 En.

211 1176 247 1208 7.
266 1162 333 1196 Sed
349 1164 405 1196 tibi
429 1177 489 1196 non
510 1164 639 1196 multum
666 1172 723 1197 est.
753 1163 835 1197 Sine

157 1216 381 1250 incommodo
421 1225 482 1250 tuo
520 1230 613 1250 unus
651 1217 744 1250 inter
784 1225 836 1250 tot

157 1269 299 1303 clientes
334 1278 412 1315 toga
449 1269 491 1303 ad
524 1278 557 1303 te
586 1269 836 1303 honorandum

159 1321 323 1363 indutos,
351 1323 467 1356 abesse
504 1331 638 1368 potest;
670 1323 732 1356 sed
763 1336 836 1356 11011

157 1375 233 1408 sine
256 1388 384 1421 magno
414 1375 644 1409 incommodo
668 1389 748 1410 meo
775 1375 836 1409 ad-

157 1441 229 1461 esse
258 1442 422 1474 possum,
448 1438 481 1463 et
514 1438 653 1475 tempus
686 1429 839 1463 inaniter

159 1489 290 1524 terere,
307 1482 417 1516 Musis
439 1482 728 1517 consecrandum.
752 1482 836 1516 Vid.

895 738 955 771 lib.
969 738 1042 779 XI,
1054 738 1164 783 epigr.
1179 751 1271 780 xxv3
1288 747 1322 772 et
1341 752 1446 785 supra
1466 740 1575 786 epigr.

895 802 977 824 LxXI
994 803 1002 824 ι
1023 806 1035 818 «
1048 790 1105 825 Sic
1122 791 1203 825 licet
1219 804 1358 826 excuses
1372 805 1381 835 ;
1398 794 1480 839 quia
1493 807 1575 840 qua-

895 845 1093 890 liacumque
1110 845 1276 891 leguntur
1296 847 1366 880 Ista
1379 873 1388 888 ‚
1410 847 1576 881 salutator

896 898 1048 932 scribere
1063 910 1135 931 non
1159 899 1284 944 potuit.
1309 917 1322 929 n
1347 900 1415 933 Eo.

951 964 983 995 9.
1007 951 1154 997 Legitur
1173 953 1208 985 111
1226 953 1335 986 veteri
1351 953 1505 999 quodam
1521 967 1578 988 co-

895 1003 972 1037 dice
991 1004 1086 1050 apud
1108 1005 1277 1039 Ramires.
1294 1005 1338 1040 de
1360 1006 1500 1041 Prado:
1519 1008 1574 1041 de-

895 1061 976 1091 cima
991 1066 1019 1090 te
1033 1060 1147 1103 saepius
1161 1059 1250 1091 lzora.
1268 1081 1319 1087 —-
1335 1061 1428 1093 Ηονα
1443 1061 1576 1096 decima.

895 1111 1014 1144 Tertia
1048 1120 1127 1145 ante
1156 1121 1296 1146 noctem
1309 1138 1318 1153 ,
1348 1114 1434 1147 hora
1459 1127 1575 1149 coenae.

896 1165 950 1198 Ab
969 1173 1048 1197 ortu
1068 1165 1150 1198 solis
1171 1165 1269 1199 horae
1286 1168 1574 1202 numerabantur.

895 1219 947 1251 De
983 1217 1080 1251 horis
1108 1217 1263 1253 dicemus
1278 1247 1286 1261 ‚
1316 1220 1376 1254 lib.
1410 1222 1475 1262 IV,
1501 1222 1576 1268 epi-

895 1283 1039 1317 gramm.
1060 1283 1141 1305 VIII.

953 1337 1004 1357 10.
1030 1325 1246 1358 Pulmannus
1261 1338 1268 1359 z
1286 1326 1369 1358 dicet
1383 1335 1470 1360 aveto
1487 1328 1577 1362 liber.

897 1378 1227 1411 —Avere.Verbu1n
1235 1379 1578 1415 solemnematutinae

898 1431 1126 1465 salutationis.
1141 1431 1219 1465 Lib.
1235 1433 1269 1473 I,
1283 1432 1374 1478 epig.
1391 1446 1469 1475 LVI,
1483 1447 1518 1468 v.
1532 1437 1551 1468 6
1568 1448 1576 1468 ε

902 1483 963 1518 «Et
971 1485 1185 1518 matutInum
1193 1494 1309 1531 portat
1320 1486 1458 1533 ineptus
1466 1489 1549 1522 Ave.
1560 1506 1573 1518 n

804 1601 934 1659 CX.

230 1734 297 1763 DE
337 1733 577 1763 CATELLA
616 1735 802 1764 PUBLII
842 1737 904 1764 ET
943 1736 1179 1767 PICTURA
1216 1717 1507 1768 EIUSDEM*

373 1844 476 1886 ΙεεΑ
506 1852 571 1886 θεῖ
597 1858 771 1903 passere
799 1844 982 1903 nequior
1009 1844 1182 1889 Catulli.

371 1914 464 1957 Issa
489 1923 554 1957 est
582 1913 734 1974 purior
762 1912 913 1958 osculo
942 1913 1168 1960 columbae.

372 1986 465 2028 Issa
489 1994 555 2028 est
580 1983 782 2028 blandior
806 1985 1009 2029 omnibus
1038 1985 1206 2046 puellis.

373 2056 465 2099 Issa
493 2065 558 2099 est
584 2056 726 2099 carior
751 2055 914 2100 Indicis
944 2055 1110 2117 lapillis.

371 2127 463 2169 Issa
493 2136 559 2170 θεῖ
586 2125 752 2170 deliciae
778 2125 931 2171 catella
958 2127 1096 2171 Publi.
1566 2155 1579 2178 5

373 2198 499 2240 Hanc
530 2206 602 2252 tu,
631 2198 664 2240 si
690 2198 905 2258 queritur,
929 2197 1047 2259 loqui
1077 2199 1262 2260 putabis.

215 2313 229 2326 '¹
257 2318 401 2350 Lemma
433 2325 484 2350 est
515 2318 551 2350 111
584 2318 759 2363 plerisque
790 2320 840 2351 De

164 2369 291 2403 Catella
315 2370 425 2403 Publii
443 2391 495 2396 --
512 2371 563 2404 Ut
585 2371 741 2404 Catullus
762 2384 839 2417 pas-

162 2436 298 2465 serem,
328 2423 431 2457 Stella
464 2423 680 2465 columbam,
710 2423 840 2458 Statius

160 2476 366 2521 psittacum,
396 2477 443 2510 sic
476 2476 648 2510 Martialis
681 2477 838 2511 catellam

161 2530 279 2562 Publii
298 2531 403 2563 Issam
426 2530 587 2563 celebrat.
608 2531 673 2563 En.

219 2595 252 2616 1.
287 2583 438 2629 Nequior.
476 2583 627 2616 Lascivis
661 2583 840 2617 blanditiis

162 2636 306 2680 passeris
313 2636 446 2669 Lesbiae
455 2636 567 2670 vincit
577 2637 838 2682 nequitias.ED.

219 2701 251 2721 2.
274 2689 393 2721 Pur-ior·
411 2690 526 2722 osculo.
544 2690 585 2723 In
601 2689 670 2724 hoc
691 2703 790 2724 versu
806 2699 841 2724 et

898 2319 1110 2365 praecedenti
1143 2321 1355 2356 Ramiresius
1391 2323 1578 2358 artificium

899 2382 1012 2418 poetae
1022 2375 1158 2407 subolet
1170 2388 1178 2416 3
1190 2375 1320 2408 scilicet
1335 2388 1416 2409 eum
1428 2378 1579 2413 voluisse

899 2426 1002 2460 tacite
1040 2427 1220 2460 insinuare
1260 2429 1328 2462 hoc
1365 2430 1578 2476 epigramma

898 2481 1074 2524 poematio
1096 2481 1246 2523 Catulli,
1274 2480 1318 2516 de
1340 2494 1476 2528 passere
1497 2487 1579 2519 Les-

897 2532 963 2565 hiae
974 2558 984 2574 ‚
1002 2540 1037 2565 et
1052 2535 1228 2579 poematio
1249 2534 1364 2570 Stellae
1379 2535 1423 2570 de
1445 2535 1577 2571 colum—

898 2585 942 2618 ba
955 2586 1074 2620 amicae
1086 2588 1178 2631 ejus,
1190 2600 1262 2622 esse
1275 2591 1575 2635 anteponendum.

900 2637 993 2672 Vide
1005 2639 1114 2685 epigr.
1132 2652 1204 2674 vnI
1218 2654 1322 2688 supra
1333 2668 1342 2682 ‚
1357 2642 1401 2677 de
1416 2644 1576 2678 columba

905 2691 1060 2736 ejusdem
1079 2692 1206 2727 Stellae.
