2061 3288
470 281 495 309 c
759 266 848 308 DE
887 265 1151 307 METRIS
1190 264 1594 307 MARTIALIS.

541 353 760 413 Septimus
792 368 942 396 versus
974 361 1095 396 sexto
1124 350 1368 395 simillimus
1395 361 1481 406 est,
1512 352 1593 396 nisi
1626 350 1741 411 quod
1772 352 1884 395 inter

469 423 723 485 spondaeum
748 433 791 466 et
815 421 1036 483 dactylum
1061 431 1305 483 anapaestus
1329 431 1404 467 est.
1435 422 1623 466 Nomina
1652 438 1757 482 ergo
1783 438 1882 465 euin

469 497 777 555 Asynartetum
805 510 828 536 e
855 492 1084 553 Dactylico
1109 494 1307 537 trimetro
1333 492 1543 537 catalecto
1566 492 1811 552 trimorpho
1842 501 1883 534 et

468 581 491 608 e
521 564 766 609 Trochaico
805 564 991 607 dimetro
1033 562 1247 607 catalecto
1292 564 1336 607 in
1368 563 1588 624 syllabam.
1626 562 1751 606 Tales
1796 562 1883 605 duo

468 636 541 696 qui
568 644 810 695 sequuntur
834 653 841 676 :

682 752 758 785 Has
781 761 866 784 cum
891 748 1039 797 gemina
1060 747 1245 797 compede
1269 747 1420 784 dedicat
1440 757 1610 794 catenas,

682 818 868 858 Saturne,
892 811 960 849 tibi
979 812 1107 850 Zoilus
1126 813 1286 849 annulos
1304 813 1462 863 priores.

466 933 755 994 Trimorphus
780 942 925 976 autem
954 932 1208 993 Dactylicus
1234 943 1439 987 vocatur,
1465 932 1581 993 quod
1607 934 1883 992 τετραχρόνων

467 1004 629 1065 pedum
651 1005 842 1065 quinque
869 1003 1020 1047 formae
1048 1004 1154 1058 sint,
1171 1020 1328 1064 nempe
1355 1003 1495 1064 longae
1519 1003 1606 1047 duo
1638 999 1738 1059 (aut
1763 1020 1886 1063 spon-

467 1070 789 1131 daeus),breves
812 1084 1000 1134 quatuor
1025 1069 1129 1129 (aut
1151 1070 1615 1134 proceleusmaticus),
1640 1090 1726 1116 una
1757 1073 1886 1133 longa

468 1156 514 1189 et
542 1145 630 1189 duo
661 1145 816 1188 breves
843 1140 948 1200 (aut
977 1141 1225 1205 dactylus),
1255 1145 1342 1188 duo
1374 1145 1528 1188 breves
1564 1154 1607 1188 ct
1639 1160 1724 1187 una
1757 1143 1886 1204 longa

469 1211 564 1272 (aut
584 1210 864 1277 anapaestus),
890 1215 1068 1259 demum
1092 1215 1222 1277 longa
1243 1232 1329 1258 una
1354 1217 1466 1259 inter
1491 1215 1644 1258 breves
1670 1214 1778 1258 duas
1795 1211 1888 1268 (aut

467 1283 720 1342 bacchius>3
744 1303 767 1330 e
787 1287 979 1347 quinque
999 1286 1150 1330 formis
1172 1303 1278 1329 vero
1300 1295 1564 1346 anapaestus,
1590 1285 1818 1346 spondaeus
1845 1294 1885 1327 et

469 1356 667 1418 dactylus
697 1357 787 1401 fere
814 1356 892 1401 soli
924 1366 1202 1417 usurpentur.

816 1504 860 1543 V
859 1517 1033 1544 ersuzmz
1064 1505 1201 1544 series
1219 1502 1539 1562 junctumque.

539 1644 605 1686 Ex
625 1643 690 1686 liis
713 1651 900 1702 septem,
917 1650 964 1684 ut
982 1657 1112 1701 supra
1128 1641 1218 1699 jam
1239 1640 1446 1695 diximus,
1472 1651 1558 1685 tres
1582 1657 1752 1702 semper
1774 1640 1887 1684 solos

469 1712 685 1757 Martialis
716 1714 760 1756 in
788 1712 1018 1772 poematiis
1044 1711 1201 1765 habet,
1227 1728 1408 1772 nempe:

541 1784 786 1828 Iambicum
801 1783 1067 1826 Trimetrum
1095 1781 1382 1826 acatalectum
1412 1782 1692 1826 antimetrum
1710 1818 1721 1835 ‚
1754 1781 1886 1843 vulgo

470 1856 730 1899 SCAZONTA.

951 1923 1164 1985 Dactylic.
1192 1923 1337 1967 dimet.
1366 1934 1474 1968 acat.

947 1995 1178 2039 Trochaic.
1203 1994 1349 2038 (limet.
1373 1993 1498 2038 catal.
1522 1995 1566 2037 in
1589 1993 1857 2054 bisyllabunr

471 2066 604 2126 vulgo
637 2067 1124 2109 HENDECASYLLABUM
1154 2074 1229 2108 aut
1257 2067 1588 2109 PHALEUCIUM.

951 2135 1161 2196 Dactylic.
1179 2136 1336 2178 trimet.
1365 2135 1592 2195 trimorph.
1621 2145 1729 2178 acat.

950 2207 1107 2249 Troch.
1141 2205 1289 2249 dimet.
1322 2205 1445 2249 catal.
1478 2206 1521 2248 in
1552 2205 1829 2266 bisyllabum.

539 2279 645 2320 Tres
672 2292 776 2319 vero
802 2275 893 2319 aliis
920 2286 1179 2337 perpetuum
1208 2276 1345 2336 juncti
1377 2286 1640 2327 occurrunt,
1669 2293 1848 2337 nempe:

541 1965 839 2021 Asynarteton
862 1976 885 2002 e
919 1914 937 2056 1

931 2130 937 2138 r

542 2174 834 2231 Asynarteton
865 2187 887 2214 e
924 2141 939 2247 l

932 2249 938 2260 κ

468 2420 563 2453 culo:
580 2436 592 2448 n
606 2418 671 2452 Hie
685 2419 784 2464 niger
797 2427 867 2452 est:
881 2420 975 2452 hunc
988 2430 1037 2459 tu,
1049 2420 1213 2457 Romane,
1227 2428 1388 2460 caveto»,
1400 2422 1433 2453 τὸ
1446 2428 1490 2452 est
1503 2432 1666 2453 caesuram
1678 2419 1793 2460 crede,
1806 2432 1886 2452 nam

468 2472 622 2506 adhaeret
644 2476 688 2516 τῷ
709 2476 817 2516 niger,
843 2481 877 2505 et
895 2481 1079 2517 postquam
1101 2472 1137 2505 id
1153 2485 1238 2506 voce
1259 2473 1460 2517 protuleris,
1479 2471 1730 2517 quiescendum
1748 2480 1818 2513 est,
1839 2473 1886 2505 ita

469 2534 509 2558 ut
525 2537 586 2570 pes
611 2523 776 2557 caedatur.
794 2525 840 2557 At
861 2525 887 2557 si
908 2526 1090 2557 immutato
1112 2538 1216 2558 versu
1242 2525 1370 2558 dixeris
1389 2525 1493 2566 «Hic,
1510 2525 1567 2557 hic
1586 2533 1636 2557 est
1654 2526 1772 2570 niger;
1789 2525 1885 2558 hunc

468 2578 544 2611 sine
565 2578 636 2610 fine
655 2585 774 2609 caveto
793 2594 804 2605 ·›
819 2602 829 2615 ³
849 2578 986 2610 tollitur
1009 2590 1152 2618 caesura3
1176 2591 1328 2623 namque
1351 2578 1501 2611 adhaeret
1523 2578 1638 2611 subito
1661 2587 1693 2611 et
1712 2580 1747 2611 τὸ
1772 2579 1820 2610 hic
1839 2583 1884 2622 τῷ

469 2633 570 2675 niger,
594 2638 627 2662 et
643 2631 677 2662 Tb
695 2629 774 2661 Ιιιιηε
787 2635 832 2672 τῷ
856 2632 920 2661 sine
944 2630 1033 2674 fine;
1060 2643 1123 2663 nec
1146 2640 1223 2675 post
1249 2633 1318 2670 hic,
1346 2643 1408 2664 nee
1432 2640 1507 2674 post
1530 2631 1609 2662 sume
1631 2631 1724 2664 vocis
1744 2630 1885 2664 cessatio

469 2691 538 2725 est,
555 2695 636 2726 ergo
652 2693 715 2714 nec
732 2681 830 2726 pedis
851 2682 967 2715 scissio
989 2691 1022 2715 et
1040 2695 1180 2716 caesura.
