2061 3288
460 230 1053 277 EPIGRAMMATUM
1091 230 1214 273 LIB.
1255 230 1339 272 IV.

1513 228 1604 275 381

259 325 318 369 Et
342 322 483 366 bonus
507 321 697 366 aethereo
720 319 891 364 laxatur
915 328 1089 363 nectare
1111 319 1278 374 Caesar,

330 393 590 454 Ingentique
616 401 736 436 tenet
757 389 915 453 pocula
939 405 1071 451 parca
1097 405 1242 433 manu.

260 465 384 508 Tunc
413 463 592 508 admitte
613 464 738 524 jocos
769 480 778 505 2
803 478 953 523 gressu
979 462 1103 504 timet
1130 461 1192 504 ire
1218 459 1365 504 licenti

329 535 397 579 Ad
424 536 688 579 matutinum
714 543 864 577 nostra
885 531 1038 576 Thalia
1056 534 1224 576 Jovein.

246 691 279 722 9.
293 680 448 712 Lassatur
463 688 587 712 nectare
608 678 719 712 Coesar
736 678 870 712 Beverl.

191 732 255 765 MS
280 749 332 753 —
356 734 510 766 [Λυκαίων.
544 734 753 774 Recreantur,
778 732 872 765 curis

190 785 338 819 omissis.

249 851 304 872 10.
336 838 527 871 Pulmanni
558 846 627 872 vet.
657 837 734 871 eod.
757 838 874 883 pocula

192 892 284 935 larga
307 904 421 931 mamc;
441 890 537 937 quod
554 891 700 925 omnino
716 891 874 937 rejicien-

191 942 276 977 dum
299 953 397 990 putat
426 945 651 978 Ramiresius.
681 966 732 971 —
751 944 874 977 Pocula

186 1010 300 1042 parca.
317 997 520 1031 Domitiano
539 1006 733 1032 assentatur
744 1023 753 1040 ‚
769 1010 872 1043 quam

191 1062 296 1095 parce
325 1051 447 1084 hibere
478 1051 614 1092 innuit,
642 1060 676 1084 et
695 1063 799 1084 voces
825 1054 874 1084 ἰη-

189 1106 281 1147 genti
301 1112 335 1137 et
349 1118 450 1149 parca
472 1105 564 1138 inter
584 1118 619 1138 se
643 1117 707 1150 per
722 1103 875 1138 antithe-

192 1156 258 1189 sim
275 1157 433 1203 opponit.
451 1178 504 1184 —
521 1158 649 1203 Ingenti
663 1171 768 1191 manu.
786 1156 871 1191 Vid.

194 1221 321 1255 supra,
339 1210 449 1256 epigr.
474 1223 487 1243 1
503 1237 512 1252 ,
532 1224 582 1244 vs.
606 1213 640 1244 6.
660 1212 728 1245 En.

251 1275 264 1296 1
279 1275 310 1296 1.
338 1263 547 1297 Beverlandi
569 1264 647 1297 MS.
675 1278 784 1309 gressu
811 1277 873 1297 me·

933 680 991 710 tire
1011 677 1126 711 licebit.
1151 677 1340 710 Pulmanni
1366 676 1445 711 cod.
1474 691 1613 723 gressum

932 733 1037 764 metire
1057 731 1187 769 lz'cebc'l;
1209 731 1268 764 alii
1283 758 1292 773 ,
1315 744 1425 776 gressu
1442 734 1549 764 metire
1574 733 1615 764 li-

933 787 1035 824 centi‚·
1049 784 1123 826 alii,
1141 784 1279 816 licenter.
1294 805 1344 810 ——
1363 785 1453 817 Tunc
1470 785 1613 820 admitte.

933 837 1011 871 Hoc
1023 846 1084 879 est,
1097 845 1173 870 tum
1181 837 1290 870 libros
1301 850 1397 871 meos
1408 839 1614 871 Domitiano

934 891 1036 924 offer.
1054 910 1106 916 —
1131 890 1251 924 Gressu
1270 893 1366 924 timet.
1385 891 1522 925 Festi-va
1539 905 1617 926 mea

934 944 1037 978 Musa
1078 944 1252 977 matutino
1297 952 1456 990 tempore
1498 957 1617 979 coram

935 997 1141 1032 Domitiano
1158 997 1267 1042 jocari
1284 997 1530 1044 intempestive
1544 1012 1617 1032 non

935 1050 1063 1094 audet,
1086 1051 1218 1097 quippe
1244 1051 1305 1096 qui
1330 1059 1415 1084 tunc
1436 1053 1540 1085 rebus
1564 1065 1617 1086 se-

934 1104 995 1138 riis
1024 1113 1228 1150 occupetur.
1260 1104 1345 1139 Vid.
1372 1105 1434 1138 lib.
1463 1106 1516 1147 X,
1541 1106 1617 1152 epi-

935 1170 1090 1203 gramma
1108 1170 1181 1191 XIX.

992 1224 1006 1245 1
1018 1225 1050 1245 2.
1068 1212 1196 1245 Thalia.
1217 1212 1316 1245 Musa
1335 1224 1413 1257 quae
1424 1213 1612 1258 jocorum:

935 1258 949 1307 (
966 1265 1070 1298 θάλλω
1088 1290 1098 1307 ,
1110 1265 1215 1310 floreo
1231 1292 1240 1305 ‚
1263 1266 1363 1299 laecor.
1379 1259 1394 1310 )

851 1411 965 1466 IX.

689 1570 744 1598 IN
790 1550 1126 1599 FABULLAMf

409 1703 539 1747 SOTAE
568 1701 654 1746 filia
677 1702 843 1758 clinici,
870 1703 1074 1759 Fabulla,

411 1775 597 1817 Deserto
625 1775 815 1834 sequeris
842 1773 1007 1819 Clitum
1034 1777 1214 1830 marito,

407 1846 464 1888 Et
489 1844 649 1901 donas,
679 1854 723 1888 et
752 1861 893 1900 anias,
921 1846 1022 1905 ἔχεις
1052 1846 1233 1897 ἀσώτως.

251 1984 264 1999 “
286 1990 325 2023 In
343 1990 511 2023 Labullam
525 1991 654 2024 lemma
674 1999 724 2024 est
742 1990 777 2023 in
794 1989 877 2023 Ald.

199 2055 279 2075 ann.
298 2042 518 2085 15013Junt.
534 2057 616 2077 ann.
634 2048 743 2085 15123
762 2043 878 2078 Colin.

203 2096 321 2137 15283
337 2104 371 2129 et
389 2097 475 2131 aliis.

257 2161 288 2182 1.
308 2149 445 2182 Labulla
467 2150 503 2182 in
525 2149 660 2184 iisdem.
678 2174 731 2177 —
750 2151 877 2185 Clinici.

200 2200 293 2235 Vide
311 2203 372 2235 lib.
391 2204 408 2235 Ι
424 2229 433 2242 ,
449 2203 558 2248 epigr.
582 2216 682 2238 xxxr.

256 2268 289 2288 2.
312 2255 442 2289 Clitum.
460 2256 651 2290 Moechum.

255 2307 289 2341 3.
319 2308 385 2341 Hic
410 2321 532 2342 versus
559 2318 726 2355 corrupte
751 2310 878 2355 legitur

200 2360 237 2392 in
254 2361 398 2394 Juntina
417 2374 424 2395 ε
448 2374 557 2407 graeca
575 2364 681 2396 verba
697 2389 705 2403 ,
724 2372 764 2396 ut
789 2375 877 2396 sem-

199 2426 276 2459 per,
289 2415 405 2447 omisit
415 2415 527 2448 Colin.
547 2415 667 2449 Codex
685 2417 878 2450 Vaticanus

200 2467 249 2500 sic
264 2467 370 2500 habet
387 2480 395 2501 ε
417 2469 465 2501 Et
479 2468 578 2501 donas
591 2496 600 2509 ‚
623 2477 653 2501 et
668 2482 754 2501 amas
768 2497 776 2509 ,
798 2470 878 2502 ethi-

200 2533 289 2552 sacos
304 2521 420 2554 octlzos.
435 2543 488 2547 -——
508 2522 630 2555 Donas.
650 2523 742 2556 Eum
757 2535 880 2555 mune-

200 2573 298 2606 ribus
314 2572 479 2607 donando
499 2587 621 2609 omnes
643 2584 718 2609 tuas
741 2574 880 2609 divitias

202 2625 385 2672 disperdis.
405 2649 457 2654 —-
474 2621 566 2672 Ιῖχεις
588 2629 735 2667 ἀσώτως.
755 2630 795 2661 111
816 2629 881 2662 hac

203 2691 288 2713 voce
309 2679 400 2715 ludit
422 2681 548 2723 Poeta,
570 2695 678 2727 quum
703 2681 790 2716 dicit
816 2682 879 2716 Fa-

938 1990 1072 2024 bullam
1093 2003 1166 2025 esse
1183 1991 1290 2025 filiam
1308 1993 1426 2026 clinici
1446 1993 1538 2029 Sotae
1553 2023 1562 2039 ,
1582 1997 1619 2031 id

941 2052 991 2077 est
1005 2070 1014 2085 ,
1034 2044 1162 2078 medici
1186 2045 1247 2091 qui
1266 2046 1340 2079 aliis
1356 2047 1503 2081 salutem
1519 2051 1620 2084 resti-

939 2105 1072 2139 tueret3
1095 2100 1188 2138 σώζω
1208 2098 1303 2132 enim
1321 2113 1408 2133 ser-vo
1425 2114 1436 2134 .·
1454 2102 1548 2135 illam
1570 2112 1621 2137 ta-

939 2163 1021 2184 men
1034 2151 1174 2197 perdite
1187 2165 1222 2185 se
1235 2153 1366 2187 habere
1379 2180 1387 2194 ,
1403 2167 1512 2200 quum
1527 2158 1621 2192 bona

939 2204 1058 2238 omnia
1073 2204 1272 2239 effunderet
1290 2229 1300 2246 .,
1321 2216 1354 2240 et
1374 2208 1553 2243 luxuriose
1571 2212 1621 2244 vi-

937 2266 1047 2291 veret.
1068 2258 1155 2292 Sotoe
1170 2272 1205 2292 es
1224 2259 1295 2293 filia
1309 2287 1316 2300 ,
1331 2261 1446 2305 inquit
1458 2288 1466 2304 ‚
1483 2271 1516 2296 et
1529 2273 1620 2297 asota

938 2323 973 2344 es
990 2336 999 2353 ,
1017 2311 1085 2344 hoc
1108 2321 1158 2345 est
1173 2337 1182 2352 ,
1205 2312 1353 2359 prodiga
1376 2323 1409 2347 et
1428 2315 1618 2351 luxuriosa.

938 2365 991 2397 De
1018 2363 1155 2398 medico
1181 2365 1308 2399 clinico
1337 2365 1470 2401 dictum
1498 2370 1560 2404 lib.
1578 2373 1618 2413 I,

938 2417 1143 2462 epigramm.
1174 2431 1268 2451 xxxr.
1303 2420 1527 2464 Aristoteles,
1553 2424 1618 2458 lib.

940 2471 1004 2511 IV,
1023 2469 1066 2503 ad
1085 2471 1359 2514 Nicomachum,
1375 2485 1404 2507 c.
1428 2487 1442 2508 1
1460 2490 1467 2508 z
1485 2470 1620 2517 Ᾰσωτος

938 2522 998 2568 γὰρ
1020 2525 1033 2556 ὁ
1054 2521 1099 2556 δι’
1121 2525 1215 2558 αὑτὸν
1237 2526 1454 2572 &fiontius-mg
1471 2541 1479 2562 :
1499 2530 1621 2563 Asotus

939 2579 1020 2608 cm'm
1040 2585 1086 2609 est
1106 2580 1160 2624 qui
1177 2591 1209 2610 se
1227 2580 1326 2624 ipsum
1341 2581 1458 2624 perdit,
1481 2604 1534 2609 -—
1555 2585 1622 2617 Ra-

939 2629 1098 2663 miresius
1117 2631 1165 2664 ait
1185 2639 1253 2665 tres
1271 2645 1343 2666 esse
1359 2647 1477 2669 sensus
1490 2635 1526 2669 in
1543 2638 1620 2683 qui-

939 2683 1006 2716 bus
1028 2683 1128 2719 ludat
1152 2685 1258 2719 Poeta
1283 2698 1290 2720 :
1318 2699 1427 2732 quum
1454 2698 1544 2722 asota
1574 2690 1619 2724 si-
