2061 3288
469 253 1049 296 EPIGRAMMATUM
1093 253 1219 294 LIB.
1260 253 1324 294 II.

1511 250 1601 297 185

329 341 532 385 Ostendit
562 340 714 385 stultas
742 341 844 402 quid
872 342 949 384 nisi
978 340 1155 384 morbus
1181 357 1285 401 opes
1297 339 1314 382 Ξ)

259 412 377 469 Quid
406 412 481 455 tibi
511 428 611 456 cum
640 411 846 456 medicis?
871 411 1039 455 dimitte,
1068 411 1336 455 Machaonas
1367 427 1528 456 omncs.
1585 434 1599 456 r,

328 483 403 526 Vis
425 482 518 527 fieri
544 481 705 526 sanus?
733 482 927 544 stragula
954 499 1075 526 sume
1100 498 1211 526 mea.

185 621 312 667 quibus
321 621 863 668 obligabatureMedicorumim-

183 675 283 719 perio
301 690 310 715 3
341 688 396 709 eas
425 676 601 722 appellans
632 677 776 709 sindones
788 703 796 717 ,
829 685 862 710 et

183 727 326 772 quidem
354 729 486 770 olentes,
506 741 523 761 e
551 730 684 762 murice
717 730 859 763 scilicet.

181 780 396 827 Intelligitur
417 782 521 815 etiam
541 782 698 816 sindonis
716 783 859 816 nomine

180 832 330 867 linteum
353 834 464 878 illud,
490 848 563 881 quo
590 836 859 870 involvebantur

181 887 244 931 qui
263 888 465 922 tonsoribus
483 901 625 933 operam
647 888 794 929 dabant,
819 898 858 923 ut

180 939 369 974 etiamnum
389 941 495 975 hodie
513 942 563 975 fit.
581 964 633 968 —
650 943 748 988 Legit
764 942 856 976 Scri-

179 993 296 1027 verius
319 994 436 1027 Sidone
459 998 572 1027 linclus
589 996 704 1037 olenti,
726 995 762 1029 id
781 1005 856 1038 est,

179 1057 337 1091 purpura
350 1047 493 1081 Sidonia
506 1049 638 1082 tinctus
648 1062 656 1090 ;
667 1060 743 1095 quae
760 1049 856 1082 olens

178 1097 328 1142 dicitur,
341 1101 421 1146 quia
434 1101 583 1135 recentis
596 1114 764 1147 purpurae
778 1114 855 1148 gra-

178 1151 230 1185 vis
251 1161 301 1187 est
321 1153 423 1187 odor.

978 623 1010 656 5.
1042 622 1247 655 Illuclcuonas.
1275 621 1406 655 Medici
1434 623 1482 656 sic
1513 622 1599 658 dicti

921 684 1002 709 suut
1022 688 1039 708 a
1055 675 1270 716 Machaone,
1292 675 1365 708 filio
1380 675 1568 722 lsssculapii
1588 701 1598 716 ‚

920 729 1105 762 nobilitato
1134 729 1176 763 ab
1202 730 1357 762 Homero
1386 741 1465 762 cum
1493 730 1602 764 fratre

921 781 1105 815 Podalirio.

972 838 1005 869 6.
1027 836 1085 869 l'z's
1094 834 1173 880 fieri
1188 848 1295 869 sanus.
1320 833 1375 867 Ad
1397 844 1549 869 mentem
1567 844 1600 870 et

917 887 960 922 ad
981 902 1111 935 corpus
1125 888 1228 922 refer.
1244 887 1335 922 Vide
1354 888 1413 921 lib.
1432 889 1505 930 VI,
1525 890 1599 934 epi-

916 954 1061 987 gramm.
1079 955 1218 975 Lxxxtv.
1230 963 1281 968 —-
1294 942 1389 975 Sume
1403 955 1480 975 mea.
1498 942 1596 984 Quo-

915 995 1009 1028 niam
1026 1008 1065 1029 ea
1082 1004 1256 1029 ostentare
1269 1008 1340 1028 non
1355 995 1473 1040 cupies
1488 1021 1496 1036 ‚
1515 1004 1596 1029 sunt

916 1049 1010 1082 enini
1026 1049 1210 1090 vilissiina3
1225 1057 1330 1093 atque
1341 1048 1388 1082 ita
1399 1048 1459 1082 fies
1472 1061 1574 1082 sanus
1589 1062 1598 1090 ;

916 1102 984 1135 hoc
1006 1111 1077 1144 est,
1093 1115 1165 1135 non
1185 1102 1318 1135 fovebis
1338 1102 1529 1145 lectulum,
1551 1114 1596 1136 εε-

915 1167 1016 1200 grum
1038 1164 1072 1188 te
1095 1155 1274 1189 simulans.

775 1291 991 1346 XVII.

203 1447 265 1476 AD
304 1448 607 1488 AMMIANUM,
646 1449 705 1477 DE
743 1448 1000 1478 TONSTRICE
1041 1449 1230 1479 MOECHA
1269 1451 1325 1478 ET
1364 1430 1569 1480 ΑὛΑΒιΑ.ῃ

313 1575 551 1619 TONSTRIX
574 1574 780 1618 Suburrae
803 1573 1000 1618 faucibus
1028 1574 1147 1619 sedet
1171 1576 1347 1636 primis,

314 1646 508 1689 Cruenta
534 1644 726 1705 pendent
751 1661 835 1706 qua
862 1645 1031 1707 flagella
1057 1655 1299 1703 tortorum,

313 1717 503 1777 Argique
529 1714 662 1759 letum
687 1716 852 1760 multus
875 1717 1045 1760 obsidet
1070 1727 1206 1761 sutor.

223 1848 241 1862 *
258 1854 457 1887 Tonsorum
475 1854 626 1887 tabernae
647 1866 727 1887 vera
749 1863 848 1887 erant

170 1906 356 1940 hominum
377 1908 571 1941 otiosorum
596 1907 826 1941 conciliabula
841 1934 849 1949 ‚

170 1968 209 1992 ut
238 1973 278 1993 ex
313 1960 432 1993 multis
464 1960 642 2002 Terentii,
674 1961 787 1994 Plauti
813 1969 847 1994 et

169 2012 402 2059 Theophrasti
418 2013 503 2046 locis
523 2021 676 2060 apparet.
694 2013 766 2047 Hac
783 2014 848 2047 fre-

168 2066 312 2110 quentia
333 2067 536 2100 abutentem
555 2065 743 2113 quamdam
766 2079 847 2099 moe·

167 2119 268 2151 cham
297 2119 447 2153 tonsoris
472 2132 642 2161 uxorem,
664 2129 703 2153 ut
728 2119 845 2153 adole-

167 2171 338 2205 scentium
357 2173 520 2217 pecunias
542 2172 761 2214 corraderet„
783 2172 844 2206 de-

166 2223 258 2258 ridet
271 2225 439 2258 Martialis
454 2225 489 2258 in
505 2226 731 2271 ambiguitate
746 2227 843 2259 verbi

167 2278 277 2310 radere
292 2277 428 2311 ludens.
446 2279 512 2311 En.
533 2297 583 2304 —-
603 2279 662 2312 Ad
671 2280 842 2312 Amianum

165 2330 370 2364 inscribitur
394 2331 427 2364 in
450 2330 530 2365 Ald.
558 2332 648 2365 Junt
667 2340 701 2365 et
726 2332 841 2366 Colin.

163 2383 202 2416 in
223 2384 298 2417 aliis
317 2384 377 2417 Ad
391 2385 604 2418 Ammiamcm.

223 2450 255 2471 1.
292 2438 414 2470 Tonsor
449 2437 581 2471 Subura)
614 2438 839 2472 Pulmannus.

163 2511 215 2516 —
231 2490 391 2524 Suburroe.
411 2490 567 2524 Suburra
590 2490 684 2536 regio
701 2491 766 2524 fuit
786 2504 843 2524 ur-

163 2542 218 2576 bis
241 2543 537 2588 frequentissima,
557 2543 604 2577 sic
621 2543 712 2577 dicta
729 2539 842 2587 (Var-

163 2607 203 2628 ro
215 2622 224 2636 ‚
237 2596 299 2629 lib.
317 2598 381 2637 IV,
398 2596 441 2629 de
459 2597 576 2642 lingua
592 2592 742 2641 latina),
758 2598 838 2643 quia

163 2648 227 2680 sub
240 2649 393 2695 antiquis
411 2651 508 2684 urbis
527 2650 720 2692 moenibus,
734 2650 768 2683 id
788 2659 838 2684 est

163 2701 226 2733 sub
253 2714 356 2736 muro
385 2711 497 2737 terreo
529 2704 735 2738 Carinarum
765 2712 837 2737 erat

908 1855 1041 1900 posita3
1069 1856 1167 1901 quasi
1192 1856 1394 1897 suburbana,
1420 1870 1482 1903 per
1502 1870 1586 1891 con-

908 1909 1127 1942 tractionem.
1153 1908 1252 1942 Idem
1270 1910 1528 1944 observandum
1544 1911 1588 1945 cle

907 1961 1108 1994 Sammoenio.
1142 1962 1344 1996 Meretrices
1378 1963 1589 1997 dicebantur

907 2027 1031 2047 uxores
1064 2014 1273 2048 Suburranae
1291 2042 1300 2057 ‚
1325 2017 1380 2048 vel
1418 2016 1588 2050 Summoe-

906 2067 1030 2101 nianae.
1054 2090 1107 2094 -—
1125 2068 1284 2101 Faucibus
1303 2069 1388 2101 sedet
1401 2072 1526 2114 primis.
1546 2072 1586 2103 In

904 2120 1021 2166 primo
1043 2119 1142 2153 aditu
1165 2121 1271 2154 habet
1291 2122 1480 2156 officinam.

961 2188 994 2207 2.
1017 2174 1155 2207 Cruenta
1173 2175 1313 2219 pendent
1327 2201 1336 2215 ,
1358 2184 1423 2208 etc.
1445 2176 1518 2208 Ubi
1536 2185 1586 2210 est

905 2225 1033 2260 domus
1058 2228 1201 2261 tortoris
1227 2228 1382 2273 publici,
1411 2229 1586 2263 maleficos

903 2280 986 2313 loris
1002 2281 1199 2326 plectentis.
1222 2281 1351 2315 Forsan
1371 2294 1483 2328 prope
1501 2290 1585 2316 tem-

903 2333 1003 2378 plum
1032 2333 1205 2379 Apollinis
1233 2335 1396 2375 tortoris,
1433 2334 1479 2368 de
1511 2348 1583 2381 quo

903 2386 1035 2419 mentio
1069 2386 1164 2431 apud
1194 2386 1403 2420 Suetonium
1422 2414 1430 2430 ‚
1461 2388 1585 2423 Octav.

902 2439 1048 2484 August.
1072 2452 1133 2484 70.

958 2491 990 2525 3.
1017 2492 1162 2538 Argique
1184 2493 1289 2527 letum.
1311 2493 1356 2526 Et
1380 2494 1585 2539 Argiletum.

900 2546 1161 2590 ——Argiletum
1183 2554 1257 2580 erat
1278 2547 1375 2592 regio
1396 2548 1512 2589 urbis,
1530 2548 1583 2581 bi-

900 2597 1136 2643 bliopolarum
1166 2607 1397 2645 sutorumque
1430 2601 1583 2634 tabernis

898 2650 1060 2697 frequens
1070 2679 1077 2693 ‚
1090 2651 1184 2685 haud
1198 2653 1321 2698 procul
1336 2653 1473 2686 theatro
1487 2654 1581 2687 Mar-

898 2705 975 2738 celli
991 2731 999 2746 ‚
1019 2718 1035 2738 a
1058 2705 1210 2752 quodam
1231 2707 1322 2751 Argo
1337 2733 1344 2747 ‚
1367 2705 1457 2739 duce
1479 2708 1582 2752 Argi-
