2061 3288
434 237 1023 281 EPIGRAMMATUM
1062 238 1187 279 LIB.
1227 237 1324 278 111.
1490 233 1584 281 33*

243 326 286 369 Si
308 325 418 369 benc
439 334 481 368 te
503 326 631 380 novi3
654 324 832 386 longum
852 325 941 385 jam
964 324 1073 368 lassa
1098 323 1292 367 libellum

312 395 510 440 Poncbas
529 412 536 438 ε
565 405 706 440 totum
731 412 848 440 nunc
871 396 1062 440 studiosa
1084 394 1214 456 leges.

232 548 244 568 1
258 548 287 568 2.
323 533 415 568 cod.
450 534 592 567 Tlman.
627 542 746 566 tantum
773 547 855 567 num:
913 534 1008 567 enim
1024 534 1193 567 obscoenae
1211 541 1243 566 et
1261 532 1445 566 libidinem
1462 533 1593 566 cientes

172 589 314 621 stauliosa
343 588 437 632 leges.
465 586 558 621 Edd.
580 596 662 621 vett.
686 600 750 633 pro
773 588 854 631 leges

915 588 1122 632 plerumque
1159 587 1266 631 magis
1300 587 1459 631 placent,
1489 599 1593 631 quam

173 642 305 674 liabent
326 641 416 686 legis.
444 661 493 667 -·
508 640 659 674 studiosa
678 642 772 685 leges.
789 642 855 674 Res
915 641 1071 674 honestae
1089 653 1152 685 per
1170 652 1207 673 se
1230 638 1418 684 frigidulae.

762 777 1001 832 LXIX.

660 933 729 961 AD
767 932 1122 962 COSCONIUM.

246 1058 417 1102 OMNIA
438 1056 557 1117 quod
583 1056 736 1100 scribis
762 1058 890 1101 castis
911 1057 1241 1118 Epigrammata
1267 1058 1412 1101 verbis
1427 1094 1437 1108 ,

319 1130 459 1188 Inque
481 1128 564 1171 tuis
590 1126 707 1170 nulla
729 1137 794 1171 est
816 1127 1011 1171 mentula
1033 1129 1317 1183 carminibus,

251 1198 484 1252 Adlnir0r3
511 1197 641 1241 laudo
664 1215 672 1240 :
698 1197 804 1241 nihil
826 1208 892 1242 est
915 1208 957 1242 te
979 1199 1170 1243 sanctius
1191 1216 1280 1243 uno
1303 1217 1312 1243 ;

320 1270 378 1312 At
399 1285 494 1313 mea
518 1267 688 1312 luxuria
708 1270 866 1329 pagina
887 1269 1006 1313 nulla
1026 1279 1165 1313 vacat.

250 1342 355 1384 Haec
385 1341 518 1400 igitur
541 1339 723 1399 juvenes
753 1355 940 1399 nequam
967 1339 1201 1400 facilesque
1226 1340 1402 1401 puellae,

325 1412 428 1454 Haec
460 1410 624 1465 senior,
651 1408 726 1453 secl
751 1426 881 1470 quem
912 1419 1088 1470 torquet
1118 1412 1284 1465 amica,
1311 1410 1440 1472 legat.

249 1483 307 1524 At
335 1490 436 1537 tua,
465 1481 678 1535 Cosconi,
698 1480 1034 1541 venerandaque
1063 1491 1300 1543 sanctaque
1331 1481 1465 1524 verba

317 1553 355 1596 A
383 1552 529 1612 pueris
559 1550 720 1595 debent
744 1551 1074 1612 virginibusque
1105 1550 1201 1612 legi.

238 1700 272 1721 2.
292 1687 390 1732 Inque
409 1689 480 1720 tuis.
499 1685 586 1719 Vid.
610 1686 673 1720 lib.
695 1688 730 1726 Ι,
751 1686 861 1732 epigr.

184 1752 288 1773 xxxw
305 1764 316 1780 ‚
334 1753 369 1774 v.
388 1739 418 1773 5.
439 1761 491 1765 —
509 1740 631 1772 Ausim
655 1739 726 1772 fere
746 1740 861 1785 suspi-

183 1794 257 1826 cari
275 1793 383 1826 latere
402 1792 473 1826 illic
490 1794 610 1837 jocum
629 1805 669 1825 ex
689 1792 861 1837 ambigui-

184 1854 254 1879 tate
280 1845 431 1891 quadam
464 1846 558 1878 vocis
589 1846 724 1878 mentula
742 1859 754 1885 ,·
786 1858 864 1891 quae

184 1911 314 1944 nempe
340 1907 466 1944 praeter
489 1899 667 1944 vulgarem
692 1899 863 1943 significa-

185 1953 319 1985 tionem
330 1951 492 1997 usurpari
503 1960 618 1997 potest
630 1977 638 1992 ‚
655 1960 694 1984 ut
708 1953 752 1984 sit
766 1952 864 1996 quasi

185 2004 360 2038 diminuta
383 2018 469 2045 vox,
494 2017 510 2036 a
535 2010 581 2049 τῷ
605 2018 687 2036 mens
709 2003 864 2045 detorta,

187 2066 222 2090 et
241 2057 290 2090 illi
307 2070 411 2090 sensu
432 2058 622 2091 cohaerens.
640 2056 729 2090 Inde
744 2056 867 2091 irridet

188 2111 294 2143 Poeta
317 2111 529 2144 Cosconium
545 2110 639 2156 quod
656 2123 775 2144 versus
791 2111 867 2144 sine

188 2172 306 2196 mente
319 2189 327 2203 ‚
344 2163 379 2196 id
395 2172 461 2204 est,
475 2163 619 2196 stolidos
637 2173 670 2197 et
691 2164 848 2197 inficetos
859 2190 868 2205 ,

189 2216 367 2260 ¹scripserit
379 2230 387 2255 ς
400 2225 432 2249 et
447 2217 551 2249 simul
566 2229 645 2250 eum
659 2218 770 2263 carpit
785 2217 869 2249 sales

190 2321 320 2355 cundia
339 2322 500 2355 versibus
520 2322 729 2368 abigentem.
748 2317 816 2357 En}

247 2376 280 2408 3.
295 2375 419 2409 huzda.
440 2375 578 2408 Irouice
594 2376 705 2408 laudat
720 2384 754 2409 et
769 2377 870 2409 admi-

922 1695 1014 1720 ratur
1035 1688 1197 1721 Cosconii
1212 1687 1406 1721 castitatem
1422 1688 1458 1721 in
1474 1688 1602 1722 verbis.

978 1744 1013 1780 4.
1032 1742 1083 1774 At
1100 1754 1167 1774 mea
1180 1743 1306 1786 pruritu
1321 1741 1468 1774 Juntina
1484 1749 1603 1775 nostra

922 1794 960 1826 in
978 1794 1145 1839 margine.

978 1859 1012 1891 7.
1036 1848 1085 1880 At
1106 1855 1178 1886 tua,
1205 1846 1349 1880 Cosconi.
1374 1848 1426 1881 De
1443 1860 1516 1893 quo
1531 1848 1602 1891 jam

924 1898 1057 1932 dictum
1070 1899 1132 1932 lib.
1145 1901 1199 1938 II,
1216 1900 1325 1945 epigr.
1340 1913 1462 1933 Lxxvn
1474 1926 1484 1941 ‚
1497 1912 1602 1945 quem

924 1951 1041 1985 laudat
1060 1953 1229 1986 Martialis
1247 1953 1382 1986 ironice
1396 1978 1405 1994 ,
1425 1966 1533 1999 quum
1553 1952 1604 1985 di-

925 2013 979 2038 cat
991 2006 1239 2051 epigraminata
1256 2007 1330 2050 ejus
1344 2031 1354 2047 ‚
1371 2014 1538 2051 tanquam
1555 2006 1604 2038 in-

926 2059 1016 2091 sulsa
1050 2067 1082 2091 et
1108 2059 1181 2091 sine
1210 2059 1392 2099 acumine,
1416 2057 1563 2104 legenda
1585 2072 1603 2091 a

926 2111 1145 2157 simplicibus
1159 2120 1263 2156 atque
1275 2113 1316 2144 ab
1332 2110 1500 2152 indoctis,
1518 2123 1603 2156 qua-

928 2164 976 2197 les
987 2173 1068 2197 sunt
1081 2165 1233 2210 virgines
1244 2173 1276 2197 et
1287 2165 1402 2209 pueri,
1417 2177 1476 2197 sua
1488 2173 1605 2197 autem

929 2230 946 2250 a
976 2218 1216 2251 lascivioribus
1243 2218 1369 2262 puellis
1394 2218 1483 2263 legi3
1506 2217 1605 2262 quasi

930 2270 1021 2304 dicat
1045 2272 1164 2316 plures
1191 2283 1262 2304 esse
1277 2297 1285 2311 ,
1316 2271 1377 2316 qui
1401 2283 1463 2304 sua
1490 2271 1605 2315 legant

929 2337 1033 2369 quam
1053 2324 1219 2358 Cosconii
1235 2350 1244 2364 ,
1263 2324 1310 2357 ob
1328 2337 1408 2356 eum
1428 2324 1604 2369 pruritum

933 2378 993 2422 qui
1014 2378 1048 2410 in
1071 2377 1169 2411 omni
1189 2377 1314 2422 pagina
1335 2385 1396 2410 est.
