2061 3288
448 222 1034 267 EPIGRAMMATUM
1074 221 1198 264 LIB.
1240 222 1337 264 111.

1506 219 1595 265 311

328 312 443 353 Inter
469 309 660 354 lactucas
687 312 1016 371 oxygarumque
1043 308 1163 353 liber.

257 379 377 424 Alter
402 379 660 442 perlegitur,
683 380 787 424 dum
815 379 980 425 fercula
1005 380 1144 441 prima
1165 389 1395 423 morantur
1419 398 1426 421 ε
1599 399 1610 421 s

321 452 492 495 Tertius
517 461 582 495 est
597 487 608 507 ,
631 468 711 496 nec
735 451 879 496 adh‘uc
899 467 1049 495 mensa
1073 450 1264 494 secunda
1289 452 1421 494 venit.

255 523 311 565 Et
331 531 536 583 quartum
560 523 738 578 recitas,
763 533 806 567 ct
830 523 1030 583 quintum
1056 521 1242 583 denique
1265 519 1439 565 librum.

325 592 506 638 Putidus
532 603 618 647 est,
642 595 768 638 toties
797 595 830 638 si
859 593 966 638 mihi
996 593 1122 654 ponis
1153 609 1322 654 aprum.

255 663 387 720 Quod
413 665 446 708 si
470 681 559 708 non
586 664 797 709 scombris
827 663 1036 709 scelerata
1063 673 1266 725 poemata
1297 662 1434 707 donas
1458 681 1468 708 ε

325 735 531 779 Coenabis
563 735 679 780 solus
699 737 811 797 jam,
838 736 1070 797 Ligurine,
1095 734 1225 778 domi.

183 885 286 907 versu
313 875 371 909 13.
399 894 450 901 —
469 876 591 910 soleas.
615 876 775 917 Gellius,
802 876 863 909 lib.

184 927 294 969 XIII,
321 940 396 974 cap.
435 941 502 962 20:
539 947 552 959 α
572 929 700 963 Omnia
736 929 865 975 quibus

183 980 382 1026 plantarum
397 982 507 1016 calces
524 991 663 1017 tantum
680 983 802 1017 infime
818 991 865 1016 te-

183 1042 319 1078 guntur
333 1061 342 1076 ‚
358 1043 481 1069 caetera
496 1048 611 1081 prope
627 1036 722 1070 nuda
737 1060 746 1077 ‚
766 1043 800 1069 et
814 1043 864 1069 te—

182 1087 316 1121 retibus
334 1087 480 1122 habenis
498 1090 619 1134 juncta
636 1097 718 1123 sunt
729 1115 739 1132 ‚
757 1089 864 1123 soleas

183 1138 363 1174 dixerunt.
387 1158 400 1171 »
423 1142 540 1187 Ingens
553 1142 639 1175 liber.
655 1142 729 1184 Qui
743 1143 865 1187 ingens

183 1193 328 1227 malum.
350 1195 429 1228 Lib.
451 1196 469 1227 I
483 1221 492 1236 ‚
514 1195 623 1241 epigr.
647 1208 739 1230 cmx.

239 1250 273 1287 4.
314 1247 523 1281 Beverlandi
553 1248 627 1282 MS.
666 1251 862 1294 osii-[gerum.

183 1297 393 1333 Calderinus
428 1301 511 1347 legit
529 1327 538 1342 ‚
571 1303 737 1346 origanum
754 1326 768 1342 ,γ
797 1314 864 1335 nec

182 1351 429 1388 animadvertit
450 1354 683 1400 quantitatem
705 1355 864 1402 syllabae3

182 1417 264 1438 nam
301 1408 468 1451 origanum
502 1405 515 1447 (
531 1405 717 1453 ὀρείγοινον)
752 1419 864 1453 graeca

182 1465 234 1492 est
252 1457 362 1493 dictio
378 1486 387 1501 ,
406 1460 626 1506 corripitque
641 1461 792 1506 primam
806 1486 816 1503 ‚
830 1469 864 1495 et

182 1511 372 1545 secundam
404 1513 580 1559 producit.
619 1513 794 1548 Scribitur
829 1522 864 1548 et

183 1577 332 1609 organas.
343 1565 461 1600 Seren.
474 1567 652 1601 Sammon.
664 1568 727 1601 Ict.
739 1567 862 1613 Scorp.

189 1634 202 1646 «
223 1617 384 1664 Cumque
399 1619 468 1653 hoc
484 1621 620 1654 absumi
638 1619 783 1655 debebit
796 1620 864 1654 ori-

184 1682 292 1715 ganus
319 1671 440 1706 herba.
461 1690 474 1701 n
504 1673 598 1707 Vide
622 1673 692 1707 hoc
715 1674 863 1708 verbum

184 1723 221 1755 in
246 1723 394 1758 Nicand.
413 1725 521 1759 Ther.
542 1747 594 1753 —
613 1727 780 1760 Lactucas.
801 1728 862 1760 In—

185 1776 359 1811 choabant
380 1778 531 1812 Romani
555 1791 687 1813 coenam
713 1792 731 1812 a
757 1780 864 1813 lactu-

184 1829 234 1863 cis
256 1838 290 1863 et
311 1830 469 1865 helvellis
491 1844 567 1877 quae
591 1840 752 1865 ventrem
770 1832 865 1866 cient

184 1890 217 1915 et
238 1883 413 1917 lubricant
429 1896 437 1917 ε
456 1893 579 1918 contra
598 1887 770 1931 majorum
791 1898 864 1919 mo-

184 1948 258 1968 rem
276 1937 337 1982 qui
352 1936 476 1970 iisdem
494 1950 569 1972 eam
585 1938 767 1972 finiebant.
784 1939 861 1972 Lib.

187 1989 275 2022 XIII
289 2015 298 2030 ‚
320 1990 429 2036 epigr.
452 2003 535 2025 x1v:
559 2009 572 2021 ‹.
592 1991 766 2026 Claudere
786 2004 863 2037 quae

186 2053 297 2076 coenas
312 2043 446 2077 lactuca
461 2045 594 2078 solebat
611 2057 758 2078 avorum
770 2070 779 2086 ,
798 2046 863 2078 Dic

185 2095 275 2128 mihi
305 2108 368 2129 cur
394 2105 530 2132 nostras
551 2098 693 2132 inchoat
722 2098 781 2131 illa
802 2097 863 2132 da-

186 2147 274 2192 pes?
299 2165 312 2177 »
340 2168 390 2175 —-
416 2149 615 2196 Gay-garum.
636 2150 864 2186 Condimenti

186 2213 294 2245 genus
312 2214 352 2234 ex
370 2215 452 2247 garo
472 2211 507 2236 et
523 2212 620 2238 aceto
640 2204 839 2238 confectum
854 2217 861 2238 :

187 2263 238 2287 est
249 2266 369 2299 garum
380 2267 500 2289 succus
517 2255 660 2301 quidam
673 2269 735 2291 seu
751 2258 863 2292 muria

188 2319 206 2338 e
228 2306 477 2354 pisciculorum
496 2309 679 2344 intestinis.
696 2311 862 2344 Acetariis

926 887 1069 921 quoque
1084 888 1218 909 coenam
1232 876 1445 909 inchoabant
1459 901 1468 916 ,
1486 883 1607 908 contra

925 930 1103 975 majorum
1137 941 1251 962 usum.
1285 928 1370 962 Vid.
1403 929 1465 962 lib.
1495 929 1583 961 XIII
1599 955 1607 967 ,

926 983 1035 1028 epigr.
1058 995 1122 1016 CII.

981 1035 1014 1069 5.
1037 1035 1107 1068 Alii
1125 1038 1313 1079 porrigitur.
1343 1056 1393 1061 -—
1423 1034 1605 1068 Morantur.

925 1088 954 1120 A
989 1088 1096 1133 pigris
1129 1088 1299 1122 ministris
1325 1086 1424 1122 tarde
1453 1088 1608 1127 afferun-

926 1149 997 1175 tur.
1016 1142 1083 1175 Ε1).

980 1198 1014 1229 6.
1038 1195 1151 1228 Μεηεα
1169 1195 1318 1228 secunda.
1340 1196 1385 1226 Le
1406 1195 1522 1227 second
1541 1208 1607 1227 ser·

923 1249 994 1280 vice
1006 1262 1019 1288 ;
1039 1249 1093 1281 vel
1121 1248 1257 1293 potius,
1283 1249 1311 1280 le
1331 1248 1450 1280 desset-t
1466 1274 1475 1290 ‚
1497 1260 1605 1293 quum

923 1300 1068 1335 bellaria
1081 1309 1114 1334 et
1129 1301 1262 1335 fructus
1282 1310 1521 1346 apponuntur.
1539 1302 1605 1333 En.

979 1367 1013 1399 7.
1042 1355 1092 1387 Et
1113 1363 1258 1400 quartum
1276 1357 1369 1399 ponis
1397 1353 1605 1388 Beverlandi

924 1406 999 1441 MS.
1015 1411 1155 1453 quintum
1164 1407 1296 1454 denique
1308 1407 1416 1440 bruma
1425 1408 1461 1440 in
1471 1406 1607 1441 eodem.

979 1462 1014 1495 8.
1043 1461 1199 1494 Pam-idus
1221 1469 1266 1493 est
1291 1461 1398 1494 habet
1419 1459 1514 1495 idem
1532 1460 1609 1495 MS.

924 1536 977 1541 -—
988 1515 1127 1547 Putidus
1141 1522 1196 1548 est.
1215 1516 1311 1560 Aper
1330 1512 1342 1555 (
1357 1514 1418 1560 qui
1434 1523 1507 1548 erat
1522 1514 1610 1547 anti-

924 1567 1002 1612 quis
1031 1567 1067 1600 in
1105 1565 1282 1610 deliciis),
1302 1567 1384 1601 licet
1416 1568 1538 1600 animal
1566 1568 1611 1600 ad

923 1623 1064 1655 convivia
1082 1630 1190 1654 natum
1207 1648 1216 1662 ‚
1236 1620 1265 1654 si
1285 1621 1388 1654 toties
1406 1621 1495 1654 mihi
1515 1622 1607 1667 opli-

921 1686 1001 1708 mus
1038 1682 1298 1720 apponeretur,
1331 1675 1468 1720 quoties
1498 1675 1607 1720 pessi-

922 1739 999 1761 mus
1014 1727 1105 1761 liber
1119 1727 1291 1762 recitatur
1302 1754 1311 1770 ‚
1323 1727 1412 1760 mihi
1430 1726 1606 1767 sorderet,

922 1789 1140 1826 puteretque.
1161 1781 1228 1814 En.

977 1846 1010 1877 9.
1034 1833 1124 1867 Sunt
1150 1834 1211 1879 qui
1236 1836 1351 1878 legant
1375 1833 1480 1866 dones.
1511 1833 1607 1866 Gru-

923 1894 1018 1920 terus
1033 1887 1152 1920 mallet
1168 1886 1237 1931 legi
1255 1886 1398 1919 dammas.
1422 1884 1508 1918 Vid.
1528 1898 1605 1930 sup.

923 1939 1034 1984 epigr.
1052 1952 1081 1972 11
1093 1965 1102 1981 ‚
1120 1952 1154 1972 v.
1171 1952 1204 1973 2.
1219 1961 1270 1965 ——
1284 1938 1454 1972 scombris.
1473 1939 1604 1971 Versus

923 1992 1006 2026 mali
1024 1991 1192 2026 scombris
1214 2000 1249 2025 et
1275 1991 1350 2025 aliis
1371 1991 1527 2037 piscibus
1551 1992 1605 2024 in-

922 2045 1106 2079 volvendis
1125 2044 1373 2079 inserviebant.
1397 2043 1481 2077 Vid.
1506 2056 1602 2089 supr.

924 2099 1034 2144 epigr.
1060 2111 1102 2132 11.
1132 2120 1177 2124 -
1208 2098 1380 2131 Scelerata.
1412 2096 1604 2130 Audientes

924 2152 1020 2186 lento
1037 2151 1219 2185 enecantia
1237 2150 1425 2197 supplicio.
1446 2150 1512 2183 ΕΙ).

983 2218 1040 2238 10.
1064 2206 1171 2238 Domi.
1192 2203 1377 2238 Invitatori
1399 2203 1461 2237 soli
1480 2203 1604 2237 licebat

924 2258 1091 2292 recitare:
1114 2257 1210 2290 domi
1230 2257 1347 2302 itaque
1369 2257 1462 2290 solus
1481 2268 1578 2289 coena
1596 2279 1605 2296 ,

926 2311 1057 2356 tibique
1081 2310 1208 2351 recita3
1233 2310 1316 2344 foris
1338 2318 1370 2343 te
1394 2309 1602 2343 cavebimus.

1304 2759 1391 2802 20¹
