2061 3288
483 210 1074 257 EPIGRAMMATUM
1112 210 1238 252 LIB.
1279 209 1364 251 lv.

1539 204 1635 267 457

426 304 564 346 Annae
589 300 852 362 pomiferum
880 316 1035 344 nemus
1057 300 1278 342 Perannae.

426 371 520 416 lllic
547 371 768 416 Flaminiae
798 370 1062 431 Salariaeque

426 445 633 487 Gestator
654 452 796 504 patet,
821 442 973 487 essedo
997 449 1194 495 tacente,

215 572 260 605 V.
289 570 355 604 En.
381 592 434 598 -——
463 571 531 604 Hic
560 583 705 612 sensus,
731 582 835 616 quem
858 578 896 603 ut

214 623 441 658 verisimilem
452 624 622 664 maxime,
639 622 807 669 adoptare
823 635 895 656 non

214 677 416 711 dubitamus
433 704 443 719 ,
463 676 625 723 displicet
646 685 761 710 tamen
775 677 895 710 Rami-

212 731 327 773 resio,
345 730 406 776 qui
421 739 523 775 putat
544 743 682 763 cruorem
701 742 766 776 per
781 737 896 763 meto-

210 784 370 830 nymiam
386 782 456 817 dici
477 796 543 830 pro
565 791 692 816 mortem
706 808 716 824 ‚
737 792 771 817 et
791 783 895 817 intel-

214 837 289 882 ligit
304 850 412 870 cruore
425 839 571 881 'virgineo
590 835 634 870 de
652 845 765 870 morte
786 837 896 869 Annae

214 890 324 936 ipsius
339 916 347 929 ,
370 890 405 923 in
428 891 528 935 aquis
546 890 736 923 suffocatae.
753 890 822 922 En.
845 910 897 916 -—-

215 943 289 977 Nec
325 942 456 977 arridet
478 943 582 977 nobis
610 942 757 976 Domitii
787 943 896 976 inter-

214 996 366 1042 pretatio
383 1023 392 1038 ‚
410 997 470 1042 qui
490 996 584 1030 hunc
599 996 714 1030 locum
733 996 897 1041 intelligit

214 1048 258 1082 de
279 1049 422 1095 flagellis
437 1049 564 1095 quibus
575 1049 801 1083 caedebantur
815 1061 898 1095 pue-

213 1104 243 1135 ri
259 1129 267 1144 ‚
291 1111 327 1136 ut
344 1102 595 1136 Lacedaemone
612 1115 653 1136 ex
669 1103 740 1136 ritu
753 1102 896 1136 Thoan-

214 1156 263 1189 tio
281 1169 288 1197 ;
310 1169 374 1189 nec
394 1157 543 1189 aliorum
565 1156 688 1202 opinio
712 1157 773 1202 qui
795 1156 898 1201 virgi-

215 1222 321 1242 neum
347 1222 510 1242 cruorem
535 1218 632 1242 aiunt
659 1222 731 1243 esse
758 1223 896 1242 cruorem

214 1260 369 1295 ferarum
386 1275 402 1295 a
418 1265 544 1306 virgine
560 1263 668 1296 Diana
683 1263 814 1296 fusum.
827 1263 893 1296 En.

272 1328 326 1360 ¹7·
341 1315 434 1348 Edd.
458 1315 539 1349 Ald.
557 1316 696 1349 Juntin.
717 1315 894 1350 Colinian.

215 1368 352 1414 Gryph.
380 1377 445 1402 etc.
472 1370 624 1402 Perennae
635 1382 647 1409 ;
672 1377 706 1402 et
737 1369 786 1402 sic
812 1369 896 1414 legit

214 1420 258 1454 ad
297 1421 418 1455 Ovidii
451 1422 568 1455 locum
597 1421 704 1455 modo
738 1423 893 1456 citatum.

214 1496 264 1501 -—
281 1476 389 1509 Arme&
412 1476 579 1508 Perannae.
601 1476 701 1508 Anna
718 1476 895 1516 Peranna,

214 1528 269 1560 vel
299 1528 456 1562 Perenna
478 1554 488 1569 ‚
516 1527 665 1562 Didonis
700 1541 823 1570 soror,
858 1528 895 1561 in

215 1581 350 1614 ltaliam
386 1580 479 1627 apud
518 1584 663 1615 AEneam
699 1582 868 1615 exsulavit
884 1607 893 1624 ,

213 1643 332 1679 postea
354 1643 467 1668 autem
488 1635 641 1670 Laviniae
655 1634 737 1668 odio
755 1644 872 1668 vexata
884 1661 895 1677 ,

214 1688 249 1720 in
272 1701 409 1721 amnem
429 1688 640 1727 Numicum,
662 1687 803 1721 insidias
822 1689 895 1733 ejus

214 1740 380 1781 vitatura,
396 1754 432 1775 se
446 1741 664 1787 praecipitem
677 1740 796 1782 dedit,
814 1754 896 1775 mox

214 1806 279 1838 pro
311 1793 375 1828 dea
407 1795 498 1828 culta
532 1794 611 1827 fuit.
647 1795 773 1827 Totam
805 1794 896 1828 hanc

213 1848 449 1881 narrationem
467 1847 714 1893 complectitur
730 1847 878 1881 Ovidius
889 1874 897 1890 ‚

215 1899 304 1934 Fast.
329 1901 407 1941 III,
438 1900 510 1946 675
531 1912 540 1934 τ
571 1918 585 1931 α
606 1902 686 1946 Ipsa
704 1901 802 1946 loqui
823 1901 896 1935 visa

215 1961 267 1986 est
283 1965 291 1987 ε
309 1952 444 1987 Placidi
463 1966 541 1987 sum
558 1954 716 2000 nympha
731 1954 894 1996 Numici,

213 2007 328 2040 Amne
354 2019 514 2052 perenne
544 2007 679 2049 latens,
707 2008 808 2041 Anna
829 2008 895 2040 Pe-

213 2071 322 2093 renna
344 2073 454 2094 vocor
472 2077 486 2090 ιι
503 2085 514 2101 ,
540 2068 607 2095 etc.
635 2060 747 2094 Aliam
778 2069 895 2094 tamen

214 2124 318 2157 quam
343 2112 492 2147 Ovidius
511 2114 584 2159 ejus
608 2114 763 2147 nominis
788 2114 896 2160 origi-

213 2178 294 2198 nem
313 2167 419 2200 refert
434 2167 653 2207 Macrobius,
675 2167 815 2201 Saturn.
832 2168 893 2201 lib.

215 2219 231 2250 I
245 2243 254 2258 ‚
274 2231 348 2264 cap.
369 2233 383 2254 1
395 2233 411 2253 2
429 2233 438 2261 ;
454 2227 488 2252 et
506 2219 589 2253 hinc
608 2220 804 2254 Perannam
823 2220 894 2254 dici

214 2271 262 2304 ait
280 2271 376 2317 quod
395 2271 480 2305 idib.
501 2273 643 2313 Martii,
671 2291 683 2303 α
703 2281 737 2306 et
754 2274 894 2318 publice

214 2332 248 2357 et
267 2325 434 2369 privatim
459 2324 502 2358 ad
533 2328 670 2359 Annam
698 2327 891 2359 Perennam

214 2377 446 2411 sacrificatum
464 2379 558 2420 itur;
574 2388 612 2412 ut
627 2392 746 2411 armare
758 2406 767 2419 ,
784 2393 894 2424 peren-

213 2444 348 2479 namque
367 2430 552 2465 commode
572 2431 676 2465 liceat
701 2449 714 2461 »
735 2459 744 2473 ‚
763 2431 800 2465 id
822 2441 893 2473 est,

214 2496 279 2527 per
295 2496 403 2517 annos
417 2483 553 2518 durare.
578 2505 630 2511 —-
650 2485 719 2518 Alii
735 2485 894 2519 historici

214 2537 352 2570 Annam
369 2538 566 2570 Perennam
595 2537 769 2571 affirmant
789 2551 894 2572 anum

218 2590 322 2623 fuisse
337 2599 448 2624 ortam
457 2591 600 2624 Bovillis
612 2604 724 2637 prope
735 2593 894 2633 Romam,

217 2654 294 2686 quae
317 2644 450 2688 populo
474 2644 509 2677 in
538 2653 693 2678 montem
717 2658 780 2690 per
803 2645 894 2679 sedi-

215 2695 344 2729 tionem
364 2695 517 2741 (Ugrcsso
540 2698 667 2731 victum
684 2699 822 2739 tulerit,
845 2711 894 2731 <e-

958 581 1026 614 que
1045 576 1166 614 postea
1191 579 1232 600 ex
1252 566 1321 599 alta
1347 565 1500 599 fenestra
1520 566 1642 610 praeci-

958 621 1122 668 pitaverit
1142 633 1150 655 :
1171 619 1209 653 in
1225 620 1326 665 cujus
1345 618 1552 652 memoriam
1568 618 1641 652 haec

957 675 1138 708 celebritas
1155 672 1297 707 tandem
1309 672 1470 706 instituta
1483 680 1544 705 est.
1559 671 1642 705 Haec

957 736 1008 762 est
1019 726 1147 761 Raderi
1155 726 1337 761 sententia.
1351 724 1438 759 Vid.
1449 725 1640 771 Tiraquell.

957 780 1000 815 ad
1023 781 1086 815 lib.
1102 781 1157 814 III
1177 778 1345 813 Alexand.

1016 835 1072 868 18.
1100 834 1172 867 Illic
1199 833 1392 872 Flaminini,
1416 839 1482 865 etc.
1503 831 1568 865 Hic
1588 831 1641 864 iu-

957 888 1044 933 cipit
1068 887 1174 920 Poeta
1193 886 1321 919 domus
1346 885 1450 919 situm
1471 884 1614 918 laudare
1631 910 1640 924 ,

957 950 1025 975 tam
1060 941 1210 974 feliciter
1236 940 1385 973 electum
1405 965 1415 981 ,
1446 946 1484 972 ut
1520 938 1638 971 omnia

956 995 1090 1029 circum
1121 1007 1139 1027 a
1166 993 1311 1027 domino
1338 991 1451 1025 videri
1478 991 1612 1037 possint
1629 1014 1639 1029 ‚

957 1048 1048 1080 nihil
1062 1055 1176 1080 autem
1193 1046 1307 1079 audiri
1323 1059 1332 1087 ;
1352 1054 1385 1079 et
1398 1045 1491 1078 oculi
1507 1052 1642 1091 specta-

957 1102 1057 1139 culo,
1090 1113 1192 1134 aures
1212 1099 1351 1133 silentio
1370 1099 1545 1132 fruantur.
1570 1098 1638 1131 En.

956 1176 1008 1181 —
1020 1155 1193 1187 Flaminiae
1208 1153 1405 1199 Salariaeque
1419 1152 1639 1196 Gestatorpa-

958 1215 1002 1240 tet
1014 1235 1023 1248 ‚
1047 1207 1153 1240 essedo
1169 1215 1300 1239 tacente.
1318 1206 1446 1239 Procul
1468 1213 1639 1251 apparent

955 1260 991 1294 in
1014 1260 1080 1294 viis
1098 1261 1268 1294 Flaminia
1289 1259 1490 1305 Salariaque
1502 1271 1638 1300 currus,

954 1323 1162 1359 gestatores,
1186 1322 1274 1355 etc.;
1297 1312 1358 1346 sed
1380 1313 1527 1345 molesto
1545 1320 1639 1345 rota-

956 1380 1035 1400 rum
1057 1366 1209 1400 stridore
1225 1379 1297 1399 non
1310 1378 1453 1400 somnus
1471 1365 1638 1410 interpel-

955 1420 1067 1461 latur,
1087 1429 1145 1453 aut
1166 1433 1267 1454 aures
1296 1418 1553 1452 obtunduntur.
1570 1418 1637 1452 En.

956 1474 1194 1507 ——Flczminiae.
1207 1474 1261 1506 Ab
1275 1473 1375 1506 Urbe
1387 1485 1451 1519 per
1460 1472 1639 1512 Tusciam,

955 1527 1163 1568 Umbriam,
1198 1526 1399 1559 Ariminum
1427 1538 1539 1571 usque
1566 1525 1637 1558 liaec

955 1579 1009 1613 via
1045 1580 1244 1625 pertinebat
1272 1588 1306 1613 et
1334 1587 1442 1612 strata
1473 1581 1587 1612 fuerat
1622 1592 1638 1610 a

956 1634 997 1667 C.
1016 1633 1191 1666 Flaminio
1202 1633 1368 1674 consule,
1383 1632 1444 1678 qui
1464 1631 1508 1665 ad
1525 1632 1638 1664 lacum

955 1687 1201 1720 Trasimenum
1226 1687 1269 1719 ab
1296 1686 1469 1719 Annibale
1495 1685 1639 1718 interfe-

955 1747 1033 1772 ctus
1055 1748 1116 1773 est.
1135 1761 1189 1766 —
1205 1740 1413 1785 Salariaeque.
1435 1738 1565 1772 Salaria
1585 1739 1638 1771 via

956 1791 1106 1826 ducebat
1136 1793 1171 1825 in
1199 1792 1368 1834 Sabinos,
1393 1800 1498 1837 atque
1526 1804 1544 1824 a
1572 1792 1639 1824 sale

956 1858 1088 1879 nomen
1113 1845 1236 1880 sortita
1266 1853 1341 1886 est,
1371 1845 1451 1890 quia
1474 1857 1536 1890 per
1562 1857 1637 1877 eam

957 1899 1078 1933 Sabini
1106 1899 1155 1932 sal
1181 1911 1199 1932 a
1225 1898 1314 1932 mari
1332 1899 1482 1932 Romani
1499 1896 1636 1932 deferre

957 1953 1129 1988 solebant.

1014 2019 1071 2050 19.
1120 2004 1273 2040 Gestator
1311 2013 1395 2038 tacet
1431 2003 1639 2038 Beverlandi

955 2059 1033 2093 MS.
1066 2058 1220 2093 Gestator
1233 2060 1322 2103 jacet
1345 2057 1457 2092 codex
1474 2058 1636 2091 Pulman.

954 2133 1008 2142 —-
1031 2111 1193 2147 Gestator.
1224 2112 1388 2146 Gestator
1419 2120 1469 2145 est
1496 2111 1557 2156 qui
1582 2112 1638 2144 vel

955 2178 1064 2199 onera
1078 2191 1087 2207 ‚
1105 2165 1161 2199 vel
1178 2165 1340 2199 homines
1362 2172 1473 2211 gestat
1495 2176 1557 2198 seu
1573 2163 1638 2198 dn-

955 2219 1002 2252 cit
1022 2218 1142 2253 essedo
1157 2218 1243 2251 rotis
1261 2230 1433 2263 suspenso
1445 2243 1454 2259 ,
1478 2226 1517 2251 ut
1535 2230 1640 2264 appa-

954 2280 1009 2305 ret
1032 2285 1072 2306 ex
1087 2271 1204 2305 verbis
1223 2271 1450 2316 sequentibus
1465 2282 1473 2303 :
1491 2279 1639 2316 propter

956 2337 1034 2370 quae
1057 2337 1128 2358 non
1150 2317 1523 2369 servosintelligerem
1544 2324 1639 2357 lecti·

954 2391 1010 2411 cas
1031 2386 1214 2423 gestantes.
1237 2378 1303 2410 ΕΒ.
1326 2399 1379 2404 —-
1397 2378 1503 2410 Patet.
1525 2377 1637 2410 Totus

954 2430 1370 2476 adspicitur.—-Essedo.
1404 2429 1531 2463 Esseda
1557 2439 1638 2463 sunt

955 2497 1079 2517 currus
1096 2483 1292 2516 Britannici
1301 2491 1361 2517 aut
1378 2483 1482 2516 etiam
1496 2483 1633 2516 Gallici.

957 2536 1041 2570 Vid.
1059 2537 1119 2570 lib.
1138 2538 1175 2577 I,
1193 2537 1395 2583 epigramm.
1420 2536 1488 2570 105
1503 2563 1512 2578 ,
1528 2549 1579 2570 vs.
1598 2537 1631 2569 8.

957 2591 1065 2631 Quasi
1092 2589 1188 2635 apud
1210 2603 1274 2623 nos
1285 2591 1445 2634 som-gons
1461 2617 1468 2629 ,
1492 2590 1632 2621 cham-cl-

958 2645 1222 2677 tes.—-Tacente.
1242 2643 1321 2676 Non
1340 2656 1459 2676 revera
1479 2651 1611 2675 tacent(
1634 2673 1635 2676 ,

958 2696 1014 2731 >ed
1038 2710 1109 2731 non
1133 2696 1268 2730 audito.
1296 2697 1361 2729 En.
