2061 3288
439 230 539 292 394

810 231 875 274 M.
900 232 1041 275 VAL.
1082 231 1479 275 MARTIALIS

504 318 713 375 Sordida,
740 317 815 363 sed
846 317 990 380 gelido
1020 335 1109 363 non
1141 318 1415 381 aspernanda
1439 320 1675 364 Decembri

574 391 730 444 Dona,
752 390 1031 450 peregrinam
1054 391 1267 434 mittimus
1293 389 1547 434 endromida
1570 408 1579 434 :

503 461 591 504 Seu
616 459 784 504 lentum
807 476 982 505 ceroma
1003 461 1126 517 teris,
1151 461 1404 522 tepidumve
1429 461 1624 522 trigona,
1840 479 1854 504 5

433 600 586 633 endromis
600 628 608 641 ‚
633 599 714 645 quia
739 601 770 633 ἐν
789 605 834 644 τῷ
852 596 982 645 δρόμῳ,
1002 598 1039 632 id
1065 608 1116 634 est

434 653 471 686 in
491 666 614 694 cursu,
637 654 828 686 utebantur
850 665 889 686 ea
909 652 1024 686 Graeci
1038 678 1047 694 ,
1070 666 1115 687 ne

433 719 454 739 e
476 705 591 740 stadio
614 715 781 740 exeuntes
802 705 931 740 sudore
954 704 1115 748 madidi,

434 758 520 792 inde
547 759 677 804 frigore
703 758 853 792 admisso
884 759 920 792 in
948 759 1115 792 morbum

434 811 647 846 inciderent.
679 813 767 846 Eam
793 813 885 845 forte
909 812 1117 846 invenerant

437 865 704 900 Lacedaemones
715 892 724 907 ,
743 878 820 911 quae
833 864 963 898 deinde
978 865 1014 898 in
1031 865 1115 898 Gal-

435 919 490 952 liis
516 919 586 952 texi
607 918 731 965 coepit,
757 931 822 952 nec
849 927 964 952 tamen
986 930 1115 951 nomen

437 972 551 1005 amisit
577 972 777 1018 pristinum.
799 973 866 1005 En.
890 993 941 998 —
963 971 1115 1004 Lacedae-

437 1028 584 1065 monium,
598 1025 745 1058 barbara.
760 1025 874 1059 Graeci
893 1025 1044 1057 barbaros
1059 1037 1116 1070 ap-

436 1079 614 1124 pellabant
633 1091 753 1111 omnes
769 1078 919 1124 populos
940 1078 1001 1123 qui
1021 1086 1116 1111 extra

437 1130 585 1165 Hellada
611 1131 833 1167 habitabant,
857 1131 1033 1164 autetiam
1053 1130 1116 1176 qui

435 1197 509 1218 non
538 1198 599 1218 ore
620 1183 776 1218 rotundo
800 1185 904 1218 attice
928 1184 1117 1229 loqueban-

435 1245 505 1271 tur.
521 1238 576 1272 Sic
596 1237 746 1271 Romani
767 1238 933 1271 barbaros
956 1236 1118 1270 dicebant

436 1304 557 1324 omnes
585 1291 788 1337 peregrinos
801 1317 809 1332 ‚
828 1290 981 1336 exceptis
1001 1299 1116 1323 tamen

436 1344 588 1387 Graecis;
610 1345 677 1378 hoc
696 1352 766 1383 est,
786 1356 849 1377 cur
873 1343 1042 1376 Martialis
1061 1343 1115 1375 in-

438 1405 492 1431 ter
515 1410 551 1431 se
577 1405 738 1443 opponat
758 1397 820 1430 has
840 1409 942 1430 voces
966 1397 1116 1429 Lacedae-

442 1453 595 1490 monium,
617 1451 764 1484 barbara.
784 1451 852 1484 ΕΙ).

491 1504 528 1538 3.
550 1503 701 1538 Sordida.
722 1503 813 1545 Quia
831 1503 1007 1548 inelegans
1021 1529 1030 1544 ,
1055 1515 1118 1535 un-

438 1565 490 1591 cta
503 1582 512 1598 ,
532 1569 642 1591 crassa
656 1583 665 1598 ‚
682 1556 823 1597 villosa,
842 1565 970 1589 etc.-—
985 1557 1116 1588 Decem-

441 1611 502 1644 bri.
521 1610 588 1643 Per
606 1610 843 1644 Saturnalium
861 1608 934 1642 (lies
950 1621 1026 1642 mos
1043 1616 1117 1642 erat

438 1663 608 1696 Romanis
641 1675 786 1696 munera
817 1662 985 1695 mittere:
1009 1660 1116 1694 modo

438 1716 550 1762 epigr.
568 1728 629 1749 >nv
646 1729 741 1762 supr.
756 1715 897 1749 miserat
916 1714 1000 1748 Silio
1014 1727 1115 1748 suum

437 1769 620 1811 libellu1n;
649 1781 743 1802 nunc
765 1768 876 1801 amico
889 1793 897 1809 =
920 1780 1023 1813 quem
1041 1780 1113 1800 non

438 1823 617 1863 nominat,
630 1822 740 1856 mittit
755 1834 882 1854 munus
897 1821 937 1854 iis
950 1834 1021 1854 non
1037 1833 1118 1853 con-

439 1874 668 1909 temnendum
683 1902 692 1917 ,
715 1875 775 1921 qui
798 1875 906 1920 frigus
938 1872 1118 1907 decembri

440 1941 557 1962 arcere
575 1929 710 1962 volunt.
729 1929 856 1961 Juven.
876 1926 920 1960 de
936 1926 1117 1960 adulatore

439 1981 592 2027 quodam
610 1994 617 2015 ε
641 1999 654 2011 «
679 1980 809 2015 Rides?
828 1982 959 2026 majore
978 1980 1117 2013 cachin-

440 2047 488 2068 no
516 2034 750 2077 Concutitur3
777 2033 856 2075 flet,
888 2034 915 2067 si
945 2033 1116 2078 lacrymas

439 2089 621 2134 conspexit
640 2088 740 2121 amici
756 2113 766 2126 .,
792 2087 866 2120 Nec
893 2086 1001 2120 dolet.
1020 2086 1116 2131 Igni-

440 2142 561 2174 culum
580 2143 712 2175 brumae
737 2141 765 2174 si
786 2149 945 2186 tempore
971 2151 1090 2184 poscas
1106 2165 1116 2180 ‚

440 2195 576 2240 Accipit
607 2193 870 2234 endromidem3
900 2193 927 2226 si
960 2191 1087 2225 dixeris
1107 2204 1114 2225 :

442 2249 588 2289 *Estu03
609 2247 722 2281 sudat.
742 2248 808 2280 En.

495 2305 528 2341 4,
555 2301 759 2334 Andromeda
790 2300 825 2333 in
859 2299 980 2334 codice
1002 2298 1115 2331 Vatic.

440 2353 657 2386 Endromlden
681 2355 778 2387 Junt.
801 2361 835 2386 et
853 2353 967 2387 Colin.
987 2351 1117 2384 Endro-

441 2407 530 2439 meda
554 2406 631 2440 cod.
658 2407 814 2441 Florent.
832 2427 884 2432 -—
900 2407 1115 2449 Peregrinam.

442 2459 630 2500 Gallicam,
647 2473 706 2493 seu
721 2459 942 2493 Lacon-'caim

494 2512 528 2546 5.
567 2512 773 2546 Beverlandi
806 2512 880 2546 MS.
923 2511 1115 2556 trepidatum

440 2568 575 2609 trigona.
595 2587 646 2591 —
660 2565 720 2599 Seu
737 2567 852 2598 lentum
867 2591 876 2606 ,
899 2574 964 2598 etc.
987 2565 1116 2597 Hicin-

438 2619 523 2664 cipit
543 2617 759 2652 endromidis
784 2619 949 2651 utilitates
977 2631 1116 2650 enume-

437 2684 532 2711 rare,
563 2670 598 2705 id
624 2680 694 2713 est,
718 2672 829 2705 varias
852 2671 1114 2704 exercitam-,nm

1175 601 1301 647 quibus
1326 601 1492 635 confectis
1523 600 1764 648 imprudenter
1787 603 1851 637 fri-

1175 654 1251 699 gori
1268 654 1322 687 vel
1336 655 1466 699 pluviae
1482 663 1516 688 te
1532 655 1714 701 objeceris.
1728 656 1851 690 En.—

1174 707 1851 752 Lentum.Pingue,viseosum.——Ceroma

1176 763 1260 794 teris.
1289 760 1494 802 Ceromate-‚
1517 760 1555 793 id
1578 769 1648 802 est,
1670 771 1851 807 unguento

1175 825 1220 846 ex
1230 813 1307 846 oleo
1320 821 1355 846 et
1369 814 1534 859 pulvere,
1546 814 1645 848 uncti
1659 815 1852 860 palaestritae

1175 867 1378 908 certabant;
1402 865 1499 912 quod
1519 867 1574 900 vel
1597 868 1722 900 terendo
1745 868 1853 901 confi·

1175 920 1359 961 ciebatur3
1390 920 1445 952 vel
1480 920 1605 953 terendo
1635 920 1852 966 linendoque

1176 973 1317 1018 corpori
1345 973 1596 1015 affricabatur3
1626 974 1680 1007 vel
1710 974 1852 1020 corpori

1177 1026 1306 1059 illitum
1344 1025 1447 1059 variis
1487 1026 1640 1059 motibus
1684 1027 1849 1059 terebatur.

1175 1099 1228 1105 -—
1264 1079 1461 1124 Tepidumve.
1497 1079 1547 1112 Ut
1574 1079 1632 1112 hic
1669 1079 1766 1113 locus
1801 1080 1853 1113 in-

1176 1132 1374 1177 telligatur,
1400 1132 1555 1165 breviter
1581 1131 1712 1178 aliquid
1737 1131 1852 1166 dicen-

1176 1183 1260 1217 dum
1280 1184 1325 1218 cle
1343 1185 1494 1231 pilarum
1513 1197 1660 1230 genere,
1683 1194 1716 1218 et
1738 1185 1825 1219 ludo
1841 1198 1849 1219 :

1176 1247 1327 1283 quatuor
1353 1251 1434 1283 ergo
1460 1239 1601 1271 fuerunt
1620 1239 1775 1284 pilarum
1798 1252 1854 1284 ge-

1175 1303 1285 1333 nera,
1317 1292 1443 1337 quibus
1478 1290 1647 1325 ludebant
1678 1292 1852 1337 Antiqui,

1175 1344 1267 1378 follis
1286 1345 1646 1390 scilicet,trigonalis‚
1664 1345 1830 1390 paganica
1842 1370 1851 1385 ‚

1176 1406 1210 1431 et
1232 1398 1444 1443 harpastum.
1467 1398 1572 1430 Follis
1593 1405 1666 1430 erat
1687 1398 1757 1442 pila
1778 1410 1852 1430 ma-

1175 1462 1240 1495 gna
1259 1463 1300 1484 ex
1317 1451 1407 1484 aluta
1425 1451 1599 1491 confecta,
1612 1450 1758 1495 soloque
1772 1463 1853 1483 ven-

1176 1512 1212 1547 to
1229 1504 1381 1549 repleta,
1399 1516 1476 1548 quae
1491 1503 1519 1536 si
1538 1505 1649 1548 major
1667 1511 1759 1544 erat,
1772 1504 1851 1537 bra-

1175 1556 1262 1589 chiis
1276 1556 1531 1602 impellebatur.
1543 1555 1749 1601 Propertius
1761 1582 1770 1597 ‚
1788 1556 1850 1590 lib.

1176 1610 1230 1642 III
1250 1621 1258 1643 :
1281 1624 1293 1637 «
1309 1610 1427 1651 Quum
1444 1609 1514 1654 pila
1529 1609 1665 1642 veloces
1683 1609 1770 1642 fallit
1788 1621 1852 1655 per

1175 1662 1318 1696 brachia
1336 1665 1481 1707 jactusn»
1508 1661 1544 1694 Si
1567 1662 1706 1703 minor,
1723 1662 1852 1707 pugnis

1175 1715 1382 1760 ejiciebatur
1397 1741 1406 1757 ‚
1427 1722 1530 1759 atque
1553 1714 1732 1760 pugillaris
1760 1715 1852 1748 follis

1175 1769 1381 1808 vocabatur,
1396 1776 1436 1801 ut
1455 1766 1547 1813 apud
1561 1768 1724 1800 Plautum
1734 1767 1770 1800 in
1783 1768 1853 1800 Ru-

1175 1820 1305 1855 dente:
1331 1838 1344 1851 «
1366 1821 1499 1854 Follem
1517 1819 1780 1866 pugillatorium
1803 1821 1852 1853 fa-

1176 1875 1264 1907 ciam
1295 1874 1482 1920 Extemplo
1516 1874 1633 1907 hercle
1663 1885 1725 1918 ego
1760 1882 1804 1906 te.
1833 1891 1846 1903 n

1175 1927 1372 1973 Trigonalis
1395 1927 1488 1973 pila,
1514 1938 1593 1972 quae
1619 1938 1726 1972 parva
1753 1933 1826 1959 erat
1842 1951 1851 1967 ‚

1175 1993 1247 2013 non
1275 1980 1445 2025 triquetra
1477 1979 1589 2025 figura
1607 2004 1616 2020 ‚
1641 1977 1701 2012 sed
1729 1991 1747 2011 a
1774 1980 1852 2012 loco

1177 2034 1315 2078 trigono
1329 2059 1338 2075 ‚
1352 2033 1407 2066 vel
1427 2045 1443 2066 a
1463 2044 1627 2073 numero,
1643 2032 1753 2077 figura
1765 2057 1774 2074 ‚
1795 2040 1854 2065 aut

1177 2087 1245 2119 situ
1268 2085 1477 2119 ludentium.
1499 2086 1643 2118 Stabant
1670 2085 1762 2118 enim
1783 2094 1853 2119 tres

1176 2151 1217 2172 eo
1239 2138 1383 2180 ordine,
1406 2147 1446 2172 ut
1463 2138 1643 2184 trigonum
1662 2151 1720 2171 seu
1744 2138 1852 2172 trian-

1176 2192 1299 2237 gulum
1327 2192 1516 2226 efficerent.
1546 2190 1639 2224 Vide
1667 2191 1729 2226 lib.
1760 2191 1852 2233 XII,

1177 2246 1287 2291 epigr.
1307 2258 1447 2279 Lxxxiv.
1473 2244 1624 2290 Tepidum
1643 2257 1728 2277 vero
1748 2243 1853 2285 dicit,

1176 2299 1230 2331 vel
1250 2297 1345 2344 quod
1369 2297 1530 2331 ludentes
1553 2297 1776 2338 calefaceret,
1798 2298 1853 2330 vel

1176 2352 1293 2397 potius
1317 2351 1413 2397 quod
1441 2358 1620 2384 attrectata
1641 2350 1711 2396 pila
1728 2349 1853 2383 luden-

1178 2405 1267 2438 tium
1277 2413 1311 2438 et
1324 2403 1526 2438 sudantium
1539 2416 1645 2437 manu
1659 2403 1854 2448 tepefieret.›

1175 2458 1365 2503 Paganica,
1384 2470 1453 2503 qua
1474 2457 1510 2490 in
1531 2456 1626 2502 pagis
1655 2465 1688 2489 et
1707 2467 1852 2501 gymna-

1175 2512 1233 2545 siis
1261 2523 1401 2557 quoque
1426 2509 1632 2551 ludebatur,
1652 2510 1762 2553 major
1790 2508 1853 2541 tri·

1176 2577 1284 2609 gone,
1307 2564 1390 2597 folle
1414 2576 1497 2596 vero
1520 2562 1657 2602 minor,
1681 2562 1852 2594 farcieba-

1177 2626 1233 2650 tur
1252 2618 1390 2662 pluma,
1408 2617 1467 2649 lib.
1490 2616 1581 2656 VII,
1598 2615 1705 2660 epigr.
1726 2626 1850 2653 xxxu3

1176 2679 1206 2703 ct
1236 2671 1314 2703 libr.
1348 2670 1454 2713 XIV,
1482 2668 1588 2713 epigr.
1617 2680 1679 2700 ,ΠΛ
1701 2679 1706 2699 :
1732 2685 1743 2697 ιι
1767 2666 1847 2706 Haee
