2061 3288
421 245 446 273 L
644 224 1114 270 DISSERTATIO
1154 223 1249 265 DE
1288 222 1609 268 INGENIO

419 316 618 361 omnium
643 315 888 359 vastissima
905 311 934 368 ¹,
963 313 1205 373 imperante
1237 310 1460 372 principe,
1490 310 1629 356 effusa
1658 311 1714 356 ad
1744 329 1843 375 spe·

419 386 626 432 ctandum
654 386 776 429 omni
800 385 997 438 civitate,
1020 381 1265 443 Pasiphaen
1294 380 1550 426 aemulatura
1573 382 1771 443 quaedam
1797 401 1842 429 se

419 468 546 503 tauro
571 456 703 501 offert
731 456 873 517 lignea
898 470 1032 498 vacca
1056 452 1288 508 inclusam,
1309 453 1381 513 qui
1412 469 1464 496 ea
1493 453 1698 514 potiatur.
1721 454 1844 512 Quid

417 528 655 573 masculam
679 527 928 581 libidinem,
948 534 992 568 et
1023 522 1291 568 cinaedorum
1309 539 1462 584 greges
1490 523 1844 581 florentissimos,

417 610 462 645 et
486 608 681 644 assuetos
708 599 838 642 etiam
868 596 1100 657 optimates
1130 595 1221 655 pati
1248 592 1503 638 muliebria?
1525 595 1636 652 Quae
1668 605 1716 640 ut
1742 596 1843 657 qui-

416 673 481 716 vis
512 669 891 715 contumacissime
919 682 1037 710 nunc
1065 667 1294 721 reticeret,
1319 666 1379 709 sic
1407 674 1513 710 tunc
1539 664 1843 710 candidissime

417 743 556 804 quivis
574 740 806 794 fatebatur,
826 748 876 782 ut
895 755 987 781 rem
1015 737 1210 781 omnium
1236 735 1621 797 simplicissimam,
1642 737 1845 781 innocen-

416 814 648 866 tissimam,
676 810 1013 855 usitatissimam.
1040 809 1195 868 Neque
1220 806 1294 868 pol
1330 807 1608 868 negandum,
1647 808 1707 851 ita
1745 824 1842 852 eam

416 901 497 929 usu
524 893 629 927 tunc
652 891 873 943 receptam
898 889 949 923 ut
972 888 1139 923 naturae
1164 878 1339 939 ingenio
1369 887 1412 922 et
1445 877 1612 939 legibus
1646 895 1691 923 se
1719 895 1843 940 repu-

416 971 551 1017 gnare
576 969 853 1015 nequaquam
878 951 1229 1012 suspicarentur:
1252 965 1388 1009 quum
1414 950 1615 993 Socrates
1640 965 1696 993 ne
1715 949 1841 994 disci-

414 1025 529 1087 pulis
559 1025 734 1086 quidem
753 1024 1013 1077 abstineret,
1031 1037 1165 1081 quum
1181 1029 1409 1081 poetarum
1430 1020 1726 1064 sanctissimus
1748 1021 1843 1065 Vir-

415 1096 542 1158 gilius
567 1092 699 1153 (nam
721 1111 821 1138 eum
842 1091 1022 1137 Flaccus
1040 1101 1084 1135 et
1104 1092 1324 1135 Maecenas
1343 1091 1559 1152 virginem
1585 1086 1841 1149 vocabant),

413 1168 569 1212 Alexin
593 1183 617 1210 a
643 1166 820 1210 domino
842 1164 1083 1224 flagitaret,
1107 1178 1242 1223 quum
1264 1162 1468 1205 humanae
1493 1160 1650 1206 indolis
1669 1161 1843 1223 praecla-

413 1239 631 1283 rissimum
653 1235 875 1298 exemplar
902 1244 945 1278 et
964 1243 1175 1278 aeternum
1203 1232 1489 1277 celebrandus
1511 1232 1672 1289 honos,
1696 1234 1842 1294 pueris

413 1327 587 1371 quoque
615 1309 787 1370 gavisus
813 1307 889 1362 sit,
919 1315 962 1349 et
985 1321 1073 1366 quo
1101 1304 1200 1365 igne
1225 1303 1466 1347 Adrianum
1497 1304 1714 1348 Antinous
1739 1321 1841 1348 mox

415 1382 671 1425 incensurus
693 1388 808 1433 erat,
828 1377 947 1420 hunc
971 1377 1062 1436 ipse
1086 1375 1298 1419 sensisset.
1318 1375 1536 1418 Miramur
1565 1375 1705 1435 ignari
1724 1375 1841 1418 Mes-

416 1452 559 1496 salinae
585 1449 807 1494 libidinem
834 1457 964 1508 atque
994 1445 1201 1489 infamem
1225 1444 1452 1489 audaciam
1469 1480 1480 1500 ,
1509 1461 1604 1505 quae
1630 1461 1683 1488 ex
1710 1445 1841 1507 impe-

414 1523 635 1584 peratorio
662 1519 904 1582 pulvinari,
934 1520 1146 1560 meretrix
1175 1514 1434 1577 Augustcff,
1462 1515 1662 1559 ancillam
1688 1532 1841 1559 emen-

416 1596 517 1650 tita,
543 1592 788 1653 Lupanaris
810 1591 855 1632 in
879 1588 1003 1643 sella,
1031 1585 1166 1631 oculis
1194 1586 1452 1636 venabatur,
1486 1603 1619 1630 manu
1645 1587 1843 1647 rapiebat

416 1666 549 1708 viros.
589 1666 646 1707 At
685 1662 728 1705 id
765 1657 1038 1713 clanculum,
1076 1667 1121 1701 at
1153 1656 1334 1713 mulier;
1366 1673 1507 1717 neque
1552 1657 1841 1718 opprobrium

417 1734 589 1780 Claudii
627 1743 669 1776 et
710 1731 879 1792 imperii
909 1739 952 1773 ct
977 1744 1103 1773 suum
1140 1727 1398 1789 evulgatum
1427 1737 1604 1788 sponte,
1625 1744 1765 1788 neque
1793 1738 1841 1772 ut

415 1806 614 1850 ordinem
643 1813 808 1847 naturae
837 1803 1088 1844 inverteret.
1117 1800 1174 1842 At
1202 1798 1392 1842 cinaedus
1422 1799 1660 1860 imperator
1689 1809 1841 1860 postea

416 1878 532 1921 xisus
554 1885 619 1920 est
633 1911 644 1931 ,
666 1875 761 1935 qui,
781 1889 916 1934 quum
941 1871 1097 1914 eximia
1119 1880 1161 1914 et
1184 1886 1286 1913 vere
1308 1869 1493 1913 feminea
1514 1869 1841 1930 pulchritudine

418 1946 815 1999 commendaretur,
842 1943 1047 1987 feminam
1083 1958 1127 1985 se
1163 1951 1206 1984 et
1245 1941 1410 1985 diceret
1446 1950 1489 1984 et
1520 1941 1695 2000 juberet
1732 1940 1840 1998 dici,

418 2020 588 2063 semime
628 2016 769 2061 cultus
808 2023 850 2058 et
879 2030 1023 2058 mores
1062 2011 1288 2067 indueret,
1320 2021 1369 2055 ut
1406 2011 1566 2055 femina
1599 2013 1700 2066 uni,
1740 2011 1840 2055 dein

416 2090 538 2133 alteri
574 2107 626 2133 ex
654 2087 802 2131 aulicis
834 2085 1042 2136 nuberet,
1081 2100 1183 2126 mox
1217 2083 1390 2143 utrique
1425 2083 1581 2126 marito
1613 2091 1655 2125 et
1683 2099 1840 2143 perpeu

419 2171 542 2204 tuum
579 2158 729 2204 infelix
769 2166 811 2200 et
846 2155 1017 2217 palam,
1059 2153 1132 2196 ubi
1170 2162 1518 2214 vesperasceret,
1553 2162 1653 2196 ante
1692 2152 1839 2214 palatii

421 2232 534 2275 fores
559 2241 633 2274 aut
657 2232 699 2273 in
726 2228 866 2272 hortis
893 2235 1048 2279 staret,
1073 2223 1143 2267 illa
1167 2224 1339 2284 quidem
1368 2240 1520 2284 gerens
1540 2224 1698 2285 quibus
1720 2225 1839 2285 prin-

417 2320 518 2363 ceps
538 2303 827 2353 nuntiaretur,
848 2312 1088 2359 purpuram
1115 2311 1222 2338 auro
1252 2294 1426 2350 illitam,
1447 2294 1709 2339 holosericas
1731 2311 1839 2338 auro

417 2373 842 2434 exsplendescentes,
873 2378 916 2412 at
946 2368 1039 2411 haec
1071 2367 1246 2426 insuper
1277 2383 1372 2426 quae
1411 2365 1647 2409 scortillum
1684 2381 1837 2425 argue-

417 2455 534 2498 rent,
559 2444 782 2487 coccineas
819 2439 955 2484 soleas
989 2447 1030 2481 et
1066 2453 1146 2498 pro
1179 2436 1409 2480 mamillari
1440 2435 1692 2491 reticulum,
1721 2452 1771 2479 ac
1802 2437 1837 2480 si

473 2574 503 2594 1.
532 2558 803 2603 Amphitheatro
826 2554 980 2595 Titiani,
1003 2554 1063 2586 ubi
1092 2552 1268 2597 octoginta
1294 2564 1346 2585 se*
1364 2562 1426 2585 'em
1460 2551 1567 2584 millia
1601 2560 1838 2596 spectatorum

415 2613 597 2653 sedebant,
616 2620 649 2644 et
670 2611 777 2643 ferme
794 2607 959 2641 duodena
975 2606 1083 2639 millia
1100 2606 1243 2638 stabant.

471 2681 499 2700 2.
521 2664 698 2699 ,Iuvenalis
713 2691 719 2696 .
738 2662 846 2695 Satira
868 2662 918 2693 U
933 2687 940 2700 ,
968 2664 1035 2693 116
1059 2664 1091 2691 et
1112 2671 1203 2703 seqq.
