2061 3288
482 217 1061 261 EPIGRAMMATUM
1099 218 1223 261 LIR.
1263 219 1295 261 Ι.

1495 219 1586 263 113

772 364 994 419 LXVI.

185 501 248 529 An
278 499 602 538 CAECILIANUM,
632 500 691 528 DE
724 500 908 529 GFNERE
938 501 992 528 ET
1030 500 1377 531 DECLINATIONE
1416 483 1592 532 FICUSJC

252 620 401 677 QUUM
427 619 539 675 dixi,
561 619 693 675 ficus,
718 619 831 663 rides
854 620 976 681 quasi
1000 619 1187 663 barbara
1206 620 1363 676 verba,

321 691 379 733 Et
399 690 507 744 dici,
530 689 659 746 ficos,
682 689 935 746 Caeciliane,
953 690 1090 750 jubes.

250 761 460 805 Dicemus
485 760 619 816 ficus,
646 777 752 821 quas
780 762 939 805 scimus
970 762 1013 803 in
1043 760 1199 804 arbore
1228 763 1346 806 nasci
1369 779 1377 805 :

320 832 528 876 Dicemus
555 830 687 887 ficos,
713 830 967 887 Caeciliane,
987 841 1100 875 tuos.

230 960 246 975 ⁴
254 965 332 999 Hoc
341 965 553 1011 epigramma
562 973 611 998 est
626 964 858 1010 grammaticis

916 964 1043 1006 latine;
1063 964 1187 1010 visque
1203 963 1275 999 dici
1284 965 1387 1010 ficos,
1409 967 1507 1012 quasi
1527 980 1596 1003 vox

178 1031 284 1059 crux3
303 1018 382 1052 ideo
395 1017 519 1052 foedata
537 1019 578 1051 ab
594 1018 634 1051 iis
648 1017 857 1064 epigraphe,
908 1016 993 1061 ficus
1009 1013 1163 1056 (fructus
1176 1013 1189 1061 )
1204 1027 1291 1052 esset
1312 1019 1472 1054 secundae
1492 1020 1596 1055 decli-

177 1071 306 1106 additis
322 1072 452 1117 ineptis
469 1071 603 1113 verbis,
622 1071 674 1103 De
691 1084 803 1115 gener-e
828 1079 859 1102 et

176 1125 386 1157 declinatione
398 1124 483 1169 ficus
500 1150 509 1165 ,
530 1136 607 1170 quae
628 1123 773 1156 omnino
799 1136 856 1157 ex-

177 1177 365 1223 pungenda
384 1186 475 1211 sunt.
499 1195 512 1207 »
536 1178 691 1210 Ramires.
708 1177 857 1209 Musam-

175 1231 264 1264 bert.
288 1230 386 1263 malit
407 1242 415 1263 :
437 1231 476 1264 In
498 1229 715 1264 Coecilianum.

223 1296 236 1317 1
247 1310 254 1317 .
268 1284 372 1327 Quum
383 1283 464 1321 dii-i,
478 1291 543 1316 etc.
554 1282 739 1328 Multiplex
750 1282 856 1326 liujus

177 1336 434 1381 epigrammatis
445 1336 601 1381 exposita
616 1335 683 1368 fuit
695 1335 736 1367 ab
747 1335 855 1368 inter-

175 1390 331 1433 pretibus
346 1389 541 1435 explicatio.
551 1390 647 1421 Inter
654 1389 770 1421 omnia
779 1401 855 1433 quae

175 1441 415 1475 disseruerunt
425 1466 432 1477 ,
448 1454 554 1475 unum
567 1449 701 1475 tantum
714 1441 856 1486 adopta-

176 1495 288 1528 vimus
318 1507 478 1537 sensum,
501 1507 604 1540 quem
630 1495 854 1528 verisimilem

175 1548 325 1582 maxime
354 1547 561 1594 judicamus.
585 1547 651 1581 En.
672 1569 724 1574 —-
742 1548 852 1581 Ficus.

176 1601 295 1642 Ficus,
311 1601 370 1640 us,
389 1609 520 1646 quartae
532 1599 791 1642 declinationis,
803 1608 854 1633 est

175 1654 330 1694 fructus;
349 1654 448 1687 Ficus
463 1681 471 1693 ‚
491 1656 523 1693 ι’,
542 1652 702 1686 secundae
719 1662 853 1695 autem,

174 1714 225 1739 est
239 1706 394 1739 morbus.
407 1700 514 1749 (Vid.
529 1707 591 1739 lib.
605 1707 669 1748 IV,
683 1706 773 1752 epig.
785 1718 850 1746 L11;

174 1759 236 1793 lib.
250 1760 320 1791 VII
331 1786 339 1798 ,
357 1759 447 1805 epig.
461 1771 545 1792 LXXI
559 1771 567 1799 ;
579 1759 640 1792 lib.
655 1759 743 1800 XII,
759 1759 850 1804 epig.

174 1806 324 1854 xxxln.)
341 1812 453 1857 Igitur
462 1838 471 1853 ‚
485 1812 533 1845 ait
545 1811 712 1845 Martialis
722 1838 731 1852 ‚
743 1824 851 1857 quum

176 1877 238 1910 ego
258 1877 381 1898 vocem
397 1864 486 1898 hanc
496 1864 581 1908 ficus
598 1862 728 1903 (accus.
745 1861 852 1909 plur.)

173 1918 274 1961 posui
302 1917 338 1950 in
367 1926 488 1963 quarta
517 1916 751 1951 declinatione
762 1941 772 1952 ,
798 1929 854 1949 me

173 1969 266 2003 rides
275 1971 389 2016 ,quasi
396 1970 520 2016 loquar
527 1971 674 2003 barbare
688 1981 855 2016 parumve

917 1071 1067 1104 nationis
1084 1083 1091 1104 ε
1115 1083 1178 1116 ego
1199 1083 1282 1104 vero
1304 1072 1368 1105 tibi
1388 1073 1598 1118 respondeo,

917 1135 1038 1156 vocem
1057 1123 1151 1156 illam
1161 1122 1246 1168 fleus
1262 1152 1269 1165 ,
1294 1137 1403 1170 quum
1425 1127 1597 1172 significat

917 1176 1073 1209 fructum
1087 1202 1095 1218 ‚
1117 1185 1210 1210 recte
1232 1176 1303 1210 dici
1327 1179 1363 1211 in
1385 1188 1508 1225 quarta
1534 1180 1596 1214 de-

917 1229 1126 1271 clinatione3
1149 1242 1258 1275 quum
1281 1239 1399 1264 autem
1425 1232 1597 1278 significat

915 1282 1014 1315 ulcus
1037 1290 1139 1327 turpe
1167 1295 1238 1328 quo
1265 1283 1422 1328 laboras,
1444 1298 1516 1319 esse
1543 1300 1595 1321 se-

915 1334 1048 1368 cundae.
1071 1336 1236 1370 Dicemus
1255 1348 1359 1381 ergo,
1385 1338 1472 1372 ficus
1491 1340 1595 1374 arbo-

914 1400 988 1421 reas
1001 1414 1009 1430 ,
1029 1396 1062 1421 et
1082 1396 1161 1421 tuos
1183 1388 1277 1422 ficos.

971 1454 1003 1474 2.
1023 1442 1069 1473 Et
1088 1441 1158 1474 dist
1173 1442 1272 1475 Junt.
1294 1454 1387 1476 anno
1408 1443 1516 1478 1512.

970 1494 1003 1527 3.
1021 1494 1258 1539 Dicemusficos
1277 1495 1396 1541 legunt
1409 1498 1594 1539 nonnulli,

914 1547 1135 1592 improbante
1153 1556 1251 1581 recte
1270 1549 1475 1584 Ramiresio.

969 1604 1003 1639 4.
1027 1600 1094 1633 Alii
1108 1600 1223 1644 legere
1238 1601 1385 1641 malint,
1404 1610 1486 1637 tuas.
1501 1603 1593 1638 Vide

914 1651 1078 1686 Richard.
1099 1653 1336 1687 Johnsonium
1351 1655 1592 1702 Nottingham.

912 1706 949 1738 in
981 1705 1042 1739 lib.
1067 1705 1231 1740 Animad.
1254 1707 1291 1740 in
1315 1708 1410 1741 Lillii
1435 1708 1592 1743 Gramm.

915 1780 967 1784 ——
984 1759 1079 1791 Fz‘cos
1095 1767 1174 1792 tuos.
1197 1759 1364 1793 Morbum
1385 1773 1446 1794 seu
1467 1762 1593 1796 vitium

912 1810 1064 1856 podicis,
1075 1810 1287 1857 quandoque
1304 1825 1345 1846 ex
1360 1813 1590 1859 paedicatione

913 1871 1028 1897 ortum
1044 1889 1052 1904 ,
1079 1877 1189 1909 quum
1213 1865 1413 1900 intumescit
1433 1879 1513 1900 caro
1527 1893 1537 1908 ,
1555 1878 1589 1902 et

915 1916 1022 1949 instar
1034 1916 1118 1950 ficus
1137 1918 1311 1951 excrescit.
1323 1941 1376 1945 —
1396 1920 1491 1954 Tuos.
1510 1920 1587 1955 Hoc

914 1969 1040 2002 morbo
1061 1969 1240 2003 laborabat
1264 1971 1480 2006 Caecilianus.
1502 1973 1569 2006 En.

738 2103 1007 2159 LXVII.

489 2243 556 2271 AD
596 2243 780 2271 FUREM
818 2243 884 2271 DE
923 2242 1083 2271 LIBRO
1121 2223 1261 2272 sua*

311 2364 491 2415 ERRAS,
517 2376 714 2404 meorum
745 2360 815 2404 fur
839 2376 968 2403 avare
992 2359 1226 2413 librorum,

224 2492 239 2505 ⁴
256 2497 440 2531 Invehitur
464 2496 500 2529 in
521 2495 725 2542 plagiarium
738 2521 747 2536 ‚
768 2507 842 2528 car-

901 2503 1004 2540 poeta
1016 2507 1133 2528 versus
1145 2494 1305 2529 nondum
1326 2498 1479 2544 vulgatos
1488 2529 1496 2544 ,
1510 2517 1573 2539 nec

172 2550 263 2583 mina
289 2562 306 2583 a
333 2550 490 2583 Martiale
513 2548 605 2582 edita
626 2556 798 2581 ementem
823 2561 842 2582 a
901 2548 1102 2593 bibliopolae
1131 2547 1298 2591 traditos,
1329 2551 1357 2584 si
1391 2565 1449 2586 sua
1481 2556 1571 2593 furta

172 2603 363 2648 bibliopola
378 2628 387 2645 ,
408 2610 443 2635 et
462 2602 665 2635 recitantem
693 2609 732 2634 ut
760 2613 840 2641 sua;

173 2668 324 2701 eumque
352 2664 471 2688 monet
488 2681 496 2697 ‚
525 2663 565 2687 ut
589 2663 678 2687 emat
702 2654 744 2687 ab
766 2655 841 2699 ipso

241 2724 279 2765 I.

902 2601 986 2634 velit
1003 2613 1074 2633 non
1091 2599 1316 2647 deprehendi.
1335 2604 1399 2637 ΕΙ).

958 2666 987 2686 1.
1006 2654 1076 2687 Fw·
1095 2667 1197 2688 avare.
1218 2656 1350 2689 Avarus
1370 2667 1419 2692 est
1438 2663 1498 2706 qui
1520 2665 1569 2697 fa-

1332 2722 1358 2769 8
