2061 3288
449 212 1039 259 EPIGRAMMATUM
1077 211 1206 254 LIB.'
1244 211 1346 254 ΙΙΙ.

1512 225 1602 271 271

809 366 989 423 VIII.

703 524 759 552 IN
797 499 1092 560 ρυιΝΤυΜ.ῃ

189 652 377 694 Tumor.
403 649 597 706 Quintus
622 658 740 693 amat
761 666 769 692 :
795 663 926 709 quam
946 645 1141 690 Thaida?
1163 644 1333 689 Thaida
1359 644 1538 690 luscam.

332 722 482 765 Unum
512 719 689 764 oculum
716 720 850 764 Thais
875 735 965 763 non
989 717 1149 774 habet,
1173 715 1244 761 ille
1274 716 1396 761 duos.

244 854 258 868 ‘¹
273 859 388 905 Hujus
403 859 665 905 epigrammatis
680 858 869 892 lectionem

988 870 1020 890 2.
1037 856 1140 889 Unum
1153 856 1275 889 oculum
1289 883 1298 896 ,
1314 864 1380 890 etc.
1393 855 1500 889 Thais
1516 856 1610 889 lusca

191 925 264 945 non
278 912 414 946 variant
425 913 639 958 exemplaria
654 912 800 959 scripta,
814 919 873 945 aut
932 920 982 945 est
998 907 1162 956 corpore,
1179 922 1288 943 caecus
1305 917 1355 942 est
1372 909 1488 942 animo
1502 909 1615 951 Quin-

191 966 372 1011 impressa.

245 1031 271 1053 1.
285 1019 411 1051 Thaida
426 1020 578 1063 Quintus,
590 1027 654 1052 etc.
668 1017 868 1053 Caecitatem

191 1072 335 1113 Quinti,
363 1085 436 1105 non
459 1073 642 1106 oculorum
654 1098 663 1113 ‚
680 1071 742 1105 sed
760 1072 868 1117 ipsius

192 1125 301 1158 animi
339 1125 463 1159 irridet
497 1126 565 1159 hoc
608 1126 870 1171 epigrammate.

193 1179 342 1211 Amabat
366 1179 461 1212 enim
489 1178 626 1212 Thaida
651 1179 871 1212 meretricem

192 1231 322 1264 luscam
339 1258 348 1272 ‚
381 1246 487 1278 qnam
520 1245 624 1265 nemo
657 1233 725 1265 nisi
764 1245 872 1266 caecus

193 1296 307 1317 amare
323 1295 452 1330 posset.
466 1286 528 1319 Illa
538 1313 546 1327 ‚
563 1286 695 1331 inquit,
709 1299 780 1319 uno
791 1297 871 1319 ocu-

192 1337 227 1370 lo
247 1347 358 1379 caret,
374 1339 530 1380 Quintus
546 1338 695 1372 duobus.

932 973 1007 998 tus:
1028 962 1102 997 vid.
1131 963 1239 1009 epigr.
1270 975 1306 996 Χῖ
1333 963 1437 996 infra.
1462 963 1530 995 En.
1555 984 1608 988 —

928 1019 1030 1050 Duos.
1045 1017 1205 1062 Utroque
1219 1025 1312 1050 caret
1328 1016 1443 1057 oculo,
1455 1015 1613 1061 metaph.

928 1070 966 1104 id
988 1079 1039 1104 est
1057 1097 1066 1112 ‚
1083 1082 1192 1104 caecus
1213 1079 1264 1104 est
1287 1082 1425 1111 amore,
1448 1069 1509 1115 qui
1535 1081 1607 1101 non

930 1124 1122 1158 meretricis
1141 1123 1250 1164 vitia,
1282 1136 1359 1169 quae
1383 1123 1503 1156 oculos
1531 1134 1612 1155 vere

930 1186 1094 1223 pungunt
1105 1199 1114 1214 ‚
1133 1175 1386 1222 deprehendat.
1395 1176 1490 1210 Vide
1500 1176 1590 1209 infra
1600 1200 1610 1212 ‚

932 1232 1041 1277 epigr.
1059 1243 1166 1264 xxxnt
1185 1239 1192 1260 :
1214 1248 1227 1260 «
1239 1231 1345 1265 Iliaco
1364 1230 1514 1263 similem
1527 1241 1614 1275 pue-

931 1284 1374 1326 rum,Faustine,ministr0
1383 1284 1493 1316 Lusca
1502 1284 1615 1327 Lyco-

930 1338 978 1372 ris
992 1347 1100 1372 amat:
1117 1351 1222 1384 quam
1235 1338 1325 1371 bene
1337 1338 1431 1371 lusca
1444 1335 1560 1371 videt!
1580 1353 1593 1365 n

847 1473 956 1530 IX.

723 1643 778 1671 IN
818 1621 1083 1672 ςΠῊἻΑΜῙι

265 1764 562 1807 VERSICULos
589 1763 633 1806 in
662 1779 732 1807 me
762 1773 966 1807 narratur
994 1763 1184 1808 scribere
1209 1765 1365 1810 Cinna.

335 1835 438 1877 Non
461 1834 635 1888 scribit,
658 1835 781 1895 cujus
805 1835 1000 1878 carmina
1022 1851 1152 1879 nemo
1177 1834 1294 1897 legit.

248 1961 263 1976 ⁴*
282 1966 349 2000 Hic
369 1968 465 2000 nulla
484 1968 645 2001 lectionis
664 1968 811 2001 varietas
824 1976 877 2001 est

197 2019 233 2051 in
255 2020 353 2053 libris
374 2021 506 2054 calamo
528 2022 693 2062 exaratis,
708 2030 767 2055 aut
783 2022 876 2067 typis

197 2085 383 2118 impressm.

254 2138 285 2158 2.
302 2126 403 2159 Nemo
420 2127 508 2171 legit.
522 2128 715 2161 Pessimum
734 2136 876 2174 poetam

197 2187 313 2221 notat,
327 2181 426 2225 cujus
443 2181 597 2216 carmina
611 2181 759 2228 perinde
771 2182 878 2228 negli-

935 1976 1061 2013 gantur
1077 1993 1086 2007 ‚
1119 1980 1157 2001 ac
1196 1968 1225 2001 si
1261 1968 1390 2014 scripta
1422 1981 1616 2014 numquam

935 2021 1094 2055 fuissent.
1114 2021 1210 2064 Quid
1234 2022 1377 2055 interest
1399 2035 1521 2056 versus
1543 2035 1615 2055 non

936 2074 1040 2108 scribi
1053 2101 1062 2114 .,
1078 2076 1134 2109 vel
1154 2088 1228 2109 non
1249 2075 1329 2116 edi,
1351 2076 1406 2109 vel
1426 2088 1498 2108 non
1520 2074 1615 2120 legi?

936 2127 1110 2173 siquidem
1132 2129 1265 2162 nemini
1286 2129 1516 2163 innotescant.
1530 2128 1614 2162 Vid.

936 2182 1046 2228 epigr.
1067 2183 1127 2217 lib.
1149 2183 1222 2225 VI,
1244 2185 1306 2223 64.
1320 2182 1387 2216 ΕΒ.
