2061 3288
422 211 1015 260 EPIGRAMMATUM
1056 212 1180 255 LIB.
1221 211 1284 253 ΙΙ.

1467 210 1564 256 233

213 306 292 348 Eia
319 320 420 365 age,
443 319 598 364 rumpe
628 319 773 347 moras
799 320 808 346 ε
836 318 923 364 quo
951 312 992 346 te
1019 299 1289 362 sperabimus
1316 315 1453 360 usque
1470 299 1489 342 P

288 376 431 431 Dum,
455 374 559 435 quid
590 375 668 429 sis,
693 373 888 429 dubitas,
908 373 997 434 jam
1028 381 1152 433 potes
1182 386 1275 414 esse
1303 369 1422 414 nihil.
1539 398 1568 413 ,ο

143 525 203 559 sya
225 513 413 559 loquatur,
443 513 517 546 sive
546 513 710 559 Marsyan
741 513 825 546 allo-

143 575 269 612 quatur
301 566 417 611 ipsum
451 566 632 600 Martialis.
672 566 738 600 En.
774 588 826 593 —

143 620 269 654 Sensus
288 627 362 653 est:
386 620 464 665 Ipsa
486 619 635 666 Marsyae
655 627 767 654 statua
789 619 825 653 in

145 672 223 707 foro
248 680 340 706 stans
355 699 364 715 ,
390 681 459 706 tam
479 673 610 706 crebris
633 672 827 706 causidico-

142 737 224 759 rum
234 725 445 760 clamorihus
458 725 638 765 tunditur,
652 735 690 760 ut
707 739 825 772 quam-

142 779 195 812 vis
213 790 311 812 saxea
329 778 470 813 dicendi
487 788 597 813 artem
610 780 735 813 callere
751 792 826 825 pos-

144 832 205 874 sit;
219 831 357 877 Lipsius
371 833 595 879 antiquarum
613 833 824 875 lectionum,

142 884 204 918 lib.
223 885 325 919 XIII.
349 885 405 918 Ad
427 886 576 931 Marsyae
595 894 743 920 statuam
759 887 826 919 Ro-

143 938 238 972 mani
263 937 462 972 vadimonia
486 939 642 974 obibant.
660 941 713 973 De
727 941 822 973 Mar-

143 1003 224 1035 sya,
242 991 304 1024 lib.
325 991 358 1024 X
371 1018 380 1034 ‚
400 992 510 1037 epigr.
534 1005 623 1026 Lx11.

198 1057 233 1088 9.
253 1043 366 1078 Codd.
390 1045 528 1079 Thuan.
557 1054 590 1079 et
610 1047 688 1079 Vat.
715 1058 823 1090 spera-

146 1098 262 1137 vimus;
282 1097 492 1131 Beverlandi
515 1099 593 1132 MS.
609 1099 800 1145 sperabimus
810 1112 823 1138 ;

144 1149 221 1190 alii,
243 1150 459 1196 spectabimus.
480 1152 557 1186 Lib.
575 1152 690 1198 Spect.
715 1151 824 1198 epigr.

144 1215 244 1244 xxw,
279 1216 314 1237 v.
349 1204 383 1238 5.
411 1225 464 1232 ·—-
489 1205 689 1249 sperabimus
720 1212 825 1251 usqae.

144 1256 334 1302 Quousque
361 1270 437 1303 spes
460 1266 595 1291 tautum
615 1257 714 1292 dabis
729 1284 737 1300 ,
762 1271 827 1292 nec

146 1310 301 1356 explebis
312 1310 326 1343 Ρ
337 1310 555 1345 Jamdudum
576 1311 707 1346 dicitur
721 1324 730 1345 :
749 1312 827 1344 Fiet

887 513 1024 546 Taurus
1035 511 1156 544 rhetor
1166 510 1221 543 vel
1233 508 1428 544 causidicus
1439 523 1448 552 ;
1462 522 1571 555 quan-

886 565 933 599 do
957 563 1094 598 dicetur
1115 563 1278 605 tandem,
1297 562 1491 598 causidicus
1516 565 1570 597 vel

885 618 1008 652 rhetor
1030 618 1139 652 factus
1162 617 1236 651 est?

944 684 998 706 10.
1021 672 1103 705 Esse
1129 671 1220 704 nihil.
1244 672 1287 704 In
1309 669 1444 718 duplici
1465 670 1570 716 hujus

885 725 984 758 verbi
1011 725 1237 771 ambiguitate
1261 723 1355 758 ludit
1383 724 1568 758 Martialis.

884 779 1054 812 Essenilzil
1061 778 1233 824 significat
1242 781 1333 820 mori,
1345 786 1378 811 et
1387 778 1505 810 nullum
1517 791 1570 810 ar-

885 840 944 865 tem
962 832 1106 878 amplecti
1118 831 1331 865 exercendam.
1355 830 1569 876 Hujusmodi

884 894 966 919 sunt
984 885 1038 919 hae
1056 886 1186 931 gallicae
1202 885 1398 918 locutiones
1415 897 1422 918 :
1439 885 1473 918 Il
1489 885 1572 917 n'esc

881 939 953 984 plus
984 936 1170 979 (mortuus
1200 936 1302 980 est);
1331 939 1364 972 ll
1395 939 1479 971 n'est
1506 940 1571 970 rien

884 989 998 1032 (nihil
1031 992 1112 1038 agit.
1129 987 1142 1035 )
1174 993 1243 1026 En.
1279 1013 1331 1018 —-
1367 991 1478 1037 Igitur
1510 991 1568 1024 hic

885 1058 1004 1079 sensus
1025 1055 1074 1079 est
1094 1058 1102 1079 ε
1121 1047 1215 1079 Dum
1234 1044 1375 1078 dubitas
1388 1071 1398 1089 ‚
1411 1044 1498 1090 quid
1517 1056 1574 1089 ge-

886 1111 952 1132 nus
983 1099 1063 1133 vitae
1094 1099 1139 1133 sis
1169 1099 1412 1144 amplexuum,
1437 1099 1507 1132 vita
1536 1106 1570 1130 te

887 1151 1054 1194 deficiet3
1091 1161 1125 1185 et
1153 1153 1282 1186 simul:
1311 1150 1399 1184 dum
1432 1150 1571 1184 dubitas

888 1218 991 1251 quam
1012 1214 1121 1239 artem
1135 1206 1180 1240 sis
1194 1206 1416 1251 professurus
1427 1232 1436 1247 ‚
1453 1204 1573 1238 deere-

887 1267 1005 1292 scente
1018 1259 1162 1304 ingenio
1174 1285 1183 1300 ‚
1196 1257 1399 1292 valetudine
1408 1284 1417 1299 ‚
1430 1259 1570 1304 ineptus

888 1312 949 1345 fies
969 1311 1012 1345 ad
1032 1313 1138 1345 ullam
1158 1311 1405 1358 profitendam.

764 1446 955 1502 LXV.

626 1598 681 1626 IN
715 1598 873 1626 SALEI
888 1598 1056 1627 ANUM,
1076 1579 1095 1595 ⁴*

290 1723 393 1765 CUR
422 1722 656 1766 tristiorem
683 1723 903 1768 cernimus
928 1722 1205 1767 Saleianum?

290 1792 356 1834 An
385 1807 515 1835 causa
541 1791 647 1836 levis
673 1792 765 1836 est?
786 1793 957 1847 Extulit,
984 1795 1154 1854 inquis,
1179 1811 1374 1838 uxorem.

290 1863 330 1904 O
355 1862 518 1922 grande
546 1861 622 1906 fati
648 1861 834 1908 crimen!
863 1881 890 1907 o
913 1880 1092 1925 gravem
1120 1862 1290 1908 casum!

289 1931 394 1988 Illa,
417 1932 488 1976 illa
513 1933 636 1978 (lives
662 1944 835 1978 mortua
861 1944 926 1979 est
949 1934 1222 1989 Secundilla,

206 2064 220 2078 ⁴'
236 2070 374 2103 Ironice
396 2079 429 2103 et
453 2071 609 2105 irrisorie
628 2071 746 2105 illudit
766 2072 827 2105 Sa-

152 2121 305 2155 leianum
323 2148 331 2163 ‚
357 2122 472 2168 quod,
502 2124 585 2157 ficto
606 2125 652 2158 ob
684 2138 829 2158 uxorem

151 2182 325 2208 mortuam
354 2175 500 2217 dolore,
526 2179 662 2212 tristior
691 2178 828 2212 incede-

151 2235 225 2269 ret,
253 2241 271 2261 a
301 2241 368 2274 qua
396 2238 511 2263 tamen
539 2229 652 2264 decies
683 2240 830 2265 centena

151 2280 258 2314 millia
291 2294 475 2315 nummum
508 2281 599 2317 dotis
636 2294 824 2330 acceperat.

151 2334 353 2368 Hamil-osius.
393 2357 443 2361 ——
481 2335 524 2368 Et
560 2335 648 2369 (lum
689 2337 828 2371 videtur

148 2388 249 2432 queri
262 2388 432 2421 Martialis
448 2388 544 2433 quod
566 2389 597 2422 ei
616 2390 728 2423 fatum
741 2404 829 2424 uxo-

147 2452 223 2472 rem
261 2441 444 2474 abstulerit
462 2467 471 2483 ,
508 2454 629 2475 revera
669 2444 830 2488 queritur

146 2492 244 2538 quod
263 2493 294 2527 ei
310 2520 318 2534 ‚
336 2494 500 2540 improbo
521 2505 554 2528 et
572 2495 717 2541 indigno
734 2497 808 2530 viro
820 2522 829 2538 ,

153 2554 285 2579 tantam
309 2548 464 2580 attulerit
492 2549 689 2593 pecuniam.
710 2550 777 2583 En.

206 2620 257 2626 --
283 2600 320 2632 In
343 2600 529 2634 Salemnam
555 2602 682 2635 lemma
711 2612 761 2636 est
793 2604 828 2636 iu

154 2650 233 2683 edd.
257 2661 335 2685 vett.
360 2655 395 2687 In
411 2654 608 2693 Sub-tanam,
634 2656 669 2688 in
688 2655 772 2689 aliis.

946 2085 977 2106 1.
1004 2074 1199 2106 Tristiorem.
1217 2072 1260 2106 Id
1276 2082 1345 2114 est,
1366 2072 1514 2106 tristitiae
1531 2074 1572 2107 si-

890 2139 923 2159 m
932 2127 1115 2159 ulatorem.

943 2193 974 2212 2.
997 2180 1054 2212 ,In
1073 2192 1186 2220 causa,
1209 2188 1273 2213 etc.
1297 2179 1373 2212 Hoc
1396 2191 1499 2212 versu
1513 2179 1572 2213 Sa-

889 2232 993 2265 leiani
1006 2232 1253 2278 respondentis
1270 2233 1376 2265 verba
1392 2233 1571 2266 coutinen-

888 2294 959 2319 tur.
991 2308 1042 2312 —
1071 2287 1199 2318 Erculi.
1224 2286 1412 2331 Proprium
1440 2286 1571 2319 funeris

888 2340 1035 2372 verbum
1050 2363 1057 2375 ‚
1084 2338 1119 2371 id
1142 2347 1193 2372 est
1206 2365 1215 2379 ‚
1236 2338 1278 2371 ad
1304 2352 1427 2384 rogum
1447 2338 1571 2385 depor-

891 2392 956 2425 tari
974 2392 1082 2437 jussi,
1102 2400 1135 2424 et
1156 2392 1304 2437 sepeliri*

950 2446 980 2479 3.
999 2445 1239 2489 Ogramlefitti
1250 2448 1384 2477 crimen!
1402 2453 1466 2479 etc.
1487 2446 1569 2479 Haec

890 2506 974 2531 sunt
1000 2510 1076 2543 quae
1106 2499 1214 2531 refert
1244 2498 1432 2539 Martialis,
1465 2507 1502 2532 ut
1525 2500 1572 2532 vi-

891 2550 1019 2592 detur,
1057 2552 1209 2584 fortunae
1240 2549 1378 2585 crimini
1412 2560 1570 2589 vertens,

888 2603 988 2649 quod
1016 2603 1163 2638 viduum
1195 2605 1393 2638 Saleianum
1428 2605 1568 2638 fecerit,

889 2656 949 2689 sed
985 2665 1126 2699 contra,
1162 2667 1201 2691 ut
1230 2658 1323 2692 intus
1353 2660 1425 2702 ipse
1449 2667 1567 2702 putat,
