2061 3288
433 170 532 217 326
811 175 872 218 M.
896 176 1036 219 VAL.
1076 175 1466 221 MARTIALIS

502 262 607 304 Haec
637 262 783 305 animo
814 262 953 306 credis
982 278 1143 323 magno
1174 272 1240 319 te,
1262 264 1449 321 Quinte,
1476 264 1662 326 parare?

572 330 750 376 Falleris
775 349 783 376 :
813 332 907 377 haec
939 334 1133 387 animus,
1160 334 1347 390 Quinte,
1375 334 1556 396 pusillus
1587 336 1703 379 emit.

434 468 505 503 Sat.
526 470 625 504 VII:
654 489 667 501 α
691 471 838 505 Mundae
864 471 952 506 nitet
981 473 1111 518 ungula

432 523 547 556 mulae.
573 540 587 552 ι

488 588 523 620 7.
552 576 635 609 Hoec
662 579 778 610 animo.
813 577 885 618 Qui
914 585 1023 611 tantas
1046 579 1112 611 im-

434 640 557 673 pensas
581 629 662 663 facit
684 630 720 663 in
738 631 842 664 rebus
863 638 933 664 tam
954 631 1089 676 pusillis
1103 658 1112 673 ‚

1171 485 1243 506 non
1259 485 1385 519 magno
1397 499 1406 516 ‚
1424 473 1483 508 sed
1500 474 1629 520 pusillo
1641 482 1692 508 est
1708 473 1824 507 animo
1838 487 1848 508 ε

1171 525 1352 560 habendus
1370 535 1488 560 autem
1509 528 1748 573 magnanimus
1767 527 1825 560 ille
1840 553 1850 567 ‚

1172 579 1234 625 qui
1265 579 1452 625 pecuniam
1488 582 1702 626 pauperibus
1733 580 1854 614 amicis

1171 631 1318 677 largitur
1333 658 1342 673 ‚
1365 640 1430 667 etc.

1026 767 1266 823 LXIII.

956 918 1009 946 IN
1048 897 1344 947 commin*

444 1042 621 1084 Coum:
637 1075 647 1095 ‚
674 1040 812 1085 bellus
837 1042 971 1086 homo
995 1059 1038 1086 es
1064 1061 1072 1086 :
1101 1043 1254 1088 dicunt
1278 1044 1386 1099 hoc,
1409 1044 1549 1088 Cotile
1564 1080 1575 1100 ‚
1599 1044 1735 1089 multi.

512 1110 654 1155 Audio
678 1128 685 1154 :
715 1112 789 1155 sed
816 1112 920 1173 quid
947 1115 1023 1169 sit,
1049 1113 1118 1158 dic
1144 1114 1273 1170 mihi,
1298 1113 1435 1158 bellus
1461 1115 1623 1159 homo?

445 1179 588 1225 Bellus
618 1182 752 1226 homo
783 1193 872 1238 est,
898 1184 1032 1228 flexos
1063 1186 1137 1245 qui
1166 1185 1322 1246 digerit
1351 1185 1502 1229 ordine
1532 1187 1705 1243 crines3

517 1251 715 1296 Balsama
740 1255 813 1314 qui
839 1271 1031 1316 semper,
1054 1257 1257 1300 cinnama
1279 1273 1451 1317 semper
1474 1256 1588 1315 olet;

448 1323 630 1367 Cantica
650 1325 723 1384 qui
746 1324 858 1381 Nili,
881 1327 954 1386 qui
977 1326 1194 1370 Gaditana
1219 1337 1415 1370 susurrat
1439 1344 1450 1382 3

501 1446 516 1459 ¹
536 1452 565 1482 A
583 1451 700 1484 Cotilo
712 1477 721 1493 ‚
739 1452 884 1486 homine
904 1454 995 1487 bello
1010 1480 1019 1495 ‚
1038 1454 1125 1500 quid

451 1502 495 1535 sit
531 1503 629 1536 hellus
665 1505 754 1537 lzomo
788 1507 941 1550 postulat
971 1507 1123 1548 Noster;

452 1567 601 1601 eumque
628 1557 674 1589 ita
702 1558 804 1603 fingit
828 1558 1125 1604 respondentem,

453 1616 491 1641 ut
523 1622 593 1641 non
630 1609 788 1644 videatur
819 1612 1002 1657 antiquum
1040 1612 1128 1646 illud

453 1660 664 1707 epigramma
681 1676 689 1704 3
713 1676 793 1696 nam
812 1664 909 1710 quod
929 1666 994 1699 fuit
1016 1666 1130 1699 bellus

454 1714 561 1747 homo
580 1716 700 1749 Romae
714 1743 722 1758 ‚
742 1717 810 1750 hoc
828 1727 878 1751 est
896 1718 1007 1751 bellus
1022 1719 1130 1752 homo

454 1767 614 1801 Lutetiae.
637 1768 722 1802 Vid.
743 1770 805 1803 lib.
832 1772 849 1803 I
866 1796 874 1812 ,
896 1772 1002 1817 epigr.
1023 1785 1068 1813 κς
1098 1780 1132 1805 et

453 1820 514 1854 lib.
538 1822 572 1853 ΙΙ
590 1847 598 1862 ,
616 1822 728 1867 epigr.
746 1835 813 1857 vu.
829 1823 895 1857 En.

512 1886 545 1907 2.
566 1874 773 1908 Beverlandi
793 1876 867 1910 MS.
889 1877 947 1910 sed
967 1878 1045 1924 quid
1064 1881 1105 1910 sit
1122 1906 1130 1919 ,

459 1925 577 1959 Cottile
592 1955 601 1967 ‚
623 1928 720 1961 bellus
740 1930 859 1962 homo?

512 1979 545 2012 3.
570 1980 640 2013 Alii
657 1982 876 2028 leguntflexo
900 1986 973 2029 qui,
1000 1984 1132 2029 impro-

456 2033 561 2066 bante
591 2034 796 2069 Ramiresio.
825 2056 877 2061 —
905 2037 1015 2069 Bellus
1043 2038 1134 2071 homo

457 2093 503 2117 est
519 2112 527 2125 ,
551 2094 617 2120 etc.
639 2087 706 2120 Hic
733 2101 850 2122 versus
875 2097 909 2122 et
934 2102 1062 2123 novem
1081 2103 1132 2123 se-

458 2147 603 2183 quentes
634 2149 716 2174 sunt
745 2155 786 2175 ex
819 2154 966 2188 persona
1003 2143 1110 2177 Cotili
1124 2169 1133 2184 ‚

458 2190 610 2225 Martiali
627 2194 728 2238 quasi
744 2194 1000 2241 respondentis,
1011 2196 1136 2229 En.—

459 2244 575 2277 Fleaeos
597 2248 650 2291 qui
671 2247 789 2291 digerit
807 2248 917 2281 ordine
937 2251 1045 2282 crines.
1070 2250 1136 2283 Ca-

459 2296 534 2341 pilli
553 2298 607 2330 vel
635 2307 708 2332 arte
730 2300 921 2334 flectuntur
945 2310 979 2335 et
997 2302 1136 2335 calami-

459 2357 530 2382 stro
543 2351 742 2397 crispantur
754 2367 762 2395 ;
777 2355 960 2387 velcontra
974 2381 983 2396 ,
996 2355 1136 2401 ingenio

459 2414 521 2435 suo
540 2402 619 2436 flexi
636 2431 644 2447 ‚
666 2406 760 2440 nulla
783 2416 855 2441 arte
878 2407 1034 2442 adhibita
1053 2409 1136 2441 tales

460 2463 554 2488 sunt.
576 2456 790 2493 Petronius:
816 2478 829 2489 n
853 2460 975 2493 Crines
997 2462 1136 2506 ingenio

461 2520 523 2540 suo
541 2508 620 2542 flexi
635 2523 698 2555 per
715 2520 805 2546 totos
820 2526 854 2547 se
867 2514 1033 2548 humeros
1052 2515 1139 2547 effu-

461 2560 595 2594 derant.
617 2580 630 2591 ι·
663 2565 886 2609 Elegantium
915 2576 1029 2600 autem
1052 2568 1138 2601 levi-

461 2614 689 2660 culorumque
698 2617 882 2652 hominum
890 2632 1025 2653 comam
1036 2620 1139 2654 fuisse

1186 1455 1222 1487 in
1238 1454 1346 1487 cirros
1362 1453 1558 1487 ordinatam
1576 1462 1671 1500 patet
1684 1467 1725 1488 ex
1740 1455 1801 1488 lib.
1817 1455 1865 1496 ΙΙ,

1188 1507 1298 1553 epigr.
1315 1518 1421 1540 xxxw
1437 1533 1445 1548 ‚
1461 1520 1494 1540 v.
1523 1519 1537 1540 1
1553 1520 1562 1549 ;
1580 1516 1613 1541 et
1631 1508 1691 1541 lib.
1711 1508 1744 1541 X
1758 1533 1768 1549 ,
1790 1508 1865 1553 epi-

1187 1572 1332 1606 gramm.
1356 1573 1423 1593 va
1438 1586 1446 1600 ‚
1465 1573 1512 1593 vs.
1533 1563 1566 1594 6.
1585 1561 1652 1593 En.

1245 1617 1277 1653 4.
1313 1613 1465 1646 Balsama
1495 1616 1549 1659 qui
1566 1641 1575 1653 ,
1605 1622 1670 1647 etc.
1701 1613 1867 1646 Mollium

1189 1674 1240 1699 est
1266 1666 1452 1711 unguentis
1478 1667 1598 1700 alienis
1618 1679 1757 1712 semper
1778 1667 1868 1700 bene
1918 1698 1921 1701 ,

1190 1719 1295 1752 olere.
1320 1719 1403 1753 Vid.
1425 1720 1487 1753 lib.
1512 1720 1572 1761 II,
1593 1720 1701 1766 epigr.
1727 1732 1805 1761 x11;
1834 1728 1868 1753 et

1190 1772 1316 1805 Juven.
1338 1781 1399 1805 sat.
1423 1774 1470 1806 II.
1491 1794 1542 1799 —
1563 1774 1728 1807 Balsama.
1752 1773 1868 1806 Balsa-

1192 1838 1288 1858 mum
1309 1834 1358 1858 est
1383 1827 1565 1860 arbuscula
1586 1826 1680 1859 unde
1696 1839 1759 1872 per
1777 1826 1869 1859 inci-

1191 1878 1326 1911 sionem
1345 1880 1539 1913 extrahitur
1559 1879 1676 1925 liquor
1692 1879 1868 1919 odorifer,

1192 1931 1251 1977 qui
1266 1932 1458 1966 balsamum
1472 1945 1611 1977 quoque
1626 1941 1785 1966 vocatur.
1800 1933 1867 1966 En.

1192 2006 1244 2011 -—
1269 1984 1433 2019 cinnama.
1462 1986 1692 2027 Cinnamum,
1714 1998 1774 2018 seu
1795 1987 1870 2018 cin-

1191 2050 1394 2071 namomum
1409 2064 1417 2078 ‚
1444 2032 1552 2081 (nam
1570 2038 1663 2072 idem
1687 2051 1758 2072 esse
1780 2051 1870 2072 asse-

1192 2099 1275 2124 runt
1292 2091 1453 2124 nonnulli
1465 2089 1495 2132 ‚)
1512 2100 1562 2125 est
1574 2092 1689 2126 frutex
1706 2090 1872 2125 odoratus

1194 2144 1252 2189 qui
1274 2156 1315 2177 ex
1333 2144 1411 2177 Asia
1424 2143 1661 2178 devehebatur
1674 2160 1682 2188 ;
1697 2157 1768 2190 quo
1786 2158 1871 2178 con-

1195 2196 1358 2230 diebatur
1393 2210 1479 2244 aqua
1515 2198 1709 2231 suavissimi
1740 2196 1869 2231 odoris.

1196 2249 1280 2283 Vid.
1303 2263 1379 2295 sup.
1401 2251 1511 2296 epigr.
1534 2264 1589 2292 ΙΝ,
1605 2264 1652 2284 vs.
1681 2265 1712 2284 2.

1252 2303 1284 2336 5.
1302 2303 1435 2336 Cantica
1456 2306 1508 2350 qui
1522 2305 1610 2344 Nili,
1636 2307 1690 2350 qui
1707 2312 1735 2336 et
1750 2304 1874 2337 Bever-

1195 2355 1290 2389 laudi
1306 2357 1382 2390 MS.
1400 2377 1452 2382 —-
1472 2356 1604 2389 Cantica
1623 2359 1677 2403 qui
1692 2357 1784 2398 Nili,
1806 2365 1871 2389 etc.

1196 2410 1440 2455 AEgyptiorum
1459 2436 1468 2450 ‚
1493 2410 1642 2443 maxime
1666 2408 1873 2442 Alexandri-

1197 2475 1323 2495 norum
1346 2475 1479 2495 sumina
1502 2464 1687 2503 mollities,
1711 2463 1874 2508 petulane

1197 2515 1264 2554 tia,
1291 2523 1325 2548 et
1348 2516 1540 2561 procacitas
1567 2517 1602 2548 in
1629 2516 1724 2549 sactis
1753 2515 1873 2548 ‹lictis-

1198 2581 1287 2613 que,
1313 2577 1351 2602 ut
1369 2569 1471 2602 etiam
1493 2569 1633 2602 canticis
1653 2569 1797 2601 lascivis.
1822 2568 1874 2600 De

1200 2622 1345 2667 Canopo
1363 2621 1445 2655 vide
1462 2622 1590 2657 Juven.
1613 2630 1676 2656 sat.
1693 2623 1709 2654 I
1722 2647 1731 2663 ‚
1750 2635 1783 2655 v.
1804 2623 1875 2662 263
