2061 3288
458 196 1038 241 EPIGRAMMATUM
1076 197 1200 239 Llss.
1242 198 1273 239 I.

1505 213 1563 258 77

739 330 988 387 XXXI.

581 472 644 500 DE
681 471 888 501 DIAULO

927 470 1146 500 MEDICO.

227 578 507 621 Cnmunons
535 574 703 631 fuerat,
729 591 846 619 nunc
871 584 937 618 est
960 572 1142 635 vespillo
1167 573 1368 620 Diaulus.

292 648 467 708 Coepit,
496 663 585 708 quo
616 655 815 708 poterat,
846 644 1025 690 clinicus
1055 661 1147 690 esse
1175 645 1320 689 modo.

213 781 240 802 1.
266 767 454 812 Chirurgus.
479 767 655 812 Cliirurgo
677 767 740 813 qui
761 767 833 800 vul-

156 822 300 855 neribus
321 834 427 854 manu
443 821 526 854 facit
546 820 756 854 medicinam
775 833 835 854 no-

157 875 262 908 bilior
281 882 332 908 est
365 875 513 908 clinicus
538 872 550 913 (
566 875 672 914 κλίνη,
693 872 810 914 lectus)
823 899 830 910 ‚

157 928 218 974 qui
238 940 345 974 aegros
364 928 461 966 visit,
485 936 519 961 et
535 939 659 960 eorum
672 927 768 960 lectis
782 940 833 961 as-

156 979 256 1014 sidet.
277 982 397 1023 Quum
413 981 520 1026 igitur
537 993 555 1013 e
574 981 741 1026 chirurgo
761 981 835 1013 fieri

158 1034 303 1068 clinicus
325 1034 429 1067 vellet
446 1034 592 1067 Diaulus
604 1060 613 1074 ,
633 1045 698 1067 nec
714 1034 760 1066 oh
780 1034 834 1066 in·

157 1087 249 1132 genii
263 1086 462 1120 tarditatem
477 1095 614 1132 posset,
634 1087 835 1132 vespillonis

158 1153 285 1173 munus
294 1141 441 1186 sumpsit
451 1167 461 1183 ,
476 1148 632 1174 mortuos
645 1140 834 1173 efferentis.

158 1214 210 1219 —
242 1193 300 1227 Sic
332 1194 423 1227 circa
456 1194 563 1226 lectos
598 1201 752 1226 versatus
786 1201 836 1226 est

158 1246 318 1287 Diaulus,
332 1246 477 1291 vespillo
490 1271 499 1288 ‚
512 1259 620 1291 quum
635 1259 707 1279 non
720 1255 836 1291 posset

157 1300 286 1332 versari
315 1298 472 1333 medicus
487 1325 495 1341 ‚
522 1308 556 1332 et
580 1299 724 1332 clinicus
744 1311 835 1344 quo-

157 1351 346 1385 dammodo
363 1353 472 1386 factus
491 1360 561 1394 est3
581 1353 669 1388 κλίνη
691 1352 785 1385 enim
801 1361 835 1386 et

158 1405 287 1438 lectum
322 1414 355 1438 et
380 1406 550 1438 feretrum
580 1405 762 1450 significat.
785 1426 835 1431 —-

160 1460 179 1489 Ι
189 1459 312 1500 'espilla
328 1459 383 1492 Sic
397 1468 539 1493 vocatus
556 1471 574 1491 a
587 1459 696 1492 verbo
709 1472 832 1503 vesper,

158 1512 327 1556 quoniam
343 1514 491 1557 majores
505 1512 569 1545 sub
583 1520 722 1545 noctem
739 1524 836 1557 sepe-

159 1565 345 1599 liebantur.
362 1565 445 1599 Vid.
469 1566 579 1612 epigr.
600 1577 659 1599 xm
677 1565 781 1599 infra.

950 779 983 801 2.
994 767 1035 799 In
1049 766 1214 800 omnibus
1223 765 1326 800 codd.
1342 775 1375 801 et
1390 765 1469 802 edd.
1488 777 1571 805 vett.

896 819 1000 864 Coepit
1012 820 1243 866 quodpoterat.
1256 821 1377 854 Lectio
1389 830 1506 855 nostra
1515 821 1570 855 de-

892 873 996 906 betur
1020 873 1160 919 Lipsio,
1188 874 1288 919 epist.
1318 874 1452 916 Quaest.
1481 876 1515 918 I,
1540 877 1573 911 5.

894 947 948 953 —
975 926 1128 960 Clinicus.
1159 927 1287 960 Clinici
1315 927 1444 961 medici
1475 939 1573 963 erant

895 978 999 1021 dicti,
1028 980 1091 1013 ἀπὸ
1121 983 1177 1019 τῆς
1207 980 1323 1020 κλίνης·
1353 981 1422 1014 hoc
1449 990 1521 1024 est,
1552 997 1571 1017 a

894 1033 1004 1073 lecto,
1026 1032 1122 1078 quod
1145 1042 1292 1079 aegrotos
1312 1033 1403 1067 lecto
1419 1036 1574 1080 jacentes

895 1087 1046 1120 viserent
1065 1096 1311 1133 curarentque.
1330 1088 1457 1120 Jocans
1478 1089 1574 1122 Mar-

896 1139 985 1173 tialis
1004 1140 1051 1173 ait
1071 1152 1112 1173 ex
1135 1141 1299 1186 chirurgo
1318 1141 1484 1174 Diaulum
1503 1155 1575 1175 esse

895 1193 1028 1226 factum
1043 1193 1229 1235 clinicum,
1247 1193 1309 1227 sed
1327 1207 1399 1227 non
1418 1196 1574 1239 potuisse

895 1246 994 1279 aliter
1006 1259 1078 1279 esse
1092 1247 1258 1280 clinicum
1276 1260 1380 1293 quam
1393 1248 1574 1282 efferendo

896 1298 1084 1341 cadavera,
1107 1308 1146 1333 ut
1173 1299 1305 1333 indicet
1332 1301 1495 1334 Diaulum
1524 1303 1575 1335 fa·

895 1360 991 1385 ctum
1005 1365 1076 1385 esse
1089 1354 1319 1399 vespillonem
1331 1379 1340 1395 ‚
1358 1355 1420 1400 qui
1434 1355 1574 1389 efferret

895 1404 1082 1447 cadavera,
1103 1415 1136 1439 et
1158 1407 1207 1440 sic
1226 1407 1371 1440 clinicus
1388 1417 1503 1453 posset
1520 1421 1578 1454 ap-

894 1459 1038 1505 pellari3
1053 1472 1134 1493 nam
1148 1460 1185 1492 in
1203 1461 1322 1499 κλίναις
1339 1461 1575 1495 efferebantur

895 1512 1027 1546 mortui
1048 1525 1056 1546 :
1078 1512 1169 1547 ludit
1191 1513 1319 1547 Noster
1336 1513 1372 1547 in
1399 1515 1572 1561 ambigui·

896 1573 966 1598 tate
987 1566 1098 1599 verbi.

719 1682 1014 1738 XXXII.

385 1822 452 1849 DE
490 1821 782 1862 ENCOLPO,
821 1821 1008 1851 PUERO
1045 1823 1348 1853 PUDENTIS.

232 1936 330 1977 llos
357 1933 458 1989 tibi,
488 1933 677 1988 Phoebe,
701 1943 834 1977 vovet
863 1943 978 1978 totos
1004 1951 1029 1978 a
1055 1937 1217 1981 vertice
1240 1939 1381 1983 crines

301 2004 546 2065 Encolpus‚
568 2004 734 2048 domini
759 2006 1027 2050 centurionis
1051 2022 1199 2051 amor:

233 2076 370 2119 Grata
394 2075 566 2119 Pudens
597 2076 740 2120 meriti
768 2075 915 2120 tulerit
946 2093 1082 2138 quum
1112 2079 1291 2138 praemia
1316 2079 1416 2142 pili,

301 2146 447 2203 Quam
479 2147 670 2207 primum
696 2146 869 2208 longas,
894 2147 1080 2204 Phoebe,
1109 2150 1252 2194 recide
1282 2168 1442 2197 comas.

232 2218 352 2260 Dum
378 2215 496 2260 nulla
524 2218 662 2261 teneri
688 2218 867 2262 sordent
891 2217 1095 2280 lanugine
1120 2220 1293 2278 vultus,

220 2350 252 2373 1.
281 2338 473 2372 D'Orleans
497 2339 580 2384 legit
611 2346 730 2381 tortos,
759 2340 840 2385 quia

162 2392 387 2426 calamistrati
416 2392 467 2424 illi
501 2392 616 2438 capilli
643 2400 678 2425 et
701 2393 839 2427 retorti.

162 2444 364 2491 Aliquando
381 2445 547 2490 putabam
573 2453 676 2477 tonsos
697 2458 770 2479 esse
791 2446 841 2479 le-

160 2497 333 2543 gendum,
355 2507 389 2532 et
408 2499 454 2532 sic
472 2497 614 2532 tandem
639 2499 780 2544 reperio
802 2499 838 2532 in

160 2552 322 2597 margine
363 2552 462 2586 Junt.
502 2564 558 2584 me
590 2563 698 2598 penes
721 2575 730 2591 ‚
773 2552 841 2586 hoc

163 2604 270 2637 modo
283 2630 292 2645 ‚
315 2609 405 2639 tZsos.
432 2626 483 2632 —-
510 2605 581 2638 Hos
609 2605 684 2639 tibi.
697 2632 706 2638 .
721 2632 728 2639 .
742 2631 750 2639 .
770 2606 841 2638 En-

162 2658 284 2703 colpus
309 2670 395 2703 puer
414 2670 533 2692 servus
555 2667 588 2692 et
607 2659 754 2694 amasius
773 2659 841 2692 Pu-

900 2339 1015 2374 dentis
1032 2341 1246 2376 centurionis
1261 2369 1270 2384 ,
1288 2355 1431 2380 voverat
1442 2347 1575 2382 Phoebo

900 2394 1029 2433 crines,
1059 2394 1087 2427 si
1106 2394 1270 2430 dominus
1288 2405 1322 2431 et
1347 2408 1481 2434 amator
1501 2403 1574 2447 ejus

900 2445 943 2479 ad
962 2447 1218 2493 primipilarem
1231 2449 1437 2496 dignitatem
1450 2456 1575 2489 evehe-

899 2507 1017 2542 retur3
1040 2502 1137 2547 cujus
1160 2503 1233 2536 voti
1258 2516 1340 2538 reus
1366 2506 1492 2549 factus,
1514 2509 1575 2542 ab·

901 2551 1281 2599 sciditeomam‚lib.V‚
1295 2559 1403 2604 epigr.
1416 2573 1511 2595 Lnx.
1526 2584 1577 2589 —-

907 2607 1013 2639 Totos.
1042 2607 1135 2642 Hinc
1161 2610 1260 2655 pueri
1286 2612 1415 2646 mirum
1441 2613 1577 2649 deside-

904 2659 1015 2702 rium,
1034 2669 1067 2694 et
1085 2661 1160 2695 voti
1180 2663 1334 2708 pretium
1354 2667 1502 2701 extollit.
