2061 3288
603 211 698 252 TH.
740 206 1140 251 FARNABIUS.
1531 223 1575 250 ix

167 310 216 356 ut
236 299 448 359 majorum
469 298 662 358 gentium
684 305 858 341 versent
879 297 1056 349 Poetas3
1079 293 1153 339 sed
1173 309 1296 349 suos,
1317 304 1366 338 ut
1384 294 1577 355 ejusdem

168 370 331 413 Arbitri
352 368 495 412 verbis
521 377 641 424 utar,
667 378 716 411 ut
741 368 922 428 quisque
947 382 1122 410 versum
1151 364 1333 426 pedibus
1354 366 1576 423 instruxit,

168 455 427 500 sensumque
458 439 671 483 teneriore
708 438 943 482 verborum
977 436 1141 481 ambitu
1181 436 1392 491 intexuit,
1423 446 1581 497 putant

168 511 377 554 continuo
428 511 471 553 in
513 509 769 554 Heliconem
817 509 985 553 venisse
1024 525 1033 552 :
1067 517 1110 551 et
1152 506 1301 568 quidni
1343 506 1580 551 venerint?

167 580 343 641 quando
380 581 483 641 ipsis
523 579 817 641 paedagogulis
859 582 1033 623 Fauste
1059 595 1231 640 precor
1264 577 1420 639 gelida
1455 587 1581 622 sonet

168 651 295 695 altius
334 667 465 711 quam
502 652 652 694 Arma
686 654 917 711 virumque
947 665 1089 703 ccmo,
1129 659 1173 694 et
1202 647 1394 710 Elegiaci
1430 665 1581 693 omnes

169 721 402 778 sordeant,
435 722 468 765 si
494 721 775 766 conferantur
805 737 906 765 cum
943 723 1035 780 Qui
1066 720 1176 765 mz’lu'
1202 720 1461 781 discipulus.
1497 719 1581 763 Sed

169 792 289 836 unde
329 793 444 846 haec,
480 809 647 853 quaeso,
674 801 820 835 vestra
862 792 1054 853 gravitas
1090 800 1233 848 tanta,
1270 791 1501 852 sapientia,
1538 799 1583 834 et

169 864 393 917 sanctitas3
416 863 548 907 immo
566 864 759 924 pigritia,
775 863 1023 923 arrogantia
1037 897 1048 917 ‚
1065 871 1109 906 et
1129 860 1406 907 sinisteritas?
1418 863 1583 917 Poetae,

169 933 287 994 quod
307 933 569 994 praetenditis
583 969 594 990 ,
619 933 793 978 obscuri
815 942 926 977 sunt.
950 933 1036 977 Sed
1057 932 1224 989 videte,
1245 949 1301 977 ne
1321 932 1406 977 hoc
1427 932 1583 976 vitium

174 1020 200 1047 a
229 1005 353 1048 vobis
383 1005 460 1060 sit,
489 1005 563 1065 qui
593 1021 682 1048 non
711 1004 881 1048 assidua
917 1003 1103 1048 lectione
1133 1003 1311 1048 redditis
1340 1019 1414 1047 eos
1443 1003 1581 1063 magis

171 1074 414 1119 familiares.
437 1075 557 1132 Quin
589 1084 632 1119 et
663 1084 1028 1118 commentatores
1065 1075 1166 1118 satis
1198 1073 1407 1118 luculenti
1441 1073 1581 1118 facem

171 1145 434 1205 praeferunt3
459 1162 645 1206 quorum
671 1144 845 1189 taedium
877 1146 912 1189 si
939 1144 1008 1188 vel
1033 1144 1205 1189 delicati
1235 1145 1350 1189 ferre
1377 1161 1467 1188 non
1496 1160 1581 1205 po-

172 1216 313 1269 testis,
333 1215 401 1259 vel
424 1216 477 1259 ad
500 1217 698 1276 graviora
720 1215 831 1259 forte
857 1214 997 1260 studia
1020 1217 1263 1276 properatis
1285 1215 1432 1277 potius
1452 1230 1584 1276 quam

172 1287 423 1340 maturatis,
451 1302 505 1329 en
536 1286 659 1330 vobis
687 1303 838 1332 sensus
867 1285 1101 1329 medullam
1128 1295 1243 1330 notae
1268 1284 1584 1346 admarginales

172 1365 390 1418 praestant.
417 1356 502 1401 Sed
527 1356 688 1400 inutilis
708 1366 795 1413 est,
819 1366 866 1401 ut
887 1356 1146 1411 causamini,
1167 1373 1319 1401 eorum
1345 1355 1497 1411 lectio;
1520 1365 1585 1411 et,

174 1427 291 1487 quod
325 1427 433 1471 dixit
469 1426 635 1483 Zeno,1
668 1427 724 1471 ad
757 1428 1084 1489 perceptionem
1118 1426 1444 1489 disciplinarum
1478 1425 1585 1470 nihil

174 1496 351 1541 alienius
371 1498 719 1551 Poeticavobis,
735 1515 829 1558 quae
852 1515 942 1542 non
959 1497 1120 1558 legitis,
1135 1514 1190 1541 an
1210 1498 1467 1560 exspectatis
1490 1497 1587 1542 usui

173 1585 264 1612 esse
285 1567 440 1629 posse?
459 1570 624 1613 Discite
641 1569 744 1629 quid
763 1569 906 1613 dicere
924 1567 1085 1613 Plinius
1109 1568 1260 1613 solitus
1281 1570 1353 1625 sit,
1371 1567 1586 1613 referente

174 1648 332 1700 nepote
355 1656 432 1683 suo
456 1637 487 1683 :²
510 1638 692 1684 Nullum
717 1656 810 1684 esse
834 1639 996 1684 librum
1018 1649 1107 1683 tam
1128 1638 1290 1684 malum
1307 1673 1318 1693 ‚
1339 1648 1389 1683 ut
1408 1656 1497 1684 non
1519 1638 1589 1682 ali·

175 1726 260 1770 qua
287 1727 339 1753 ex
368 1719 491 1771 parte
520 1710 758 1771 prodesset.
789 1711 852 1754 Ac
883 1727 937 1754 ne
962 1711 1144 1754 virtutes
1177 1720 1221 1755 et
1249 1709 1454 1754 utilitates
1479 1712 1587 1754 Poe-

175 1781 269 1824 ticae
295 1796 428 1841 cogar
453 1781 496 1824 in
521 1781 606 1825 hoc
631 1791 885 1825 transcursu
907 1780 1141 1825 licentioris
1162 1797 1293 1842 quam
1316 1782 1589 1825 institueram

177 1850 438 1911 praefationis
469 1868 713 1909 recensere,
739 1854 796 1896 D.
823 1853 1068 1913 Augustino
1094 1852 1218 1897 vobis
1242 1861 1447 1909 auctore,
1469 1850 1586 1896 colli-

177 1922 264 1982 gite
295 1938 579 1982 quaecumque
617 1923 672 1967 ab
711 1923 908 1967 Ethnieis
946 1924 1107 1984 scripta
1146 1933 1273 1979 sunt,
1308 1932 1351 1966 et
1383 1923 1427 1965 in
1460 1939 1586 1967 usum

178 2002 372 2036 vestrum
410 1992 648 2050 vindicata,
674 1994 994 2055 possessoribus
1028 1993 1110 2037 illis
1140 1994 1308 2054 injustis
1339 2002 1501 2054 erepta.
1532 1994 1590 2036 At

179 2079 228 2106 ex
259 2064 402 2106 Poetis
429 2062 648 2124 plerique,
670 2064 775 2108 dum
807 2065 960 2108 tetrica
985 2063 1140 2108 volunt
1166 2080 1408 2120 amoenare,
1434 2063 1589 2107 verbo-

181 2149 277 2176 rum
306 2133 501 2178 nuditate
535 2144 664 2195 atque
694 2152 840 2179 rerum
872 2135 1156 2179 obscoenitate
1189 2135 1359 2178 aurium
1387 2151 1588 2178 reveren-

181 2203 284 2246 tiam
314 2203 547 2259 incestant,
573 2206 705 2249 animi
728 2222 871 2250 mores
897 2215 1198 2267 corrumpunt.
1222 2204 1392 2259 Nolite,
1419 2221 1588 2265 quaeso,

181 2272 299 2333 loqui
328 2275 507 2334 perinde
536 2290 586 2319 ac
618 2277 652 2320 si
677 2278 722 2320 in
753 2275 943 2321 Platonis
969 2275 1233 2337 Republica,
1259 2285 1334 2320 aut
1359 2291 1458 2319 cum
1485 2292 1588 2336 per-

182 2343 303 2387 fectis
337 2344 584 2389 hominibus
621 2347 839 2391 viveretur
872 2364 881 2390 :
914 2348 1036 2407 quasi
1067 2363 1172 2390 vero
1208 2346 1335 2390 detur
1370 2346 1589 2390 sincerum

181 2413 364 2474 aliquid,
388 2415 477 2459 sine
504 2415 605 2459 mali
631 2416 886 2461 admistione
915 2434 1098 2478 purum,
1125 2427 1168 2460 et
1191 2417 1245 2460 ab
1273 2417 1392 2461 omni
1416 2426 1589 2461 terrena

183 2483 285 2528 faece
313 2486 434 2544 quasi
466 2485 613 2530 divino
644 2487 743 2548 igne
773 2497 1015 2533 excoctum.
1042 2487 1236 2544 Profert,
1268 2487 1438 2532 habetis
1472 2488 1587 2531 enim

245 2611 272 2630 1.
294 2600 385 2631 Zeno
399 2627 406 2638 ,
426 2609 492 2633 etc.
514 2602 613 2645 Diog.
633 2602 791 2636 Laertius
811 2602 854 2636 de
974 2617 1005 2636 2.
1022 2604 1185 2646 Rcfirente
1198 2611 1305 2648 nepote
1320 2616 1386 2636 wo.
1410 2603 1499 2637 Plin.
1518 2603 1590 2635 Cae-

186 2650 277 2683 Vitis
294 2651 424 2686 Philos.
442 2653 502 2686 lib.
519 2654 599 2687 VII.
916 2656 971 2688 cil.
994 2656 1081 2690 Min.
1099 2656 1178 2690 Lib.
1197 2657 1264 2695 ΙΙΙ,
1286 2669 1341 2701 cp.
1359 2657 1390 2689 5.
