2061 3288
448 229 1039 276 EPIGRAMMATUM
1077 229 1203 273 LIB.
1243 230 1326 272 IV.

1499 227 1598 290 393

249 323 486 381 Quumque
510 318 749 381 peregisset
774 319 919 363 miseri
944 315 1138 362 crudelia
1165 316 1278 374 fata,

318 391 478 435 Tabuit
499 391 543 434 in
563 389 704 435 calido
725 389 907 434 vulnere
929 404 1083 433 mucro
1108 397 1246 432 tener.

250 462 369 521 Quid
393 478 482 506 non
507 477 620 507 saeva
643 461 724 506 sibi
748 460 887 505 voluit
910 463 1106 505 Fortuna
1133 458 1291 505 licere?

318 535 407 577 Aut
430 533 504 576 ubi
534 549 653 577 mors
683 549 772 577 non
801 542 889 589 est,
913 532 947 576 si
970 529 1202 593 jugulatis,
1226 530 1378 593 aquae?

249 662 365 735 Ημος
392 669 431 717 δ’
458 673 696 725 αἰνοπαθοῢς
722 674 843 735 μόρον
865 674 1029 727 ἤνυσεν,
1053 671 1163 722 εὐθὺς
1187 672 1324 719 ἀκωκὴ

319 748 434 788 Αῦτο
458 745 591 807 πάγου
616 744 748 805 θερμῷ
773 745 980 805 τραύματι
1005 744 1227 804 τηκομένη.

248 817 348 870 Φεῢ,
373 821 448 860 ποῖ
467 818 511 859 οὐ
533 817 690 877 χώρησε
715 817 851 875 Τύχης
880 811 1062 869 ἐξουσίη;
1089 813 1112 863 ἢ
1139 821 1218 858 ποῦ

320 889 380 929 Οὐ
411 887 531 947 μόρος
557 888 632 942 ἔς’,
657 887 689 930 εἰ
714 887 780 930 καὶ
801 887 1024 945 σφακτικόν
1047 888 1130 937 ἐςιν
1153 880 1283 946 ὕδωρς

233 1028 268 1059 6.
289 1024 416 1058 Tabuit.
429 1023 555 1058 Calore
571 1024 730 1059 vulneris
745 1025 860 1071 tepuit

178 1090 217 1113 ac
244 1078 357 1112 soluta
390 1087 441 1112 cst
471 1078 568 1112 stiria
595 1091 637 1112 ex
664 1086 763 1125 parte
791 1091 859 1125 qua

178 1131 385 1165 confoderat
402 1132 504 1177 pueri
519 1132 679 1178 jugulum
694 1158 704 1175 ‚
718 1145 792 1166 non
807 1145 860 1166 se-

178 1197 239 1219 cus
256 1198 294 1218 ac
313 1184 419 1230 gladii
438 1198 573 1219 nmero.

233 1251 268 1283 7.
291 1239 382 1284 Quid
397 1252 458 1272 non
470 1265 479 1279 ,
504 1246 569 1272 etc.
588 1240 643 1272 An
664 1238 788 1272 mortis
805 1239 859 1271 ul-

920 1026 993 1059 lum
1010 1037 1118 1070 genus
1131 1033 1195 1067 est,
1214 1023 1313 1070 quod
1329 1024 1469 1058 fortuna
1486 1023 1601 1057 homi-

918 1079 1024 1112 nibus
1050 1079 1182 1112 inferre
1201 1091 1268 1124 pro
1284 1077 1430 1112 arbitri)
1449 1090 1514 1111 suo
1529 1090 1601 1110 non

918 1132 1033 1178 possit
1050 1132 1066 1165 P
1087 1133 1156 1166 En.

975 1187 1008 1219 8.
1022 1185 1227 1230 Sijugulatis
1238 1212 1247 1225 ‚
1267 1199 1369 1231 aquoe.
1389 1185 1500 1231 Aquae
1515 1198 1605 1218 luer-

919 1246 1029 1284 gunt,
1047 1251 1120 1272 non
1139 1237 1295 1273 fodiunt.

799 1382 983 1438 XIX.

649 1539 715 1566 DE
754 1518 1132 1568 ENDROMIDE.*

252 1663 389 1705 HANG
409 1660 486 1704 tibi
507 1661 760 1721 Sequanicae
782 1663 992 1723 pinguem
1014 1663 1207 1707 textricis
1232 1662 1478 1715 alumnam,

321 1732 432 1789 Quae
460 1731 841 1778 Lacedaemonium
868 1733 1055 1777 barbara
1085 1751 1247 1777 nomen
1277 1734 1433 1789 habet,

234 1870 249 1881 *
260 1869 372 1903 Mittit
381 1868 425 1902 ad
438 1870 588 1902 amicum
605 1869 838 1903 endromiden
850 1896 859 1912 ‚

181 1930 310 1956 vestem
328 1921 424 1956 haud
440 1923 487 1956 ita
501 1923 688 1969 pretiosam
703 1923 860 1968 quidem,

179 1975 240 2009 sed
250 1976 357 2010 calori
370 1975 524 2010 fovendo
535 1976 749 2022 aptissimam
762 1991 771 2017 3
784 1990 860 2010 mu-

180 2042 318 2075 nusque
330 2030 472 2075 vulgare
487 2028 713 2064 commendat
732 2030 774 2063 ab
788 2030 858 2064 uti-

180 2082 277 2116 litate
297 2095 369 2116 sua.
390 2084 460 2115 En.

233 2158 285 2162 ——
312 2137 364 2168 Dc
386 2136 584 2169 Andromide
609 2136 646 2169 in
671 2135 752 2170 edd.
774 2145 859 2171 vett.

183 2189 243 2222 Ad
261 2188 470 2235 Sequanicum
487 2188 694 2223 Beverlandi
714 2190 788 2223 MS.

238 2253 270 2275 Ι.
286 2242 382 2274 Hanc
397 2242 456 2274 tihi
470 2242 668 2288 Sequanicae,
689 2251 756 2276 etc.
776 2243 860 2277 Tibi

181 2307 248 2339 pro
263 2293 359 2328 dono
385 2294 556 2328 mittimus
576 2296 667 2329 hanc
682 2295 860 2329 endromi-

182 2346 250 2380 den
263 2374 273 2389 ‚
293 2360 369 2392 quae
381 2356 432 2381 est
447 2348 588 2382 alumna
602 2374 611 2390 ,
630 2348 667 2382 id
684 2357 754 2390 est,
773 2362 860 2394 opus

181 2409 389 2434 contextum
416 2413 435 2434 a
465 2401 613 2435 muliere
643 2401 860 2447 Sequanica3

181 2461 218 2487 et
246 2466 323 2499 quae
336 2480 346 2495 ‚
366 2454 448 2487 licet
470 2453 563 2500 apud
583 2455 750 2489 barbaros
774 2468 861 2489 con-

182 2506 289 2549 fecta,
310 2519 464 2552 graecum
493 2519 624 2541 nomen
647 2508 776 2550 habet3
799 2522 861 2554 pa-

183 2572 263 2592 rurn
288 2561 421 2594 lautum
449 2573 577 2594 munus
594 2587 604 2602 ‚
631 2561 742 2595 fateor
760 2588 769 2603 ,
800 2562 860 2596 scd

183 2622 304 2646 contra
329 2614 439 2659 frigus
461 2613 698 2648 utilissimum.
716 2616 782 2648 En.
807 2636 859 2641 ψ-

184 2666 376 2710 Sequanicoe.
411 2668 633 2703 Texebantur
666 2669 718 2701 hoc
751 2677 859 2703 vesto>

920 1871 957 1903 in
988 1871 1134 1911 Galliis,
1158 1880 1191 1905 et
1220 1874 1395 1918 praecipue
1425 1873 1518 1918 apud
1542 1874 1602 1907 Sc-

921 1936 1072 1969 quanos,
1102 1924 1138 1957 id
1170 1934 1242 1966 est,
1268 1927 1419 1971 populos
1447 1926 1491 1959 ad
1521 1927 1598 1959 fon-

920 1986 991 2010 tem
1034 1978 1202 2023 Sequanae
1235 1978 1335 2012 fluvii
1368 1980 1564 2013 habitantes
1590 1993 1598 2014 z

919 2030 1005 2063 olim
1022 2032 1050 2063 lv
1066 2035 1167 2064 comte
1181 2032 1220 2064 de
1234 2033 1442 2077 Boin-gogne.
1462 2049 1511 2054 -—
1524 2034 1602 2065 Pin-

918 2097 1022 2128 guem.
1038 2085 1159 2118 Crassa
1169 2111 1178 2125 ‚
1192 2085 1382 2131 villosaque
1399 2095 1472 2119 erat
1486 2087 1602 2128 vestis,

919 2150 983 2183 per
1007 2139 1107 2184 cujus
1129 2137 1274 2172 densam
1300 2147 1474 2172 texturam
1504 2139 1601 2173 haud

920 2190 1021 2224 facile
1051 2200 1248 2237 permearet
1284 2193 1465 2226 exterioris
1497 2192 1600 2226 flatus

919 2244 1020 2277 aeris.
1038 2245 1105 2278 En.
1123 2264 1175 2270 —
1200 2247 1232 2278 T
1230 2249 1368 2279 exeratis.
1390 2246 1601 2280 Lanificium

920 2296 1014 2342 apud
1026 2298 1173 2331 Veteres
1184 2298 1408 2332 foeminarum
1424 2299 1528 2332 fuisse
1540 2312 1601 2332 no-

920 2351 1094 2383 tissimum
1113 2360 1234 2385 est.—
1253 2353 1440 2387 Alumnam.
1460 2353 1601 2386 Textri-

921 2403 969 2436 cis
1000 2404 1177 2437 alumnam
1205 2414 1306 2438 vocat
1340 2406 1431 2439 hanc
1466 2414 1599 2440 vestem

920 2457 1176 2502 metaphorice,
1190 2457 1286 2503 quod
1300 2458 1601 2505 quemadmodum

921 2510 1071 2543 alumnae
1113 2524 1131 2545 a
1162 2512 1359 2546 nutricibus
1388 2513 1529 2546 aluntur
1565 2526 1601 2546 ac

922 2562 1113 2597 educantur
1126 2590 1136 2606 ,
1155 2565 1203 2598 sic
1219 2575 1366 2610 augetur
1384 2574 1417 2600 ct
1438 2565 1603 2599 educitur

920 2631 937 2650 a
962 2618 1103 2650 textrice
1126 2631 1278 2662 pannus.

978 2686 1005 2702 .›..
1031 2672 1308 2705 lssffl‘t'dzt’monlum.
1329 2674 1483 2705 Vocatur
1505 2672 1598 2704 onim
