2061 3288
448 229 1038 275 EPIGRAMMATUM
1076 229 1202 272 LIB.
1241 228 1327 271 IV.

1502 224 1598 286 437

325 319 407 363 Cui
432 318 507 362 dat
532 317 710 363 latratos
735 319 865 364 obvia
890 317 1019 363 turba
1045 315 1165 361 cibos
1187 333 1222 371 3*

255 391 361 433 Esse
387 398 512 450 putas
539 390 754 450 Cynicum
769 425 781 442 ‚
802 389 1011 451 deceptus
1036 387 1225 449 imagine
1250 383 1390 430 falsas

324 460 428 504 Non
450 469 516 504 est
539 460 610 505 hic
639 461 856 522 Cynicus,
881 463 1042 506 Cosme.
1069 476 1078 502 ε
1106 457 1212 519 quid
1237 455 1372 518 ergo?
1392 458 1522 501 canis.

187 612 305 638 mento
321 604 456 645 vestiti,
470 605 537 639 nisi
553 605 618 639 hac
635 606 751 640 abolla
762 629 771 646 ‚
787 618 866 653 quae

186 669 267 690 cuin
286 670 349 691 suo
364 657 510 691 domino
522 684 531 700 ,
550 660 646 692 velut
668 658 738 692 fida
755 671 867 701 uxor,

187 723 250 744 nec
269 723 424 756 unquam
443 720 575 745 mutata
587 738 596 753 ,
617 713 805 746 recubabat
830 712 866 745 in

186 764 341 808 grabato.
361 764 444 798 Vid.
462 765 523 798 lib.
543 766 644 807 XIV,
662 766 868 811 epigramm.

187 829 283 851 cxlx.
299 837 352 843 ——-
373 818 507 852 Abolla.
531 819 656 852 Abolla
673 819 776 852 vestis
795 827 869 852 erat

188 869 340 916 duplicis
363 872 499 916 generis
516 897 524 912 ,
555 872 661 905 altera
689 872 841 906 militum
857 897 866 913 ,

188 923 295 957 altera
310 936 393 958 vero
405 924 700 971 philosophorum
710 925 866 972 propria.

189 998 241 1003 ——
271 976 421 1011 Grabati.
448 978 539 1011 Vilis
562 979 695 1012 lectuli.
724 979 801 1012 Lib.
825 979 842 1010 I
860 1005 870 1020 ‚

189 1029 298 1076 epigr.
317 1043 428 1067 xc111‚
447 1043 480 1065 v.
507 1031 547 1074 53
565 1032 626 1065 lib.
648 1032 718 1065 XII
731 1058 740 1073 ,
758 1032 867 1078 epigr.

191 1095 267 1117 Lv11
282 1109 292 1126 ‚
313 1096 364 1117 vs.
389 1083 422 1118 5.

245 1139 279 1171 6.
298 1137 388 1171 Sunt
407 1137 468 1183 qui
484 1137 625 1183 legant:
650 1138 771 1185 Cuique
786 1139 871 1172 datis

192 1189 314 1222 latrant
328 1190 420 1223 obvia
437 1191 527 1223 turba
543 1191 632 1231 cibis,
649 1192 871 1236 improbante

192 1241 377 1276 Farnabio.
397 1264 451 1270 ——-
471 1243 533 1277 Cui
552 1244 610 1277 dat
630 1245 775 1278 latratos.
791 1245 871 1279 Suis

193 1296 287 1329 enim
314 1297 497 1331 latratibus
526 1298 652 1343 stipem
683 1310 701 1331 a
727 1307 872 1344 praeter-

193 1350 359 1383 euntibus
381 1352 639 1396 extorquebant
660 1351 798 1396 Cynici.
821 1373 873 1378 —-

195 1401 232 1433 Si
251 1403 367 1448 legere
388 1403 460 1444 vis3
485 1404 606 1449 Cuique
638 1404 722 1436 datis
754 1405 875 1437 latrant

193 1454 283 1488 obvia
305 1456 396 1488 tur-ba
415 1458 491 1489 cibis
504 1484 513 1497 ‚
541 1456 637 1502 quod
658 1466 692 1490 et
712 1456 873 1503 adoptari

195 1516 309 1553 potest
325 1509 393 1544 hoc
412 1522 513 1543 sensu
533 1523 541 1544 :
564 1510 620 1543 cui
647 1511 749 1544 obvia
768 1511 874 1544 turba

195 1559 255 1594 dat
269 1562 366 1596 cibos
384 1562 542 1596 latrando
555 1590 564 1605 ‚
580 1563 617 1596 id
633 1572 682 1597 est
695 1590 703 1604 ,
718 1564 874 1597 convicia

197 1614 232 1646 in
252 1627 332 1648 eum
348 1616 541 1661 ingerendo
554 1643 562 1658 ‚
583 1625 622 1649 ut
641 1630 719 1650 eum
736 1630 799 1663 per
817 1616 876 1650 de-

197 1667 366 1701 risionem
389 1678 421 1702 et
434 1671 554 1714 jocum
572 1670 741 1703 imitetur.
765 1671 874 1704 Galli-

198 1731 238 1753 ce
253 1747 262 1762 ‚
274 1722 435 1767 parodier.
456 1723 523 1757 ΕΙ).

981 605 1015 638 8.
1043 604 1119 638 Non
1140 611 1187 636 est
1206 603 1266 637 Ιιίε.
1295 601 1423 635 Sensus
1442 609 1493 635 est
1514 614 1521 633 z
1543 602 1607 634 iste

925 658 1086 691 habitum
1122 655 1270 703 quidem
1307 654 1434 701 Cynici
1466 666 1539 699 prae
1572 667 1607 687 se

926 712 1013 753 fert,
1030 710 1229 744 doctrinam
1240 716 1359 743 autem
1374 721 1447 741 non
1462 706 1607 753 profite-

926 773 984 798 tur
997 790 1005 804 ‚
1032 763 1094 797 sed
1112 776 1208 796 mere
1223 763 1260 795 in
1279 774 1401 795 canem
1421 760 1609 806 degenera-

925 817 989 850 vit.
1007 816 1092 851 Vid.
1112 817 1174 850 lib.
1190 817 1228 857 I,
1245 815 1354 861 epigr.
1378 826 1480 848 xcul.
1497 814 1609 858 Hujus

927 879 1029 904 sectae
1047 869 1252 916 philosophi
1272 869 1370 902 fuere
1386 881 1404 901 a
1420 879 1506 901 voce
1524 867 1607 900 κυών

927 927 1014 957 canis
1027 951 1036 964 ‚
1061 925 1182 969 cynici,
1203 922 1259 956 vel
1282 922 1387 956 etiam
1407 934 1472 967 per
1489 921 1608 966 jocum

928 991 1020 1011 canes
1036 1004 1045 1017 ,
1073 985 1151 1010 tum
1178 983 1324 1021 propter
1351 973 1609 1020 impudentiam

928 1043 996 1076 qua
1016 1030 1132 1064 omnia
1150 1029 1334 1075 propalam
1352 1035 1512 1073 agerent,
1534 1038 1611 1072 quae

929 1084 1045 1118 caeteri
1061 1083 1225 1117 homines
1244 1082 1358 1115 solent
1374 1078 1588 1115 abscondere
1601 1104 1612 1120 ,

929 1145 1005 1170 tum
1022 1137 1068 1171 ob
1087 1134 1389 1176 maledicentiam,
1408 1147 1477 1180 qua
1495 1133 1531 1165 in
1550 1145 1615 1166 cae-

929 1198 1021 1225 teros
1032 1203 1152 1224 omnes
1160 1189 1271 1223 veluti
1280 1187 1510 1222 adlatrabant.
1522 1186 1613 1219 Hinc

930 1256 1040 1290 quum
1060 1244 1206 1276 Hecuba
1222 1268 1231 1284 ‚
1253 1240 1384 1274 doloris
1402 1240 1587 1286 impatiens
1604 1265 1613 1281 ,

930 1298 1063 1343 probra
1091 1305 1125 1330 et
1146 1294 1331 1329 maledicta
1354 1294 1391 1327 in
1414 1293 1537 1327 obvios
1561 1294 1614 1338 ja-

931 1359 1036 1390 ceret,
1057 1351 1094 1383 in
1115 1361 1237 1383 canem
1254 1359 1421 1382 conversa
1436 1346 1541 1379 fuisse
1560 1345 1616 1378 di-

932 1404 1026 1437 citur
1038 1416 1056 1437 a
1070 1402 1183 1448 poetis
1198 1414 1206 1435 z
1224 1402 1339 1435 Plaut.
1353 1401 1389 1433 iu
1402 1398 1615 1433 Menaechm.

938 1475 951 1486 «
981 1457 1095 1490 Nimis
1128 1456 1232 1489 stulte
1276 1453 1413 1487 dudum
1446 1452 1525 1486 feci.
1562 1474 1614 1478 -—-

933 1510 1013 1543 ME.
1039 1510 1132 1551 Quia
1153 1508 1248 1541 idem
1271 1507 1419 1540 faciebat
1446 1506 1589 1538 Hecuba
1604 1531 1614 1546 ‚

935 1562 1033 1608 quod
1056 1571 1095 1596 tu
1123 1574 1217 1595 nunc
1245 1561 1340 1594 facis.
1374 1559 1503 1593 Omnia
1526 1558 1616 1591 mala

935 1616 1130 1661 ingerebat,
1159 1626 1373 1661 quemquem
1401 1611 1616 1657 adspexerat.

934 1671 1058 1715 Itaque
1085 1668 1173 1702 adeo
1199 1670 1278 1714 jure
1309 1675 1421 1712 coepta
1449 1664 1618 1711 appellari

935 1731 985 1757 est
1003 1722 1110 1756 canis.
1133 1739 1147 1752 ι»

829 1874 985 1930 LIV.

698 2026 769 2054 AD
819 2002 1128 2054 commune*

277 2158 318 2199 O
345 2156 414 2199 cui
437 2155 643 2215 Tarpeias
669 2153 789 2198 licuit
815 2154 1069 2214 contingere
1095 2167 1307 2212 quercus,

260 2294 274 2308 '¹
294 2299 354 2332 Est
373 2299 538 2344 epicurea
555 2299 752 2332 exhortatio
771 2297 815 2331 ad
831 2298 884 2331 vi·

209 2350 363 2384 vendum
391 2352 564 2396 genioque
596 2350 855 2396 indulgendum
873 2376 884 2393 ,

210 2417 313 2450 quam
345 2407 416 2450 jam
444 2404 597 2437 vidimus
619 2405 681 2438 lib.
712 2406 728 2437 I
739 2429 747 2441 ‚
775 2404 883 2449 epigr.

209 2470 269 2491 ,πῖ
282 2471 290 2498 ;
304 2458 365 2491 lib.
381 2458 432 2499 II,
444 2458 552 2503 epigr.
571 2470 629 2490 ΠΧ
644 2466 678 2491 et
690 2470 731 2490 xc
743 2483 751 2499 ‚
766 2470 888 2502 quam-

210 2524 278 2556 que
294 2511 385 2544 infra
402 2512 595 2556 relegemus
612 2537 620 2552 ‚
637 2511 700 2544 lib.
714 2511 762 2553 V,
774 2510 885 2555 epigr.

211 2576 277 2605 xx3
296 2565 358 2597 lib.
382 2565 472 2604 VII,
497 2564 605 2609 epigr.
628 2576 727 2596 XLvII
743 2572 776 2596 et
796 2576 860 2596 va
877 2575 886 2604 ;

213 2625 247 2649 et
264 2618 323 2650 lib.
348 2618 458 2657 VIII,
477 2617 586 2662 epigr.
603 2630 683 2650 xmv
701 2626 735 2650 et
755 2629 887 2649 Lxxvn.

214 2669 298 2704 Vid.
317 2679 350 2704 et
366 2670 510 2704 Anthol.
526 2671 589 2704 lib.
604 2671 638 2703 H
654 2696 662 2712 ‚
683 2683 756 2715 cap.
777 2682 890 2704 XLvn.

943 2319 994 2324 -—
1018 2296 1150 2330 Eadem
1169 2296 1265 2329 enim
1287 2306 1389 2328 causa
1414 2307 1492 2340 quae
1517 2295 1625 2329 Chri·
1682 2291 1685 2296 ’

944 2351 1074 2384 stianos
1108 2362 1126 2382 a
1159 2348 1292 2382 deliciis
1324 2347 1532 2381 dehortatur
1544 2374 1554 2390 7
1584 2347 1630 2381 acl

945 2404 1143 2448 voluptates
1160 2402 1396 2435 incitabantur
1414 2401 1556 2436 Ethnici
1568 2428 1576 2440 ‚
1592 2400 1632 2434 id

947 2465 997 2489 est
1014 2480 1024 2496 ‚
1055 2456 1133 2489 vitae
1165 2454 1346 2488 brevitatis
1377 2454 1602 2500 reputatione
1620 2466 1628 2487 :

947 2522 1057 2555 quum
1083 2521 1158 2554 spes
1185 2508 1265 2541 vitae
1290 2508 1418 2541 futurae
1448 2507 1629 2553 prioribus

948 2562 1059 2603 adsit,
1079 2561 1334 2607 posterioribus
1355 2560 1500 2594 deesset.
1520 2561 1587 2593 En.

1007 2629 1021 2649 1
1033 2642 1040 2648 .
1057 2615 1089 2649 O
1102 2617 1152 2648 cm·
1170 2616 1324 2660 Tarpeias
1335 2641 1344 2654 ‚
1363 2622 1427 2647 etc.
1442 2614 1472 2646 O
1487 2613 1630 2647 Coline!

951 2669 1012 2714 qui
1025 2669 1061 2703 in
1075 2668 1275 2714 Capitolino
1285 2666 1543 2712 quinquennali
1560 2677 1631 2699 eer-

1324 2730 1415 2783 28³
