2061 3288
450 223 964 270 EPIGRAMMATU
981 223 1028 265 M
1068 222 1193 264 Llss.
1235 220 1320 262 lV.

1492 217 1587 276 407

254 319 323 361 Sic
355 315 642 376 spoliatricem
670 310 946 357 commendat
975 310 1109 354 fastus
1137 309 1348 361 amicam,
1584 323 1599 347 5

321 389 457 430 Janua
482 402 562 429 nec
581 386 787 445 juvenem
815 398 985 443 semper
1011 389 1156 441 aperta
1185 386 1314 421 tenet.

254 459 420 518 Saepius
446 458 488 499 in
515 456 624 500 libro
648 463 917 499 memoratur
943 453 1113 495 Persius
1139 466 1251 500 11110,

322 529 467 585 Quam
491 527 596 571 levis
619 528 661 570 in
685 535 776 569 tota
802 526 975 568 Marsus
999 520 1274 566 Amazonide.

184 655 275 688 mitti
299 656 408 688 solere
423 681 432 695 ,
456 664 488 687 et
513 663 627 687 tamen
658 652 858 686 Domitiano

183 709 379 754 imperante
413 709 531 741 Romae
564 707 657 740 nasci
694 714 838 739 testatur
850 730 860 746 ‚

182 761 242 795 lib.
256 762 307 794 VI
318 789 326 802 ‚
341 761 450 806 epigr.
468 773 574 800 Lxxx3
589 759 734 793 Romani
749 758 857 800 enim,

183 815 342 847 omnium
365 814 569 848 deliciarum
589 821 742 846 amantes
764 827 776 839 «
794 811 858 845 Pa-

183 880 264 900 rum
280 880 314 900 se
329 868 442 900 lautos
460 867 628 912 putabant
644 893 652 907 ‚
674 866 741 898 nisi
757 865 858 898 luxu-

182 921 234 953 ria
255 921 412 954 vertisset
434 933 586 962 annum,
608 920 675 952 nisi
703 919 859 952 hibernae

182 974 316 1019 poculis
344 974 555 1007 innatassent
584 985 670 1006 rosae
691 991 703 1001 »ι
721 999 730 1013 ,
752 980 789 1004 ut
812 971 859 1005 ait

182 1027 326 1060 Pacatus
340 1028 376 1060 in
389 1028 556 1074 Panegyr.
571 1025 773 1059 Theodosii.
791 1025 857 1058 ΕΙ).

183 1100 233 1106 -—-
249 1080 353 1113 Rosoe.
377 1080 432 1114 Sic
452 1080 511 1114 lib.
531 1081 583 1117 X,
613 1080 722 1125 epigr.
742 1091 830 1111 xc111
848 1104 858 1119 o

183 1146 233 1166 vs.
258 1133 275 1166 5
294 1146 302 1167 ε
324 1151 337 1163 «
353 1134 403 1167 Ut
427 1146 506 1168 rosa
524 1132 672 1166 delectat
687 1158 695 1173 ‚
715 1131 860 1165 metitur

184 1198 261 1231 quae
277 1187 403 1231 pollice
421 1187 548 1232 prims).
567 1204 579 1215 »ι

240 1240 272 1272 5.
296 1239 383 1272 Sunt
409 1240 468 1285 qui
495 1240 609 1285 legant
632 1239 796 1277 Faustus;
827 1246 860 1271 at

177 1294 284 1335 justus
302 1293 359 1325 hic
382 1301 431 1326 est
456 1293 513 1325 illa
540 1292 763 1325 meretricum
783 1304 835 1323 ars
851 1317 859 1332 ‚

184 1358 251 1390 qua
265 1344 421 1378 fastidire
430 1346 570 1391 fingunt
584 1353 752 1378 amatores
768 1357 859 1385 snos,

184 1411 254 1444 quo
281 1399 392 1432 acrius
417 1398 620 1431 incendant.
648 1398 716 1430 Alii
740 1399 860 1443 legunt

184 1452 302 1485 Fastus
314 1479 322 1492 ‚
338 1452 436 1485 litera
456 1452 644 1497 majuscula
662 1477 670 1492 ‚
686 1451 731 1483 ita
755 1459 794 1483 ut
817 1451 861 1483 sit

184 1517 314 1538 nomen
334 1506 526 1551 proprium.
546 1505 580 1538 F
580 1512 665 1537 ustus
687 1504 837 1548 Langius
854 1529 862 1546 ,

185 1571 304 1592 errore
340 1559 483 1592 forsitan
510 1558 787 1603 typothetarum.
810 1577 859 1582 ——

185 1610 240 1643 Sic
257 1612 462 1656 spoliatricem
477 1639 486 1652 ‚
508 1619 573 1644 etc.
598 1610 796 1655 Superbum
815 1610 862 1642 fa-

186 1663 329 1697 stidium
343 1665 533 1698 meretricis
547 1676 709 1708 magnum
719 1675 863 1708 poscen-

187 1717 230 1749 tis
263 1717 416 1762 pretium
433 1743 442 1758 ‚
470 1725 503 1750 et
535 1725 723 1750 amatorem
750 1716 862 1749 rarius

187 1769 422 1811 admittentis,
440 1770 519 1803 facit
536 1777 576 1802 ut
589 1770 711 1814 majori
729 1769 765 1801 in
783 1781 862 1813 pre—

187 1824 237 1856 tio
255 1823 298 1856 sit
314 1832 347 1856 et
357 1823 487 1868 gratior
500 1835 604 1868 quam
621 1821 746 1855 Chloes
764 1819 860 1867 (sup.

188 1876 294 1921 cgigr.
320 1874 491 1918 111111),
517 1877 571 1909 vel
596 1875 748 1908 Fabullae
778 1873 860 1913 (su-

186 1942 261 1975 pra,
278 1929 387 1975 epigr.
404 1943 441 1963 1x
451 1928 476 1971 ),
489 1941 632 1962 munera
647 1927 772 1968 dantis,
786 1940 861 1960 non

187 1982 389 2028 accipientis
403 2009 412 2024 ,
441 1995 507 2016 nec
533 1994 685 2027 unquam
707 1981 862 2026 negantis

187 2036 343 2069 facilitas.
360 2035 445 2069 Vid.
466 2035 572 2069 Ovid.
593 2037 709 2067 Amor
734 2035 795 2067 lib.
822 2035 837 2066 l
854 2060 862 2075 ,

187 2089 272 2134 eleg.
290 2090 310 2122 8
325 2115 333 2129 ‚
347 2097 380 2122 et
396 2088 439 2122 de
452 2090 527 2122 Art.
548 2088 608 2121 lib.
622 2089 677 2120 III
691 2101 698 2129 3
717 2097 751 2121 et
768 2086 863 2132 apud

188 2154 252 2175 nos
273 2142 454 2174 Ducerceau
477 2155 484 2174 :
510 2143 593 2175 Pain
611 2141 725 2173 de'robe'
742 2141 861 2173 remilla

188 2194 340 2239 l’appe'tic.
368 2195 436 2228 En.
458 2216 509 2221 —
524 2195 651 2228 Fastas.
671 2195 732 2226 Illa
752 2206 860 2226 mere-

190 2247 314 2280 tricum
330 2259 381 2280 ars
402 2247 519 2280 studio
536 2247 702 2292 peculiari
721 2247 840 2280 habita
852 2272 860 2286 ‚

190 2312 253 2332 nec
275 2300 405 2333 caeteris
437 2301 574 2333 feminis
595 2300 732 2345 ignota,
755 2312 859 2344 quam

189 2353 312 2397 gallico
326 2366 483 2386 sermone
497 2365 660 2386 vocamus
670 2379 677 2393 ‚
695 2353 725 2384 la
740 2362 861 2398 coquet—

192 2408 275 2438 serie.
295 2406 362 2439 ED.

246 2471 277 2502 7.
299 2458 421 2503 Saepias
440 2460 472 2490 in
491 2459 570 2490 libro
589 2466 768 2490 numeratur
783 2457 862 2490 Pul-

191 2512 308 2544 manni
325 2510 434 2544 codex
454 2520 487 2543 et
502 2510 710 2544 Bcverlandi
726 2511 798 2543 MS.
809 2531 860 2535 —

190 2564 311 2609 Saepius
323 2567 354 2596 in
368 2564 448 2596 libro
461 2592 469 2603 ,
488 2573 551 2598 etc.
573 2565 678 2597 Plura
694 2573 773 2596 sunt
787 2576 861 2609 quae

190 2630 208 2650 a
238 2618 384 2650 memori
419 2618 547 2651 lectore
581 2618 794 2650 retineantur
826 2617 861 2648 in

190 2670 287 2704 brevi
304 2671 410 2703 Persii
434 2672 612 2704 satirarum
628 2671 718 2703 libro
730 2695 739 2711 ‚
755 2682 857 2715 quain

917 651 954 683 in
977 651 1083 696 longo
1102 657 1262 695 poemate
1281 646 1408 688 Marsi,
1430 660 1499 693 quo
1520 648 1593 681 bcl-

918 705 993 737 lum
1013 703 1150 749 scripsit
1165 711 1285 737 contra
1302 703 1505 734 Amazonas.
1526 702 1592 734 El).

918 777 968 782 —
990 758 1126 790 Persius.
1146 756 1358 790 Notissimus
1388 763 1491 801 poeta
1515 755 1594 788 sati-

917 811 1029 851 ricus,
1050 819 1083 843 et
1113 824 1131 844 a
1156 811 1333 843 nonnullis
1359 808 1494 853 primus
1519 820 1595 840 om-

918 864 1019 897 nium
1045 864 1264 897 satiricorum
1287 861 1484 909 judicatus,
1513 862 1592 906 qui,

920 917 1061 950 Nerone
1074 917 1271 963 imperante
1283 943 1292 958 ‚
1310 929 1369 950 sex
1385 914 1503 948 satiras
1520 915 1597 947 uni-

917 983 957 1003 co
982 971 1100 1004 libello
1130 968 1420 1015 comprehendit,
1453 966 1496 1000 de
1523 980 1594 1012 quo

918 1023 1159 1064 Quintilianus
1171 1050 1179 1064 ‚
1190 1024 1251 1057 lib.
1267 1024 1299 1056 X
1311 1049 1320 1063 ‚
1333 1035 1408 1067 cap.
1424 1033 1436 1053 1
1453 1032 1487 1054 z«
1503 1021 1595 1053 Mul-

918 1086 1013 1118 tum,
1035 1086 1069 1110 et
1089 1089 1179 1110 verae
1200 1077 1320 1122 gloriae
1343 1073 1505 1121 quamvis
1524 1086 1596 1106 11110

918 1130 1009 1163 libro
1027 1130 1166 1163 Persius
1185 1130 1326 1163 meruit.
1353 1147 1365 1159 n

973 1185 1006 1217 8.
1029 1183 1124 1216 Sicut
1146 1182 1217 1216 duo
1239 1184 1335 1216 fuere
1355 1180 1463 1215 Codri
1478 1205 1486 1219 ,
1507 1192 1595 1212 unus

917 1244 1019 1282 poeta
1038 1237 1174 1269 celeber
1199 1249 1214 1269 a
1239 1235 1389 1281 Virgilio
1413 1232 1570 1266 laudatus
1587 1259 1595 1272 ‚

918 1290 1004 1322 alter
1022 1303 1041 1323 a
1056 1290 1225 1322 Juvenale
1244 1289 1423 1334 explosus3
1443 1286 1491 1320 ita
1506 1298 1596 1331 quo-

918 1356 987 1388 que
1000 1342 1088 1375 duos
1103 1341 1313 1376 crediderim
1324 1341 1431 1374 fuisse
1445 1340 1479 1372 M
1487 1352 1577 1372 arsos
1587 1365 1597 1379 ,

918 1409 1011 1429 unus
1030 1396 1072 1428 ab
1092 1394 1221 1429 Ovidio
1244 1408 1322 1428 cuin
1344 1393 1484 1427 Rabiri«)
1505 1404 1597 1425 com-

918 1457 1059 1494 paratus
1074 1474 1082 1489 ,
1112 1449 1198 1481 alter
1217 1449 1274 1481 hic
1296 1462 1314 1482 a
1340 1445 1501 1480 Martiale
1524 1446 1597 1477 leuis

920 1501 1046 1535 dictus.
1059 1502 1148 1534 Nam
1162 1501 1258 1547 quod
1275 1501 1429 1545 Scaliger
1442 1499 1478 1531 in
1493 1497 1595 1531 codd.

922 1555 1045 1587 Codrus
1056 1555 1178 1600 legerit
1190 1581 1198 1596 ‚
1217 1555 1273 1587 vix
1292 1553 1447 1587 adducor
1470 1552 1597 1584 habere

919 1607 1047 1648 fidem,
1066 1620 1175 1653 quum
1190 1616 1264 1654 opt.
1283 1607 1421 1640 Thuan.
1441 1606 1595 1638 Florent.

920 1662 1074 1706 aliosque
1103 1660 1360 1706 ρει-1101161101,
1387 1659 1447 1704 qni
1479 1658 1596 1690 cuncti

919 1715 1050 1747 habent
1082 1714 1221 1747 Marsas.
1255 1713 1405 1758 Scaliger
1435 1710 1597 1756 intelligit

920 1780 1000 1800 eum
1023 1766 1180 1800 Codrum
1194 1794 1202 1807 ,
1225 1765 1268 1799 de
1290 1778 1360 1811 quo
1382 1766 1418 1797 in
1437 1763 1596 1797 Juvenal.

921 1829 982 1854 sat.
1003 1821 1031 1852 I.
1050 1821 1186 1853 Vereor
1211 1828 1327 1852 tamen
1347 1831 1391 1851 ne
1411 1818 1528 1863 ipsum
1547 1816 1596 1848 fe-

921 1873 1047 1906 fellerit
1067 1871 1263 1918 corrigendi
1281 1873 1390 1904 labor.
1407 1869 1595 1903 Rem-land.

920 1927 1071 1959 —Levis
1090 1928 1122 1958 ιἰι
1142 1933 1218 1959 tota.
1238 1926 1351 1958 Pauca
1368 1932 1512 1968 possunt
1526 1934 1598 1955 esse

921 1979 957 2011 in
996 1979 1116 2012 multis
1150 1978 1387 2011 voluminibus
1403 1990 1411 2017 ;
1447 1985 1480 2009 et
1516 1983 1596 2008 sunt

923 2041 1078 2065 auctores
1097 2044 1251 2077 quorum
1269 2043 1388 2064 versus
1407 2029 1514 2073 magis
1536 2041 1599 2060 nn-

922 2085 1079 2119 merandi
1089 2094 1168 2118 sunt
1176 2097 1277 2130 quam
1288 2081 1519 2129 ponderandi.
1531 2081 1583 2113 En

922 2156 973 2160 -—
992 2139 1130 2172 Marsus.
1153 2139 1232 2171 Non
1251 2137 1408 2170 existimo
1425 2148 1503 2168 cum
1519 2135 1597 2166 Cal-

921 2191 1045 2225 derino
1058 2192 1152 2225 hunc
1166 2204 1237 2224 esse
1250 2191 1405 2223 Marsum
1419 2215 1426 2228 ‚
1442 2188 1595 2220 nobilem

921 2244 1342 2291 epigrammatographum
1362 2269 1370 2282 ‚
1398 2243 1496 2286 cujus
1524 2252 1598 2272 me-

921 2299 1023 2331 minit
1058 2298 1091 2330 in
1129 2298 1229 2343 epist.
1260 2297 1320 2329 lib.
1349 2297 1389 2333 13
1418 2295 1478 2327 lib.
1503 2294 1597 2332 VII,

922 2351 1029 2396 epigr.
1062 2363 1144 2383 xx1x
1157 2377 1165 2390 ‚
1194 2363 1243 2382 vs.
1274 2352 1293 2384 8
1310 2361 1319 2389 ;
1349 2360 1450 2393 quem
1485 2354 1597 2391 aequat

921 2416 1001 2437 cum
1016 2403 1155 2437 Catullo
1169 2429 1177 2443 ‚
1189 2403 1249 2436 lib.
1265 2403 1336 2434 VII
1348 2428 1356 2442 ,
1370 2400 1478 2446 epigr.
1496 2411 1571 2431 xmx
1588 2425 1595 2436 ,

920 2470 971 2490 vs.
987 2469 1005 2500 7
1023 2469 1031 2496 ;
1051 2464 1083 2488 et
1099 2456 1173 2495 cui,
1190 2456 1215 2488 si
1231 2454 1418 2488 Flaccusin
1438 2466 1472 2485 se
1488 2452 1596 2484 fuerit

920 2510 1094 2553 benignus
1110 2534 1118 2549 ‚
1151 2517 1265 2553 sperat
1293 2520 1327 2540 se
1353 2506 1499 2539 similem
1524 2506 1596 2536 fore

920 2563 980 2595 lib.
1002 2563 1089 2594 VIII
1107 2588 1116 2602 ,
1136 2561 1244 2607 epigr.
1267 2573 1325 2594 LVI
1341 2586 1350 2600 ,
1366 2573 1416 2593 vs.
1440 2564 1484 2597 24
1505 2569 1512 2590 ε
1536 2556 1595 2590 sed

921 2615 1026 2648 alium
1045 2613 1231 2660 quemdam
1245 2614 1396 2647 arbitror
1413 2611 1595 2644 heroicum

920 2678 1057 2714 poetam
1077 2694 1086 2710 ‚
1115 2680 1221 2713 quem
1261 2666 1340 2699 idco
1376 2666 1468 2697 levem
1498 2662 1595 2707 quasi

1295 2730 1385 2782 26¹
