2061 3288
477 239 570 284 170

852 225 915 267 M.
939 225 1084 268 VAL.
1123 225 1508 268 MARTIALIS

537 310 710 355 Deinde
727 345 738 366 ‚
764 311 881 372 quod
906 311 999 355 haec
1024 327 1112 355 una
1138 321 1318 373 peraget
1341 311 1544 356 librarius
1570 312 1698 368 hora,
1866 332 1879 356 ε

606 382 700 426 Nec
729 391 902 426 tantum
932 383 1060 443 nugis
1085 383 1243 426 serviet
1267 383 1347 426 iste
1373 383 1491 426 meis.

536 453 683 496 Tertia
712 469 780 496 res
809 453 903 497 haec
932 462 1018 509 est,
1043 452 1185 513 quod,
1215 453 1250 496 si
1273 454 1342 497 cui
1368 452 1479 497 forte
1505 452 1684 515 legeris,

607 523 673 567 Sis
698 522 798 568 licet
829 540 963 584 usque
993 523 1160 579 malus,
1189 540 1280 567 non
1310 523 1484 568 odiosus
1511 525 1605 568 eris.

537 595 597 638 Te
623 595 811 638 conviva
834 593 949 655 leget
971 595 1108 638 mixto
1135 594 1378 655 quincunce
1401 611 1410 638 :
1441 594 1515 638 sed
1543 605 1642 639 ante
1657 630 1670 651 ‚

606 666 793 726 Incipiat
821 666 987 726 positus
1019 681 1150 726 quam
1182 666 1371 725 tepuisse
1399 664 1522 709 calix.
1846 694 1877 710 η

541 736 647 780 Esse
677 735 756 779 tibi
781 745 901 780 tanta
927 745 1080 781 cautus
1110 736 1324 779 brevitate
1354 734 1545 779 videris?

608 808 691 850 Hei
721 806 828 850 mihi
844 842 854 860 7
880 823 1011 867 quam
1037 806 1184 851 multis
1210 807 1271 851 sic
1293 822 1466 867 quoque
1490 805 1646 866 longus
1674 804 1781 851 eris!

464 938 583 972 'Minus
622 938 760 972 insumo
789 948 823 973 et
853 939 964 985 perdo
1002 940 1141 974 chartae.

517 992 550 1025 5.
567 992 609 1024 In
635 993 755 1026 multis
774 996 923 1038 peragit3
939 993 1021 1026 libri
1037 1006 1143 1026 manu

461 1045 589 1078 exarati
615 1045 708 1091 apud
736 1046 968 1080 Musambert.
985 1046 1117 1080 habent
1130 1072 1138 1085 ‚

459 1106 594 1142 peraget
611 1098 757 1132 librarius
772 1112 781 1140 ;
804 1100 852 1133 sic
872 1100 966 1133 enim
988 1107 1021 1132 et
1036 1109 1141 1133 versu

461 1159 629 1196 sequente
641 1161 710 1194 est,
725 1155 846 1187 serviet.
861 1174 912 1179 —-
923 1152 1060 1193 Deinde,
1073 1161 1139 1186 ete.

460 1203 642 1238 Librarius
673 1205 774 1239 citius
808 1206 1017 1240 transcribet
1040 1205 1115 1239 haec
1129 1233 1137 1248 ‚

460 1265 498 1290 ut
519 1257 722 1291 melioribus
742 1267 842 1292 vacet
862 1258 1110 1293 exscribendis.

515 1323 547 1354 7.
560 1311 599 1344 Si
613 1314 672 1345 cui.
685 1312 721 1345 Si
738 1312 815 1358 quis
829 1320 879 1346 est
889 1325 907 1345 a
921 1325 991 1357 quo
1004 1312 1136 1357 legaris.

516 1378 548 1407 9.
565 1364 682 1398 Mimo.
703 1365 841 1399 Etenim
858 1378 948 1411 aqua
964 1364 1074 1398 calida
1090 1366 1138 1397 vi-

1204 947 1319 972 antem
1353 939 1508 985 quinque
1537 940 1680 985 cyathos
1709 942 1878 977 continet.

1202 992 1269 1026 Sed
1277 992 1521 1026 anta—Liber
1531 1005 1628 1026 meus
1641 994 1775 1038 legetur
1787 1004 1880 1029 ante-

1202 1058 1306 1091 quam
1337 1045 1462 1078 vinum
1495 1058 1580 1091 aqua
1610 1045 1720 1081 calida
1744 1048 1880 1082 fervens

1201 1098 1390 1132 reducatur
1411 1097 1453 1131 ad
1475 1107 1643 1144 teporem.

1259 1164 1317 1185 11.
1341 1152 1472 1185 Cautus.
1503 1152 1634 1185 Cautus
1657 1152 1685 1186 is
1716 1161 1766 1186 est
1782 1175 1792 1192 ‚
1818 1154 1879 1199 qui

1198 1205 1435 1250 praemunitus
1464 1203 1507 1237 ad
1533 1204 1682 1250 quodvis
1710 1205 1879 1240 damnum

1198 1258 1359 1292 futurum
1373 1284 1381 1298 ‚
1403 1270 1448 1291 ne
1468 1257 1535 1291 sibi
1553 1257 1673 1301 laedat,
1692 1267 1756 1292 est.

1259 1324 1312 1344 12.
1351 1312 1415 1343 Hei
1441 1324 1533 1357 quam
1560 1312 1664 1344 multis
1689 1312 1726 1344 in
1758 1311 1878 1346 codice

1199 1364 1355 1397 Palatino
1373 1376 1380 1396 τ
1397 1363 1492 1396 unde
1507 1364 1679 1398 Gruterus
1695 1373 1813 1398 censet
1823 1378 1879 1399 re-

458 1427 543 1448 num
567 1416 746 1452 diluebant
764 1419 925 1464 Antiqui.
943 1418 1135 1460 Quincunx
1196 1416 1437 1451 scribendum:
1449 1417 1542 1450 Eheu
1557 1431 1650 1463 quam
1667 1418 1791 1457 multis,
1810 1426 1877 1453 etc.

1117 1550 1194 1604 ΙΙ.

754 1696 821 1723 ΑΙ)
860 1694 1121 1723 CAESAREM
1160 1693 1538 1723 DOMlTIANUM.
1562 1673 1581 1692 Α*

532 1820 691 1863 (311Ε11
718 1819 836 1862 dedit
864 1835 1072 1881 magnum
1091 1855 1102 1875 ‚
1128 1820 1266 1879 majus
1292 1816 1411 1862 dedit
1435 1819 1580 1864 Africa
1607 1836 1767 1864 nomen
1783 1854 1793 1874 ‚

514 1946 529 1959 '²
547 1951 690 1983 Lemma
704 1951 737 1983 in
755 1949 876 1984 codice
887 1952 1061 1985 Thuaneo
1078 1961 1141 1993 est,

463 2004 523 2037 :Ill
535 2003 702 2036 Caesarem.
712 2024 765 2030 —-
774 2004 931 2037 Laudem
944 2005 1137 2038 Domitiani

463 2057 622 2090 bellicam
647 2069 719 2090 non
749 2058 855 2090 semel
890 2059 982 2091 canit
1014 2067 1116 2104 poeta
1129 2083 1138 2099 ‚

464 2122 613 2155 eumque
641 2123 730 2155 saepe
760 2119 860 2143 vocat
880 2111 1137 2145 Germanicum.

463 2163 517 2196 Sic
548 2163 608 2196 lib.
641 2164 687 2205 V,
719 2163 921 2208 epigramm.
953 2177 981 2196 11
994 2191 1003 2205 ‚
1030 2178 1062 2197 v.
1096 2177 1114 2209 7
1130 2176 1138 2197 :

463 2216 597 2257 «Quem
605 2216 835 2250 Germanicus
847 2229 906 2250 ore
917 2230 987 2250 non
999 2217 1139 2250 rubenti

466 2270 593 2302 Coram
633 2269 802 2314 Cecropia
832 2270 922 2315 legat
958 2271 1086 2315 puella.
1120 2287 1133 2299 u

461 2321 595 2354 Eodem
614 2322 724 2364 libro,
744 2324 854 2368 epigr.
879 2335 926 2356 111
942 2346 951 2362 ‚
974 2338 986 2350 τι
1008 2323 1138 2356 Accola

460 2375 530 2418 jam
540 2384 666 2408 nostrae
676 2374 783 2421 degis,
791 2376 1011 2417 Germanice,
1022 2376 1137 2422 ripae»;

463 2426 587 2460 eodem
611 2428 725 2470 libro,
753 2430 862 2474 epigr.
891 2442 949 2462 xm(
965 2456 974 2471 ‚
1004 2443 1035 2462 V.
1061 2442 1104 2474 17
1126 2441 1134 2462 :

467 2498 479 2509 «
501 2481 580 2514 Jam
597 2479 729 2514 dudum
746 2482 850 2515 tacito
870 2481 979 2524 rides,
996 2483 1139 2516 Germa-

461 2534 539 2566 nice
551 2561 559 2572 ,
584 2546 679 2567 naso.
701 2553 713 2563 „
730 2536 807 2568 Lib,
826 2536 877 2567 VI
890 2561 899 2576 ‚
918 2536 1030 2581 epigr.
1048 2549 1086 2576 x,
1103 2548 1133 2569 v.

465 2599 483 2630 7
506 2599 512 2618 :
539 2604 549 2615 υ
569 2587 663 2619 Talis
684 2588 900 2632 supplicibus
921 2589 1042 2622 tribuit
1061 2588 1135 2622 dia-

463 2638 598 2672 demata
612 2640 726 2673 Dacis.
746 2658 757 2669 a
776 2641 851 2673 Lib.
870 2642 959 2682 VII,
979 2642 1088 2687 epigr.
1109 2654 1135 2680 1,

1201 1951 1245 1986 de
1280 1953 1437 1987 Lorica:
1468 1970 1481 1982 u
1509 1953 1603 1985 Dum
1637 1961 1735 1986 vacat
1772 1953 1847 1987 haec
1866 1978 1876 1994 ‚

1203 2006 1338 2047 Caesar,
1366 2005 1496 2052 poterit
1517 2005 1625 2038 lorica
1646 2006 1786 2048 vocari3
1811 2007 1878 2039 Pe-

1199 2067 1295 2092 ctore
1326 2072 1433 2104 quum
1472 2071 1570 2091 sacro
1606 2058 1752 2101 sederit,
1780 2059 1875 2105 AEgis

1201 2111 1278 2145 erit.
1304 2130 1316 2141 u
1341 2113 1385 2145 Et
1404 2111 1570 2157 epigram.
1593 2123 1643 2154 11,
1661 2110 1705 2145 de
1727 2111 1874 2146 eodem:

1201 2179 1213 2191 r«
1230 2166 1245 2196 1
1269 2177 1384 2198 comes
1396 2192 1405 2207 ‚
1424 2173 1457 2197 et
1471 2177 1613 2209 magnos
1626 2165 1730 2198 illaesa
1743 2178 1876 2198 merere

1200 2217 1420 2263 triumphos,
1455 2217 1684 2263 Palmataeque
1724 2217 1849 2252 ducem
1865 2244 1876 2261 ‚

1200 2269 1259 2303 sed
1287 2271 1383 2313 cito,
1414 2269 1522 2304 redde
1555 2279 1652 2316 togae.
1676 2288 1688 2301 2³
1717 2271 1802 2305 Vid.
1843 2279 1877 2304 et

1201 2324 1310 2369 epigr.
1332 2337 1366 2366 v,
1388 2337 1447 2365 vt,
1472 2336 1548 2365 vn,
1567 2332 1601 2357 et
1625 2336 1697 2357 VIII
1721 2323 1876 2369 ejusdem

1197 2377 1301 2418 libri,
1318 2385 1383 2411 etc.
1402 2378 1470 2410 ΕΙ).

1256 2442 1287 2463 1.
1310 2430 1416 2463 Creta.
1441 2430 1557 2462 Insula
1577 2438 1627 2463 est
1647 2429 1761 2474 posita
1784 2441 1802 2461 e
1820 2441 1876 2462 re-

1197 2482 1300 2527 gione
1329 2484 1434 2516 maris
1460 2483 1582 2527 AEgei3
1608 2481 1715 2515 hodie
1742 2481 1874 2516 Caudio.

1198 2536 1478 2582 Cretenses-‚quia
1494 2534 1689 2568 Mithridati
1706 2535 1874 2576 faverant,

1197 2601 1287 2621 anno
1308 2591 1350 2622 al>
1368 2590 1463 2622 Urbe
1483 2587 1621 2621 condita
1645 2591 1716 2631 687
1729 2612 1738 2627 ,
1753 2586 1873 2620 dehel-

1196 2642 1278 2674 lau-it
1298 2643 1457 2675 Metellus
1471 2666 1480 2680 ‚
1505 2641 1721 2685 insulamque
1741 2640 1812 2685 igni
1840 2649 1873 2673 et
