2061 3288
483 237 576 295 154

854 242 916 284 M.
941 241 1081 284 VAL.
1121 242 1514 286 MARTIALIS

685 327 884 388 Suspiras
899 363 910 384 ,
935 328 1089 372 retices
1108 363 1119 384 ,
1144 329 1278 389 gemis
1302 346 1312 372 :
1339 330 1528 390 negavit.

685 398 876 442 Crebros
897 415 1002 459 ergo
1025 398 1148 442 bibas
1172 398 1272 443 licet
1294 400 1493 456 trientes,

685 470 743 512 Et
769 468 928 512 durum
951 468 1125 530 jugules
1151 486 1274 513 mero
1299 470 1525 531 pudorem.

683 539 803 597 Quid
828 541 970 601 parcis
997 540 1100 597 tibi,
1124 539 1270 584 Rufe?
1293 540 1599 585 dormiendum
1625 550 1701 585 est.
1860 569 1890 584 ω

476 687 516 712 ut
544 691 579 712 as
599 678 790 713 duodecim
808 679 844 713 in
863 679 983 713 uncias
1001 691 1010 713 :
1033 688 1153 726 estque

475 731 534 765 hic
577 733 789 778 poculorum
832 732 920 767 ordo
938 745 946 767 :
976 733 1154 767 Sextarius

476 785 635 819 continet
648 786 792 832 cyathos
804 785 989 820 duodecim
1002 801 1009 828 3
1028 788 1155 820 Deunx

476 838 634 872 continet
645 838 808 873 undecim
818 853 826 880 ;
837 838 999 879 dextans,
1013 839 1133 873 decem
1144 853 1153 882 3

479 891 635 925 dodrans
659 919 668 935 ‚
708 905 836 926 novem
859 906 869 935 ;
908 894 968 926 bes
986 917 994 930 ‚
1041 902 1122 926 octo
1145 906 1154 935 ;

475 953 625 991 septunx
637 970 647 985 ‚
663 954 812 992 septem;
827 947 929 980 semis
941 971 950 988 ‚
968 959 1023 980 sex
1035 959 1043 988 ;
1055 946 1156 991 quin-

482 1010 597 1039 cunx,
617 999 797 1044 quinque3
822 999 929 1033 triens
943 1024 951 1037 ,
977 1007 1131 1044 quatuor
1150 1024 1159 1041 ‚

480 1050 656 1096 quadrans
669 1078 677 1093 ,
705 1061 792 1095 tres,
813 1061 967 1095 sextans,
986 1052 1088 1086 duos.
1106 1073 1157 1080 -—-

481 1105 624 1138 Falerni.
642 1105 828 1138 Falernum
841 1106 964 1139 vinum
979 1114 1051 1139 erat
1067 1106 1158 1150 opti-

481 1170 578 1191 mum
588 1184 596 1200 ,
608 1158 644 1191 in
657 1158 859 1204 Campania,
873 1159 1016 1204 regione
1030 1159 1138 1192 Italiae
1148 1184 1156 1199 ‚

478 1219 603 1244 natum
626 1224 634 1245 :
664 1211 734 1246 vid.
765 1225 870 1258 supra
898 1213 935 1245 in
965 1212 1032 1245 hoc
1066 1212 1157 1245 libro

480 1264 589 1310 epigr.
609 1277 687 1307 Xix,
706 1278 738 1298 v.
762 1277 792 1307 1,
815 1265 833 1299 5
857 1273 891 1298 et
914 1268 949 1299 6.

534 1329 568 1362 7.
591 1318 660 1350 Alii
684 1319 827 1364 legunt,
849 1318 996 1363 negabit,
1025 1318 1157 1364 impro-

478 1371 584 1403 bante
600 1371 785 1405 Farnabio.
805 1373 913 1405 Recte
935 1372 1059 1405 Franc.
1079 1372 1158 1404 Mo-

481 1422 560 1457 dIus
588 1426 682 1469 conj.
713 1426 856 1469 negavit,
888 1433 922 1458 et
951 1433 1157 1469 corruptum

478 1488 550 1510 esse
569 1477 705 1518 locum,
725 1486 872 1523 propter
890 1478 1094 1510 affinitatem
1116 1477 1158 1510 li-

483 1537 635 1562 terarum
653 1531 671 1563 l)
692 1539 726 1563 et
737 1544 772 1564 v.
786 1531 847 1563 Est
863 1531 957 1564 enim
973 1531 1031 1563 hic
1044 1531 1159 1563 Poetae

481 1584 703 1628 conjectura,
725 1596 793 1629 qua
823 1583 957 1617 divinat
984 1584 1158 1628 repulsam

484 1636 567 1668 Rufi
579 1649 620 1669 ex
634 1638 706 1681 ejus
717 1637 873 1682 suspiriis
884 1662 893 1678 ‚
911 1636 1094 1669 reticentia
1103 1661 1111 1677 ‚
1127 1644 1161 1669 et

484 1689 627 1733 gemitu.
644 1709 697 1714 —
710 1690 859 1734 Negavit.
876 1690 979 1722 Enim
999 1702 1083 1723 vero
1102 1689 1159 1721 illa

484 1742 621 1784 Naevia,
643 1755 745 1787 quam
761 1768 771 1783 ,
797 1743 825 1776 si
846 1742 1033 1788 gauderet,
1056 1742 1083 1775 si
1104 1741 1160 1775 fle-

484 1803 557 1836 ret,
577 1796 604 1829 si
626 1804 773 1837 taceret,
791 1796 1001 1841 loquebatur
1020 1795 1131 1828 Rufus
1151 1821 1160 1836 ,

484 1861 555 1881 non
571 1861 639 1881 una
653 1857 724 1882 erat
739 1857 851 1882 tamen
866 1874 875 1890 ,
898 1858 937 1882 ut
956 1849 1002 1881 ait
1020 1848 1160 1890 Noster,

485 1914 591 1946 supra
608 1902 717 1947 epigr.
731 1914 830 1943 Lux,
849 1915 882 1935 v.
904 1904 938 1936 8.
959 1902 1026 1934 En.

537 1956 572 1989 8.
600 1955 732 1988 Crebros
754 1955 790 1988 in
812 1954 891 1988 Ald.
914 1955 1012 1988 Junt.
1043 1954 1157 1987 Colin.

481 2007 618 2054 Gryph.
632 2008 775 2041 Junian.
786 2009 893 2053 Lang.
904 2008 1018 2041 Pulm.
1030 2008 1157 2053 Delph.

481 2060 559 2094 Par.
585 2060 681 2106 1754
697 2088 706 2103 ,
726 2062 810 2094 aliis.
830 2063 870 2094 In
889 2061 1010 2094 multis
1028 2061 1158 2094 Crebro.

536 2127 569 2158 9.
591 2115 632 2146 In
652 2114 860 2160 quibusdam
879 2115 1041 2153 dolorem;
1061 2121 1094 2146 et
1110 2114 1160 2147 sic

482 2166 666 2211 legendum
685 2176 783 2213 putat
800 2168 966 2201 Ramires.
978 2166 1021 2199 de
1033 2166 1158 2199 prado.

485 2220 615 2253 Vincas
643 2221 776 2254 scilicet
802 2221 887 2253 vino
913 2219 1127 2253 desiderium
1151 2244 1161 2261 ‚

486 2273 678 2307 molestiam
688 2300 697 2316 ‚
711 2283 744 2308 et
754 2274 929 2308 tristitiam
945 2281 1160 2306 contractam

486 2338 527 2358 ex
544 2327 694 2372 repulsa.
706 2349 757 2355 -—
768 2328 817 2360 Et
823 2327 951 2372 jugules
971 2340 1061 2360 mero.
1075 2326 1160 2372 Sey-

1213 680 1275 726 phi
1295 680 1428 726 quippe
1448 680 1521 714 nati
1541 689 1622 714 sunt
1644 681 1680 714 in
1702 692 1808 713 usum
1832 680 1890 714 lae-

1214 734 1311 767 titiae.
1325 734 1557 768 —Pudot-em.
1572 735 1659 775 Quae
1672 733 1776 767 lectio
1791 733 1891 767 estin

1214 787 1366 832 antiquis
1397 786 1579 820 codicibus
1609 795 1617 817 ἒ
1650 786 1766 833 pudor
1796 786 1891 819 enim

1214 839 1346 873 dicitur
1367 840 1412 873 ob
1436 840 1589 885 aliquam
1612 853 1687 873 rem
1713 838 1892 873 sordidam

1214 893 1339 933 timor,
1360 902 1400 926 ut
1419 893 1466 926 ait
1482 893 1688 939 Sipontinus
1707 891 1801 938 apud
1818 894 1891 925 Ro-

1216 947 1357 979 bertum
1391 946 1607 991 Stephanum
1636 946 1671 978 in
1709 946 1891 979 Thesauro

1215 999 1344 1045 lingua>
1389 999 1503 1032 latinae
1518 1025 1527 1039 ‚
1567 999 1628 1032 ubi
1666 998 1892 1032 adducuntur

1216 1053 1375 1098 exempla
1405 1065 1446 1086 ex
1474 1053 1654 1086 Cicerone.
1686 1052 1762 1085 Hoc
1790 1064 1893 1085 sensu

1215 1114 1310 1151 patet
1323 1105 1492 1138 sententia
1509 1106 1612 1151 hujus
1627 1117 1744 1137 versus
1758 1119 1766 1146 3
1787 1104 1893 1150 quip-

1215 1172 1259 1204 pe
1280 1159 1390 1192 Rufus
1411 1159 1577 1200 timebat,
1595 1171 1639 1191 ne
1655 1159 1893 1204 intemperan-

1217 1220 1270 1245 ter
1302 1211 1457 1245 bibendo
1477 1238 1486 1254 ,
1524 1225 1593 1245 suae
1628 1213 1726 1245 famae
1761 1223 1893 1256 suoque

1217 1265 1363 1310 corpori
1382 1274 1534 1298 noceret.
1558 1265 1625 1298 Vel
1654 1264 1807 1309 intellige
1829 1276 1893 1309 po-

1217 1319 1288 1351 tius
1312 1318 1422 1351 durum
1437 1319 1607 1363 pudorem,
1627 1317 1801 1351 tristitiam
1826 1315 1893 1349 du-

1217 1384 1291 1404 ram
1308 1384 1349 1404 ex
1365 1370 1501 1416 pudore
1515 1379 1726 1404 contractam
1741 1396 1749 1412 ‚
1772 1368 1807 1402 id
1821 1377 1889 1409 est,

1218 1436 1259 1457 cx
1291 1437 1328 1457 ea
1350 1433 1454 1457 nocte
1479 1437 1583 1469 quam
1610 1424 1744 1469 cogeris
1767 1422 1894 1455 ducere

1218 1485 1345 1510 castam
1358 1490 1583 1523 vacuamque.
1601 1478 1669 1510 En.
1686 1498 1737 1502 —
1751 1476 1820 1508 Alii
1840 1476 1895 1508 do-

1218 1531 1333 1571 lorem,
1364 1539 1397 1564 et
1426 1531 1627 1575 intelligunt
1655 1528 1893 1570 desiderium,

1218 1583 1413 1616 molestiam
1441 1596 1482 1615 ex
1510 1584 1648 1629 repulsa
1666 1589 1893 1615 contractam.

1277 1649 1334 1670 10.
1371 1637 1597 1669 Dormiendum
1627 1644 1682 1668 est.
1715 1635 1796 1668 Tibi
1830 1634 1894 1667 soli

1219 1688 1423 1723 cubandum
1461 1690 1498 1722 in
1529 1702 1639 1722 vacuo
1671 1696 1760 1722 toro.
1791 1687 1895 1721 Sume

1218 1742 1335 1787 itaque
1365 1743 1477 1775 somni
1507 1742 1700 1787 poculum,
1728 1740 1894 1787 quoniam

1220 1796 1329 1829 amica
1360 1808 1432 1828 non
1464 1804 1610 1828 ventura
1639 1795 1695 1828 sit.
1724 1794 1895 1827 Poculum

1220 1849 1313 1881 enim
1334 1845 1506 1881 Mercurii
1524 1848 1667 1881 nomine
1684 1855 1894 1892 conceptum

1220 1902 1421 1934 sumebatur
1439 1902 1474 1934 in
1491 1901 1659 1934 conviviis
1678 1900 1837 1933 ultimum
1851 1897 1895 1931 acl

1217 1953 1473 1988 conciliandum
1491 1966 1652 1987 somnum
1666 1980 1674 1995 ‚
1694 1965 1806 1999 quum
1829 1951 1894 1985 tria

1219 2016 1331 2040 essent
1353 2007 1446 2053 apud
1467 2008 1606 2040 Graecos
1626 2019 1720 2040 sacra
1743 2005 1866 2051 pocula
1886 2019 1894 2045 3

1225 2054 1259 2093 1⁰
1281 2061 1378 2093 Jovis
1403 2059 1611 2101 Servatoris3
1638 2053 1674 2092 2⁰
1696 2059 1787 2092 Boni
1817 2059 1895 2090 Dae-

1219 2114 1331 2146 monis
1349 2126 1358 2155 ;
1399 2107 1435 2147 3⁰
1469 2113 1640 2146 Mercurii
1684 2112 1745 2158 qui
1782 2111 1895 2144 somni

1220 2179 1358 2212 praeses.
1397 2166 1453 2199 Sic
1490 2166 1598 2211 epigr.
1634 2178 1730 2199 Lxxn
1762 2176 1891 2209 supra:

1226 2237 1239 2249 «
1249 2219 1374 2252 Omnis
1386 2219 1428 2252 ab
1442 2220 1560 2252 infuso
1571 2227 1777 2252 numeretur
1786 2216 1896 2250 amica

1221 2273 1394 2315 Falerno,
1419 2273 1463 2306 Et
1495 2273 1576 2318 quia
1598 2272 1692 2306 nulla
1716 2271 1834 2312 venit,
1855 2277 1896 2303 tu.

1221 2325 1308 2359 mihi
1319 2352 1328 2368 ,
1348 2338 1468 2359 somne
1480 2352 1490 2368 ‚
1506 2325 1599 2358 veni,
1613 2343 1626 2355 «
