2061 3288
399 257 488 286 v111
856 241 946 284 AD
983 241 1351 285 LECTORES

396 346 506 390 que,
543 337 593 371 ut
626 328 778 371 missos
819 342 892 370 eos
930 327 1109 384 faciam,
1141 328 1213 388 qui
1242 328 1461 371 theatrum
1500 327 1803 388 ingrediuntur

397 409 583 453 tantum,
599 408 648 442 ut
668 406 843 453 exeant,
861 414 935 441 seu
957 397 1140 441 aliorum
1162 398 1435 458 praejudicio,
1457 414 1533 442 seu
1554 398 1712 442 fiducia
1738 401 1803 443 sui

395 469 578 513 audiunt
611 468 752 513 solum
783 468 900 529 quod
932 477 1135 529 carpant,
1162 485 1302 529 neque
1335 478 1424 512 tam
1459 478 1642 512 utuntur
1671 468 1804 513 literis

397 557 527 601 quam
550 539 810 592 abutuntur,
831 539 876 582 in
898 538 1020 582 verbi
1043 539 1169 583 unius
1190 548 1265 582 aut
1287 538 1462 582 alterius
1484 539 1699 583 calumnia
1720 555 1806 583 ma-

396 609 487 654 lum
517 619 715 666 struunt,
744 626 831 670 quo
856 611 1010 653 Poetas
1036 610 1081 653 in
1106 609 1312 652 invidiam
1339 618 1498 653 vocent
1521 626 1530 653 :
1561 619 1653 653 tum
1678 609 1804 653 deni-

394 698 478 742 que
517 698 561 725 se
589 680 792 724 Platonas
828 689 872 723 et
900 680 1178 725 Aristarchos
1206 680 1318 736 rati,
1348 681 1382 723 si
1417 679 1564 724 alienae
1596 679 1806 724 insultent

394 751 537 808 laudi,
566 760 700 812 utque
727 744 875 800 δίποδες
901 750 1080 794 aviculae
1105 767 1248 794 ramos
1279 750 1485 794 arborum
1498 749 1525 803 ,¹
1554 751 1614 794 sic
1641 749 1700 793 illi
1724 750 1805 794 hu·

394 839 537 867 meros
565 822 780 865 bonorum
808 820 1036 877 affectent,
1067 821 1182 864 unde
1212 821 1440 865 emineant.
1468 820 1579 877 Alii,
1606 820 1806 865 homines

393 894 549 955 ignava
580 909 715 954 opera
750 901 880 952 atque
921 890 1063 935 servili
1100 892 1334 947 sententia,
1370 884 1605 950 δοξόσοφοι,
1637 891 1804 952 pedarii

392 963 560 1024 judices
583 972 625 1006 et
646 979 699 1006 ex
719 961 904 1006 aliorum
926 978 1001 1006 ore
1024 961 1223 1023 penduli,
1244 961 1418 1005 illorum
1441 960 1643 1005 velificati
1664 971 1807 1005 aucto·

394 1035 534 1089 ritati,
551 1033 825 1093 subjudicant
847 1033 992 1093 potius
1015 1048 1144 1092 quarn
1161 1032 1457 1092 praejudicant.
1485 1031 1569 1075 Alii
1593 1032 1730 1075 barba
1752 1041 1807 1075 te-

397 1121 480 1148 nus
495 1104 638 1159 docti,
652 1105 777 1164 piceo
798 1119 950 1162 graves
966 1102 1112 1163 pallio,
1130 1103 1205 1145 ubi
1222 1119 1245 1145 a
1265 1104 1411 1145 rastris
1428 1102 1482 1146 ad
1496 1104 1656 1145 Rostra
1675 1111 1809 1146 trans-

398 1174 644 1229 cenderint,
667 1174 844 1233 jamque
887 1182 1055 1216 ostrum
1092 1174 1306 1216 somniare
1341 1173 1455 1223 ausi,
1486 1188 1674 1216 vacuum
1710 1171 1808 1233 plus

398 1246 532 1288 nimio
573 1245 781 1287 verticem
822 1244 934 1287 inter
968 1253 1085 1286 astra
1121 1243 1416 1298 condiderint,
1444 1244 1666 1286 Mercurio
1707 1259 1807 1286 cum

398 1314 642 1376 Philologia
673 1330 773 1369 sua,
802 1329 932 1373 quam
966 1314 1066 1374 quia
1099 1330 1153 1357 ne
1183 1313 1446 1374 primoribus
1475 1313 1649 1373 quidem
1684 1312 1808 1356 labiis

398 1385 646 1447 praelibasse
684 1385 732 1428 iis
767 1385 976 1444 contigit,
1009 1384 1126 1428 hona
1161 1400 1248 1427 non
1285 1384 1435 1427 dicunt
1477 1384 1638 1437 verba,
1674 1384 1809 1427 immo

399 1457 603 1500 nuntium
634 1456 886 1510 remittunt,
912 1453 1157 1514 Apollinem
1189 1463 1231 1498 et
1256 1456 1432 1509 Musas,
1458 1470 1566 1514 quas
1599 1454 1699 1514 quia
1729 1453 1810 1497 illis·

396 1544 452 1571 ne
474 1543 498 1570 a
522 1526 667 1570 limine
690 1525 865 1586 quidem
892 1523 1098 1568 salutasse
1124 1524 1275 1568 datum
1301 1534 1386 1580 est,
1411 1523 1696 1568 eliminandos
1722 1523 1808 1568 cla-

400 1599 580 1650 mitant,
603 1606 645 1640 et
672 1596 848 1639 inscitiae
875 1611 961 1638 suae
986 1605 1270 1656 praetexentes
1296 1595 1651 1651 sanctimoniam,
1675 1611 1809 1655 quum

401 1677 516 1712 artes
553 1683 705 1711 omnes
740 1666 1044 1720 humaniores,
1072 1675 1166 1708 tum
1196 1666 1411 1725 poeticam
1442 1665 1733 1709 damnandam
1763 1666 1806 1708 in

401 1748 569 1792 totum,
595 1747 660 1793 et,
683 1746 733 1780 ut
758 1753 859 1781 cum
884 1736 1060 1779 Sidonio
1087 1735 1274 1796 loquar,²
1298 1752 1358 1780 ex
1382 1752 1486 1780 asse
1509 1736 1808 1797 pronuntiant.

401 1808 485 1852 Alii
509 1809 696 1869 denique
724 1802 797 1864 (ut
824 1807 868 1849 in
893 1823 1069 1850 arenam
1099 1822 1241 1849 meam
1267 1805 1552 1863 descendam,
1579 1816 1622 1849 et
1646 1806 1700 1849 ad
1727 1807 1808 1849 mei

403 1879 567 1923 ordinis
589 1877 816 1932 homulos‚
838 1876 955 1921 salva
983 1893 1154 1937 semper
1183 1877 1320 1921 doctis
1345 1886 1386 1920 et
1412 1877 1523 1920 bene
1548 1877 1712 1920 meritis
1738 1893 1809 1919 re-

402 1951 622 2005 ve1entia,
655 1965 762 2009 quos
795 1964 924 1992 nemo
957 1947 1206 1991 mortalium
1240 1949 1377 2008 magis
1411 1946 1513 1992 colit
1544 1963 1675 2007 quam
1707 1964 1810 2007 ego,

404 2022 541 2082 magis
574 2014 831 2075 veneratur)
867 2035 955 2062 non
997 2018 1260 2062 submittunt
1301 2035 1346 2062 se
1382 2018 1573 2061 Petronii
1604 2017 1810 2073 arbitlio,

406 2093 540 2153 qui²3
516 2090 800 2135 ‹renerosioris
832 2091 975 2133 Poetae
1001 2106 1089 2149 spn
1092 2098 1200 2132 itum
1234 2089 1461 2132 sanitatem
1487 2104 1633 2131 amare
1658 2097 1810 2147 negat,

405 2179 544 2239 neque
574 2163 688 2205 enim
719 2160 948 2220 concipere
979 2168 1052 2203 aut
1079 2159 1206 2202 edere
1236 2168 1409 2219 partum
1441 2168 1631 2242 mentem
1660 2174 1811 2218 posse,

408 2233 487 2276 nisi
519 2233 681 2293 ingenti
710 2231 886 2274 flumine
914 2229 1133 2273 liteiarum
1165 2229 1424 2272 inundante
1415 2219 1610 2289 ,neque3
1639 2230 1811 2272 Senecae

409 2299 779 2364 (pronuntiantis,
800 2318 889 2345 non
917 2317 1042 2361 posse
1067 2317 1165 2343 eum
1182 2298 1393 2359 aliquidb
1371 2299 1574 2343 <ualidius
1596 2316 1671 2343 ore
1696 2315 1810 2341 m01—

407 2373 482 2417 tali
508 2389 688 2426 canere,
714 2373 795 2416 nisi
821 2372 894 2432 qui
922 2369 1098 2431 vulgata
1127 2379 1170 2413 et
1197 2369 1320 2413 solita
1347 2370 1630 2430 contempsit,
1656 2369 1811 2412 instin-

409 2454 567 2504 ctuque
596 2459 718 2486 sacro
749 2443 936 2485 surrexit
960 2436 1109 2498 altior)
1135 2441 1393 2484 auctoritate
1422 2439 1578 2483 adduci
1603 2448 1812 2499 possunt,

467 2584 477 2604 1
492 2597 498 2603 .
513 2565 641 2607 Ᾰποτῗες
658 2569 805 2609 (ινίειιὶιε,
822 2567 1075 2601 etc.Vid.Pli11.
1194 2582 1224 2599 2.
1241 2567 1390 2605 Sidonio,
1411 2574 1475 2599 etc.
1492 2566 1570 2599 Lib.
1589 2567 1661 2607 III,
1675 2579 1729 2611 ep.
1753 2578 1764 2597 1
1776 2569 1807 2604 4.

410 2626 489 2657 Ber.
506 2624 582 2656 Nat.
607 2622 694 2656 Hist.
717 2622 776 2655 lib.
799 2622 847 2662 X,
868 2634 940 2666 cap.
962 2622 1006 2663 39
1020 2647 1027 2661 ,
1045 2629 1078 2653 et
1192 2620 1224 2652 3.
1238 2619 1380 2658 ἅρπη-ιι),
1396 2627 1462 2651 etc.
1482 2621 1532 2651 De
1543 2618 1809 2663 Tranquillitate

408 2677 467 2710 lib.
486 2677 552 2717 XI,
568 2688 639 2720 cap.
657 2680 714 2719 217.
1138 2672 1264 2711 animi,
1281 2685 1356 2716 cap,
1386 2683 1397 2703 1
1411 2672 1442 2703 5.
