2061 3288
459 178 566 279 *178

849 217 910 259 M.
935 216 1075 258 VAL.
1115 215 1508 259 MARTIALIS

1122 368 1234 423 IX.

1030 515 1093 542 DE
1134 513 1322 543 NAEVIA.

542 639 750 693 Scmpsa,
776 636 998 696 rescripsit
1020 634 1080 678 nil
1104 636 1279 691 Naevia,
1302 651 1390 678 non
1419 633 1542 678 dabit
1571 651 1688 695 ergo.

612 708 695 753 Sed
724 717 854 769 puto,
887 706 1005 768 quod
1032 707 1208 767 scripsi,
1234 704 1399 767 legerat
1421 722 1430 749 ε
1455 721 1559 766 ergo
1587 704 1717 748 dabit.

528 858 560 878 1.
593 844 837 877 Pulmannus:
868 842 916 875 nil
941 842 1031 875 dabit
1059 854 1146 886 ergo.

472 897 553 932 Ald.
569 898 658 930 Junt
674 905 707 930 et
725 896 839 929 Colin.
861 909 923 928 nou
938 896 1029 928 dabit
1041 908 1117 939 ergo
1129 899 1148 926 Ρ

471 964 550 985 cum
574 949 855 995 interrogationis
880 957 976 982 nota.
1000 970 1053 974 —
1074 948 1150 982 Non

471 1005 571 1038 dabit.
593 1003 658 1037 Sui
675 1003 822 1048 copiam.

527 1070 560 1090 2.
582 1057 647 1091 Sed
656 1065 736 1102 puto
750 1083 757 1095 ‚
782 1055 867 1101 quod
887 1057 1018 1100 scripsi,
1040 1055 1152 1099 legerit

472 1112 507 1144 in
524 1109 666 1149 iisdem,
683 1110 856 1155 probante
875 1107 1040 1142 Heraldo.
1060 1106 1151 1140 Vide

473 1163 579 1197 Ovid.
603 1164 678 1196 Art.
702 1164 780 1196 Am.
797 1162 857 1196 lib.
880 1163 907 1195 I.
930 1182 982 1188 —
1002 1162 1149 1206 Legerat.

472 1217 648 1263 Epistolas
671 1216 765 1249 enim
792 1217 834 1249 ab
861 1223 1013 1248 amatore
1033 1214 1152 1248 missas

1208 853 1317 887 quum
1338 840 1423 885 legit
1442 840 1581 885 puella,
1610 851 1646 872 se
1666 851 1738 872 non
1766 839 1886 873 inexo-

1207 893 1355 927 rabilem
1370 894 1444 926 fore
1455 892 1596 926 indicat.
1606 892 1710 926 Ovid.
1723 893 1796 926 Art.
1808 894 1885 925 Am.

1208 948 1270 981 lib.
1284 947 1300 979 I
1316 959 1323 980 ε
1339 965 1352 977 «
1371 947 1509 992 Legerit
1524 955 1558 980 et
1570 946 1660 979 nolit
1676 946 1865 979 rescribere
1879 958 1887 979 ε

1209 1012 1334 1046 cogere
1360 1000 1431 1033 noli
1455 1012 1463 1033 :
1488 1001 1543 1033 Tu
1568 998 1676 1032 modo
1701 998 1889 1032 blanditias

1210 1055 1263 1088 fac
1293 1053 1385 1099 legat
1410 1058 1538 1099 usque'
1554 1061 1640 1086 tuas.
1671 1053 1757 1094 Quae
1778 1052 1889 1086 voluit

1210 1107 1352 1152 legisse,
1371 1107 1465 1140 volet
1483 1107 1674 1140 rescribere
1694 1105 1802 1139 lectis.
1824 1106 1889 1138 Per

1211 1173 1376 1194 numeros
1410 1160 1553 1193 venient
1590 1160 1653 1193 ista
1691 1158 1890 1205 gradusque

1212 1227 1302 1247 suos.
1324 1231 1335 1243 ι,

1136 1352 1213 1406 X.

955 1509 1006 1536 IN
1050 1507 1407 1535 POSTHUMUM.

549 1634 690 1674 BASIA
721 1627 901 1671 dimidio
932 1625 1050 1687 quod
1078 1625 1154 1669 clas
1179 1625 1311 1678 mihi,
1337 1626 1600 1682 Posthume,
1624 1625 1768 1681 labro,

621 1699 774 1744 Laudo
800 1715 808 1741 :
841 1697 940 1741 licet
969 1696 1117 1740 demas
1147 1696 1250 1740 hinc
1279 1713 1452 1756 quoque
1481 1696 1725 1741 dimidium.

552 1772 631 1817 Vis
659 1771 762 1814 dare
791 1769 930 1828 majus
958 1767 1126 1821 adhuc,
1149 1776 1192 1810 et
1212 1767 1504 1812 inenarrabile
1534 1767 1720 1812 munus?

621 1844 718 1885 Hoc
750 1840 826 1884 tibi
858 1839 970 1882 habe
1000 1847 1164 1893 totum,
1188 1838 1448 1893 posthume,
1472 1838 1711 1882 dimidium.

541 1988 554 2008 1
563 2002 570 2009 .
579 1974 722 2007 Junian.
734 1973 895 2005 Pulman.
907 1972 1017 2015 Lang·
1031 1970 1157 2014 Delph.

485 2042 554 2075 quoe
587 2028 655 2060 das.
688 2025 767 2059 Ald.
798 2026 896 2058 Junt.
930 2023 1044 2057 Colin.
1069 2023 1160 2063 aliae,

485 2094 569 2115 cum
586 2077 795 2114 Beverlandi
813 2077 886 2111 MS.
907 2076 994 2123 quqd
1011 2076 1081 2109 das.

537 2147 570 2168 2.
594 2132 778 2167 Dimidium.
800 2131 857 2164 Sic
876 2138 1036 2175 quartam
1052 2128 1161 2161 osculi

484 2196 620 2232 partem
651 2185 789 2219 habebo
819 2192 954 2217 tantum
973 2208 983 2223 ‚
1010 2194 1078 2226 qua
1100 2194 1160 2214 ero

485 2247 689 2280 contentus,
707 2239 814 2271 immo
830 2238 951 2270 beatus
971 2235 1082 2268 nulla„

540 2293 573 2326 3.
599 2294 659 2325 Vis
687 2291 773 2324 dare.
812 2291 903 2335 Lege
935 2301 1072 2322 versum
1109 2299 1160 2319 se-

487 2353 652 2391 quentem
671 2370 680 2387 ,
709 2353 742 2378 et
777 2342 910 2376 videbis
945 2342 1012 2374 hoc
1052 2342 1162 2385 majus

487 2397 583 2443 quod
610 2399 739 2431 daturus
766 2397 810 2430 sit
830 2395 1063 2435 Posfflumus,
1091 2405 1162 2426 esse

486 2464 547 2483 non
555 2451 630 2483 dare
643 2450 759 2484 oscula
770 2475 779 2491 ,
790 2448 848 2483 sed
865 2449 931 2481 sibi
942 2448 1080 2481 habere.
1093 2447 1162 2480 ΕΙ).

539 2508 573 2543 4.
590 2504 776 2536 Dimidium.
789 2500 984 2535 Dimidium
1001 2499 1141 2534 dimidii
1154 2525 1162 2540 ,

1221 1970 1332 2003 osculi
1348 1979 1507 2015 quartam
1524 1980 1672 2017 partem.
1696 1972 1768 2006 Cur
1784 1973 1898 2006 misel-

1220 2024 1289 2055 lam
1304 2023 1395 2056 hanc
1416 2024 1526 2057 osculi
1541 2025 1747 2070 particulam
1762 2034 1897 2060 recuset

1221 2084 1351 2116 noster,
1365 2076 1439 2121 ipse
1452 2076 1557 2111 docet
1572 2078 1662 2110 infra
1675 2104 1683 2121 ,
1696 2080 1805 2124 epigr.
1820 2091 1873 2113 ΧΠ
1887 2092 1895 2112 2

1226 2146 1238 2157 n
1263 2129 1338 2161 Hoc
1365 2130 1453 2162 mihi
1481 2139 1683 2176 suspectum
1706 2141 1757 2165 est
1771 2157 1781 2174 ,
1800 2132 1903 2178 quod,

1219 2182 1291 2215 oles
1335 2182 1423 2216 hene
1438 2208 1448 2223 ‚
1485 2184 1700 2227 posthume,
1734 2198 1895 2232 semper:

1221 2235 1429 2276 Posthume,
1441 2249 1514 2269 non
1527 2238 1616 2270 bene
1632 2238 1718 2278 olet,
1733 2238 1793 2283 qui
1806 2239 1897 2272 bene

1221 2301 1357 2333 semper
1372 2289 1443 2322 olet
1457 2302 1465 2322 :
1484 2299 1518 2323 et
1534 2289 1636 2329 inde,
1655 2308 1667 2319 u
1686 2291 1794 2336 epigr.
1809 2300 1894 2324 xx12

1226 2359 1240 2371 α
1256 2341 1354 2374 Basia
1369 2341 1429 2375 das
1445 2343 1540 2384 aliis;
1555 2343 1628 2376 aliis
1647 2342 1707 2376 das
1719 2370 1728 2385 ,
1745 2344 1896 2377 Posthu-

1222 2407 1276 2427 me
1292 2420 1300 2433 ,
1326 2393 1485 2428 dextram
1506 2408 1514 2429 :
1537 2396 1631 2429 Dicis
1651 2410 1657 2428 ι
1677 2397 1807 2429 Utrum
1824 2410 1897 2429 ma-

1222 2447 1299 2480 vis?
1323 2448 1411 2493 elige
1437 2461 1445 2480 ε
1471 2449 1561 2482 malo
1594 2461 1746 2482 manum.
1771 2467 1784 2478 u
1806 2448 1897 2482 Vide

1223 2513 1362 2546 quoque
1382 2501 1490 2547 epigr.
1506 2514 1559 2534 ΧΠ
1579 2510 1612 2535 et
1633 2514 1692 2534 xm
1710 2501 1811 2535 infra.
1828 2503 1895 2535 En.
