2061 3288
366 209 820 254 TESTIMONIA
861 209 949 252 DE
988 207 1372 251 MARTIALE.
1484 220 1581 249 Lvii

197 370 340 414 Julius
376 370 534 414 [θεων
563 369 782 429 Scaliger,
810 369 1016 411 Poene—es
1033 401 1044 421 ,
1073 364 1144 410 lib.
1177 368 1257 409 III
1268 400 1280 420 ‚
1314 379 1413 425 cap.
1444 379 1458 407 1
1474 364 1553 408 26.

235 509 576 571 Epigrammatis
602 509 782 551 virtutes
811 505 1076 568 peculiares,
1107 505 1298 549 brevitas
1330 514 1373 548 et
1401 505 1592 565 argutia3

168 582 282 625 lianc
305 579 504 625 Catullus
526 596 614 624 non
644 596 817 640 semper
838 587 904 622 est
925 586 1196 638 assequutus.
1220 574 1436 620 Martialis
1464 585 1594 637 poeta

169 653 470 713 argutissimus
496 667 712 711 nusquam
741 650 899 695 omisit.

700 802 826 847 Idem
837 838 850 857 ,
876 802 947 846 lib.
980 804 1061 846 VI.

243 953 310 997 Ne
332 950 579 995 Martialem
597 951 772 1011 quidem
796 950 1033 995 transferre
1048 949 1153 993 libet
1168 948 1223 992 ad
1240 946 1435 992 meliora.
1459 946 1602 990 Multa

176 1033 277 1068 sunt
297 1023 388 1082 ejus
410 1023 726 1083 epigrammata
746 1022 920 1075 divina3
942 1023 986 1065 in
1006 1020 1164 1082 quibus
1182 1030 1225 1064 et
1244 1019 1459 1063 sermonis
1477 1019 1603 1062 casti-

177 1105 241 1138 tas
257 1127 268 1145 ,
296 1103 339 1136 et
364 1095 610 1154 argumenti
637 1094 803 1154 species
831 1092 1051 1136 luculenta
1076 1101 1153 1136 est.
1177 1093 1343 1135 Versus
1372 1106 1477 1133 vero
1501 1105 1603 1133 ean—

178 1164 265 1208 didi
284 1199 295 1217 ‚
318 1166 563 1219 numerosi,
584 1163 726 1225 pleni,
756 1164 942 1225 denique
963 1163 1129 1224 optimi.
1156 1161 1251 1205 Alia
1272 1161 1389 1205 foeda
1414 1178 1469 1205 ne
1490 1160 1603 1221 lege-

179 1236 260 1279 rim
284 1234 459 1295 quidem
474 1270 484 1289 ,
509 1244 678 1278 tantum
702 1235 824 1279 abest
845 1245 894 1278 ut
916 1234 972 1278 ad
993 1249 1223 1278 censuram
1248 1249 1417 1277 vocem.

287 1388 524 1433 Adrianus
560 1390 603 1433 T
599 1388 814 1453 lamehe-5,
838 1388 1029 1433 Advers.
1049 1387 1122 1432 lib.
1150 1390 1295 1442 VIII,
1326 1402 1428 1448 cap.
1455 1388 1499 1440 [l-

255 1535 374 1593 Quid
395 1545 513 1579 vetat
536 1536 749 1596 attingere
772 1535 1037 1579 festivissimi
1064 1544 1204 1596 poetae
1226 1533 1442 1578 Martialis
1465 1532 1584 1576 lusus
1600 1568 1611 1587 ‚

186 1616 314 1667 atque
334 1607 378 1650 in
397 1607 464 1651 his
488 1623 667 1668 operam
694 1605 876 1650 ludere?
896 1607 997 1651 Non
1023 1622 1196 1667 semper
1218 1604 1451 1667 supercilia
1474 1603 1610 1649 addu-

189 1677 326 1722 cenda
347 1687 458 1721 sunt.

561 1784 712 1837 Idem,
741 1783 812 1827 lib.
846 1785 999 1839 XIII,
1033 1799 1134 1844 cap.
1176 1799 1248 1844 ¹9·

261 1926 411 1982 Quum
432 1941 457 1967 a
477 1923 743 1985 lepidissimo
765 1934 894 1986 poeta
910 1960 920 1980 ‚
940 1940 1021 1968 nec
1044 1925 1159 1968 enim
1177 1924 1260 1968 illis
1282 1925 1496 1968 assentior
1509 1959 1520 1979 ‚
1539 1924 1613 1984 qui

194 2011 386 2040 scurram
400 1996 596 2056 ineptum
612 2013 711 2040 eum
727 1995 951 2057 appellant
963 2031 974 2051 ‚
988 2012 1131 2056 neque
1146 1996 1248 2039 satis
1266 1994 1464 2056 elegante
1484 1995 1613 2038 Musa

197 2065 328 2110 libros
348 2067 714 2127 epigrammatum
742 2067 961 2127 scripsisse
986 2076 1245 2120 autumant,
1268 2065 1340 2109 lib.
1364 2067 1431 2109 ΙΙΙ
1447 2102 1458 2122 ,
1480 2066 1613 2126 epigr.

198 2151 331 2190 xciii,
352 2138 524 2180 canitur
548 2155 556 2179 ς

434 2256 618 2294 Admittat
637 2258 734 2295 inter
751 2258 966 2296 bustuarias
983 2258 1147 2295 moechas
1159 2288 1168 2304 ,
1189 2267 1260 2294 etc.

451 2400 604 2441 sztm
627 2401 824 2460 Lipsius,
849 2399 905 2442 (le
927 2400 1128 2460 Amplzit.
1158 2414 1258 2460 cap.
1291 2415 1304 2442 1
1321 2398 1362 2444 5.

271 2545 611 2605 Designatorum
646 2545 782 2589 facete
813 2563 924 2606 saepe
961 2548 1154 2590 meminit
1185 2556 1338 2590 acutus
1365 2556 1405 2589 et
1434 2545 1626 2606 capitalis

202 2614 271 2659 ille
302 2617 522 2676 Hispanus
