2061 3288
458 219 1040 263 EPIGRAMMATUM
1079 220 1202 263 LIB.
1244 223 1306 264 II.

1494 240 1581 286 ¹77

319 308 438 350 Dum
470 316 675 368 properat
704 323 854 350 versus
884 322 1170 351 annumerare
1202 308 1292 352 tibi.

246 377 380 435 Quod
406 378 439 422 si
470 394 559 421 non
588 376 735 433 illum,
762 377 835 421 sed
861 394 930 421 me
959 394 1159 439 peccasse
1190 380 1386 440 putabis,

315 449 439 492 Tunc
463 465 544 509 ego
570 458 611 492 te
637 447 811 492 credam
835 448 978 493 cordis
1003 448 1164 493 habere
1186 449 1304 495 nihil.

243 521 333 564 Ista
356 529 502 563 tamen
529 518 642 563 mala
669 529 780 563 sunt.
809 520 946 577 Quasi
970 536 1049 564 nos
1078 520 1305 566 manifesta
1328 523 1558 584 negemus!

319 593 423 634 Haec
449 589 562 634 mala
587 600 708 645 sunt3
733 590 806 635 sed
831 600 876 635 tu
901 607 989 635 non
1014 590 1193 636 meliora
1218 592 1336 637 facis.

170 732 273 771 bant,
293 743 412 765 versus
434 731 564 777 quippe
586 730 773 777 aliquando
792 732 846 764 in-

172 792 286 829 tegros
299 784 544 830 praeteribant,
561 793 620 819 aut
634 786 711 819 loco
734 793 845 818 muta-

170 837 266 872 bant.
290 838 351 870 Est
373 846 407 870 et
424 837 509 871 alter
526 850 666 879 sensus3
691 837 846 872 Raderus

169 890 340 924 existimat
363 890 546 924 librarium
567 891 662 924 hunc
682 903 742 924 sua
761 904 843 936 pro-

167 955 251 989 pera
281 943 500 977 festinatione
530 943 616 977 adeo
645 944 841 978 Martialem

167 996 293 1030 ursisse
305 1022 314 1038 ‚
334 1005 373 1030 ut
389 997 466 1042 ipse
489 997 591 1030 nimis
610 1007 816 1042 properaret
832 1023 839 1035 ,

167 1050 285 1095 sicque
309 1051 416 1084 multa
433 1077 442 1093 ,
462 1063 532 1083 non
555 1049 637 1083 dato
657 1049 700 1084 ad
723 1063 840 1084 emen-

165 1102 323 1136 dandum
345 1103 456 1149 spatio
485 1104 630 1136 obscura
660 1111 694 1136 et
715 1117 840 1149 parum

165 1155 270 1189 latina
306 1157 513 1198 inculcaret3
548 1168 654 1202 quem
701 1169 840 1191 sensum

164 1209 309 1243 omnino
341 1210 455 1255 rejicit
490 1209 729 1252 Ramiresius,
765 1219 839 1244 tum

162 1262 244 1307 quia
280 1275 350 1296 non
391 1261 522 1296 diceret
555 1262 746 1304 Martialis,
777 1276 838 1296 non

163 1328 245 1348 meas
269 1324 314 1348 est
343 1328 455 1354 err01·;
483 1323 560 1348 tum
589 1316 672 1361 quia
703 1316 838 1349 librarii

159 1368 252 1402 servi
276 1377 375 1401 erant
396 1368 669 1414 bibliopolarum
683 1390 693 1406 ‚
717 1378 837 1413 poeta-

159 1433 241 1454 rum
265 1422 417 1454 carmina
439 1421 475 1454 in
498 1422 606 1454 multa
629 1422 837 1467 exemplaria

158 1474 445 1515 transcribente53
464 1486 546 1519 ergo
561 1487 633 1507 non
650 1474 815 1508 librarius
827 1501 835 1516 ‚

159 1526 221 1561 sed
241 1528 432 1572 bibliopola
460 1535 598 1572 poetam
626 1539 749 1572 urgere
772 1540 835 1573 po-

158 1588 258 1614 terat.
277 1581 297 1613 J
302 1579 420 1613 udicet
440 1581 560 1613 lector.

214 1636 247 1667 6.
286 1632 497 1666 Ramiresius
536 1633 583 1666 sic
623 1634 705 1678 legit
738 1633 834 1667 hunc

159 1698 296 1718 versum
316 1697 323 1718 :
340 1686 463 1719 Numae
476 1698 534 1730 ego
551 1694 578 1718 te
594 1686 717 1719 credam
731 1687 835 1719 cordis

160 1739 270 1771 habere
291 1739 371 1771 m'lzil
381 1743 399 1770 Ρ
418 1739 437 1771 J
443 1739 563 1771 untina
584 1747 701 1773 nostra
728 1739 835 1772 habet

158 1791 194 1825 in
224 1792 399 1837 margine,
423 1794 554 1830 mentis;
582 1804 706 1836 parum
728 1800 833 1826 recte.

157 1865 210 1870 —-
242 1846 273 1877 T
271 1858 331 1877 unc
353 1858 412 1889 ego
435 1852 473 1877 te.
497 1844 705 1877 Ramiresius
731 1845 833 1890 legit,

157 1898 247 1931 forte
276 1898 392 1930 minus
422 1898 538 1931 bene:
563 1897 608 1930 N!

157 1951 279 1985 credam
306 1950 408 1983 cordis
434 1950 544 1982 habere
570 1951 651 1982 m'lzil
662 1955 680 1982 Ρ
698 1949 735 1982 id
755 1958 804 1983 est
821 1975 831 1990 ,

157 2003 272 2049 inquit
290 2015 297 2037 :
319 2003 354 2037 Si
371 2002 499 2037 dixeris
519 2014 575 2036 me
602 2015 780 2048 peccasse,
801 2012 834 2036 te

156 2055 337 2090 cordatum
369 2065 402 2089 et
433 2056 625 2102 sapientem
652 2055 832 2100 judicabo.

157 2109 208 2142 Ex
239 2109 466 2143 conclusione
500 2117 614 2142 autem
652 2108 833 2143 evidenter

155 2162 351 2207 colligitur,
368 2160 466 2207 quod
493 2162 599 2195 Poeta
627 2175 698 2195 non
720 2174 756 2195 se
775 2162 833 2195 hic

158 2228 223 2260 pro
245 2227 343 2248 more
365 2214 466 2248 solito
485 2215 682 2260 vituperet,
699 2214 759 2248 sed
782 2216 830 2248 fa-

155 2276 230 2302 cete
270 2266 414 2300 irrideat
451 2267 612 2300 hebetem
650 2268 830 2302 lectorem.

157 2343 202 2347 —-
229 2320 343 2354 Cordis
365 2320 475 2352 habere
497 2320 585 2354 nihil.
607 2321 690 2353 Esse
708 2333 831 2366 parum

155 2372 348 2407 candidum
377 2382 410 2406 et
435 2373 523 2405 male
550 2372 731 2406 cordatum
747 2399 755 2414 ‚
775 2386 832 2407 me

156 2435 319 2471 peccante
342 2427 507 2471 pejorem.

211 2491 244 2523 7.
268 2479 391 2512 Malim
417 2490 457 2511 ex
483 2487 549 2511 vet.
577 2478 715 2517 codice,
746 2482 834 2523 quasi

155 2545 233 2570 nos;
257 2532 331 2572 vel,
358 2532 435 2577 quid
455 2533 532 2563 enim
554 2533 718 2574 manifesta
741 2544 833 2575 nege-

609 1910 688 1929 [mne
717 1910 776 1941 ego
807 1906 834 1929 te

228 2686 264 2725 I.

908 745 974 765 mus
984 737 1002 765 :²
1024 731 1132 778 idque
1147 733 1258 767 libens
1275 736 1500 779 praetulerim.
1520 737 1583 771 Ca-

904 788 1042 829 gnerius.
1059 786 1267 820 Beverlandi
1279 787 1353 821 MS.
1372 788 1476 823 habet
1489 815 1498 832 ,
1511 804 1581 836 quae

904 840 933 870 si
949 840 1134 882 manifhsta;
1149 839 1244 885 quod
1261 852 1302 874 ex
1319 840 1481 886 Cagnerii
1498 852 1582 880 nota

902 892 1082 938 antiquam
1108 905 1180 926 esse
1200 893 1386 928 lectionem
1404 896 1580 941 conjicere

901 943 1003 979 licet:
1025 959 1086 992 quo
1104 949 1133 979 si
1147 948 1313 989 manifesta
1335 961 1479 992 negemus
1496 950 1580 996 legit

900 997 1011 1032 Janus
1041 1000 1257 1045 Rutgersius.
1286 1022 1338 1027 —
1363 1002 1432 1034 Ista
1462 1010 1576 1037 tamen.

900 1050 1009 1085 Instat
1030 1052 1158 1086 lector:
1183 1052 1252 1087 Sed
1279 1054 1331 1086 tui
1350 1067 1469 1089 versus
1496 1058 1579 1090 mali

900 1113 982 1138 sunt
994 1129 1003 1145 ,
1018 1117 1082 1139 nec
1100 1105 1233 1140 librarii
1246 1106 1332 1140 vitio
1343 1133 1352 1150 ,
1365 1106 1427 1141 sed
1446 1117 1576 1143 tuo.—

902 1157 1005 1201 Quasi
1013 1172 1068 1191 nos
1081 1160 1257 1202 manifesta.
1273 1160 1475 1206 Respondet
1488 1162 1575 1196 Poe-

899 1218 932 1242 ta
945 1236 953 1251 ,
970 1212 1077 1245 malos
1090 1212 1234 1257 quidem
1253 1225 1325 1246 esse
1343 1226 1422 1247 suos
1439 1227 1577 1259 versus,

897 1263 957 1298 sed
974 1265 1017 1298 ab
1034 1265 1116 1310 ipsis
1134 1267 1334 1299 censoribus
1346 1267 1576 1312 elegantiores

896 1330 968 1350 non
994 1318 1174 1363 componi.
1195 1319 1307 1352 Simili
1329 1319 1436 1353 modo
1458 1333 1493 1354 se
1512 1320 1572 1356 de-

897 1369 1008 1404 fendit
1033 1371 1202 1405 Martialis
1229 1380 1350 1405 contra
1378 1373 1544 1408 Velocem
1561 1402 1568 1414 ,

896 1423 956 1456 lib.
971 1424 987 1456 I
999 1448 1008 1463 ,
1027 1435 1092 1457 111:
1114 1441 1127 1453 «
1147 1423 1308 1458 Scribere
1321 1438 1376 1458 me
1393 1428 1568 1472 quereris,

896 1476 1009 1509 Velox
1022 1501 1030 1517 ,
1063 1477 1311 1522 epigrammata
1341 1478 1454 1524 longa.
1491 1480 1570 1525 Ipse

896 1529 984 1562 nihil
997 1529 1118 1562 scribis
1129 1541 1138 1571 ;
1150 1538 1187 1562 tu
1200 1530 1362 1564 breviora
1375 1532 1469 1566 facis.
1479 1533 1569 1568 »Eu

951 1584 985 1615 8.
1006 1582 1087 1614 Haec
1106 1583 1190 1615 mala
1209 1592 1291 1617 sunt.
1315 1583 1427 1618 Simili
1448 1585 1568 1619 mode-

895 1635 955 1667 stia
984 1647 1044 1668 sua
1077 1636 1198 1669 multis
1228 1636 1264 1668 in
1290 1637 1376 1670 locis
1399 1636 1571 1683 deprimit

894 1688 1057 1721 carmina.
1083 1688 1138 1722 Sic
1168 1688 1231 1721 lib.
1250 1690 1285 1731 I,
1304 1702 1406 1724 cxrv:
1425 1708 1439 1721 «ι
1462 1692 1567 1734 Quae-

893 1751 1048 1786 cumque
1066 1741 1132 1775 lusi
1148 1742 1286 1788 juvenis
1303 1751 1337 1775 et
1353 1756 1442 1788 puer
1458 1757 1566 1790 quon-

893 1791 991 1835 dam,
1013 1795 1209 1840 Apinasque
1232 1803 1365 1829 nostras
1393 1809 1479 1842 quas
1502 1811 1567 1831 nec

894 1846 967 1891 ipse
994 1847 1063 1890 jam
1089 1848 1192 1886 novi,
1226 1848 1318 1881 Male
1340 1850 1511 1884 collocare
1538 1852 1567 1886 si

894 1899 1000 1931 bonas
1036 1900 1130 1933 voles
1165 1901 1269 1933 horas
1286 1927 1295 1943 ,
1321 1902 1366 1934 Et
1394 1901 1566 1937 invidebis

894 1952 966 1984 otio
980 1960 1040 1985 tuo
1050 1978 1058 1993 ,
1073 1953 1197 1993 lector,
1208 1961 1272 1986 etc.
1289 1971 1303 1982 »ι
1319 1953 1441 1987 eodem
1454 1956 1565 1998 libro,

893 2004 1001 2050 epigr.
1020 2017 1102 2038 cmx
1120 2017 1127 2038 :
1149 2023 1162 2035 α
1176 2006 1243 2039 Cui
1259 2006 1380 2051 legisse
1393 2008 1473 2041 satis
1491 2021 1563 2042 non

892 2065 943 2090 est
969 2057 1216 2103 epigrammata
1245 2067 1406 2101 centum,
1429 2061 1487 2093 Nil
1515 2061 1565 2094 illi

891 2110 973 2143 satis
1002 2119 1072 2151 est,
1099 2111 1306 2153 Caeciliane‚
1333 2112 1426 2146 mali.
1446 2130 1460 2143 n
1484 2114 1564 2148 Lib.

891 2163 944 2204 II,
971 2163 1081 2209 epigr.
1105 2176 1139 2204 1,
1165 2172 1200 2197 et
1220 2177 1310 2198 vn1:
1338 2182 1351 2194 u
1380 2164 1436 2199 Sic
1454 2166 1536 2200 licet
1551 2193 1559 2206 ,

891 2227 1002 2261 usque
1033 2217 1164 2258 malus,
1185 2229 1257 2250 non
1279 2216 1421 2252 odiosus
1443 2218 1521 2252 eris.
1545 2238 1558 2250 »

890 2268 968 2302 Lib.
983 2269 1169 2315 IV,epigr.
1181 2283 1221 2310 x,
1236 2282 1268 2302 v.
1284 2270 1301 2303 5
1320 2282 1327 2302 :
1343 2288 1355 2300 α
1368 2270 1566 2306 Comitetur

891 2322 1019 2366 punica
1030 2322 1160 2355 librum
1176 2322 1348 2368 Spongia,
1359 2325 1565 2359 muneribus

892 2375 1055 2408 convenit
1070 2375 1128 2407 illa
1145 2375 1240 2408 meis.
1257 2392 1269 2404 »ι
1288 2376 1420 2409 -Νοη
1437 2378 1565 2411 meliora

885 2428 982 2469 facis.
1016 2427 1096 2460 Non
1132 2428 1280 2461 absimili
1316 2440 1417 2462 sensu
1449 2442 1566 2464 versus

896 2480 952 2513 ille
971 2480 1112 2524 gallicus
1129 2481 1330 2514 notissimus
1347 2494 1354 2514 :

895 2538 929 2560 La
946 2538 1057 2569 critique
1071 2543 1106 2560 est
1118 2537 1181 2561 aise'e
1190 2556 1196 2566 ,
1211 2544 1235 2561 et
1244 2538 1300 2562 ΓΒΗ
1311 2545 1347 2562 est
1359 2538 1467 2563 difficile.
1484 2541 1528 2565 En.

1306 2699 1359 2727 12
