2061 3288
470 214 533 260 30
834 216 894 259 M.
930 217 1072 260 VAL.
1112 217 1502 263 MARTIALIS

535 304 652 347 Ausa
675 311 740 346 est
759 301 845 347 tale
865 303 994 361 nihil,
1016 303 1145 365 sylvis
1167 305 1271 350 dum
1292 307 1399 350 vixit
1419 307 1461 350 in
1484 305 1578 350 altis
1601 324 1609 349 :
1862 328 1875 353 5

606 375 842 434 Postquam
869 375 983 418 inter
1012 392 1092 419 nos
1121 386 1211 433 est,
1241 376 1338 438 plus
1364 377 1545 421 feritatis
1569 377 1713 421 habet.

536 498 698 539 Τοιοῦτ’
725 499 768 540 οὐ
797 496 971 556 τόλμησ’
1000 499 1067 540 ὅτε
1097 492 1261 559 δρυμοῖς
1287 494 1539 542 ἐνδιάασκεν·

608 565 725 610 Οὖσα
750 561 788 608 δ’
817 569 855 609 ἐν
884 566 1102 628 ἀνθρώποις
1132 570 1191 619 εἴς’
1218 569 1527 630 ἀτιθασσοτέρα.

468 699 574 743 Quod
591 701 664 735 haec
686 700 783 745 tigris
804 700 886 733 alias
905 700 1146 746 magnitudine

468 754 666 800 superabat.
693 753 729 786 Si
759 761 874 786 tamen
906 765 1026 787 sensus
1059 754 1146 788 alius

468 807 567 840 verbi
585 820 658 839 rara
677 807 807 852 placet,
820 806 868 840 sic
882 806 1054 852 intellige:
1069 820 1146 840 rara

468 857 714 905 dicitur‘quod
733 873 805 893 non
828 859 876 892 ita
895 860 1058 906 frequens
1077 861 1147 894 huc

471 913 658 947 adducitur
672 925 713 946 ex
727 913 911 958 Hyrcaniis
930 913 1039 955 silvis,
1055 913 1150 947 vide-

470 976 602 1011 turque
621 966 794 1011 respicere
817 965 860 998 ad
878 979 1013 999 morem
1034 967 1149 1000 subri-

469 1019 591 1065 piendi
609 1021 740 1052 catulos
753 1018 911 1064 tigridis:
933 1032 1043 1065 quum
1054 1020 1146 1052 enim

470 1073 572 1106 foetus
600 1071 732 1106 insidiis
762 1081 898 1118 ereptos
920 1072 1033 1114 videt,
1062 1073 1150 1106 inse-

469 1125 592 1171 quitur
610 1134 787 1172 raptorem
808 1125 935 1159 animal
955 1126 1150 1171 pernicissi-

470 1191 567 1212 mum
584 1192 594 1221 3
613 1179 671 1212 ille
691 1191 803 1212 unum
818 1179 939 1224 abjicit
961 1191 979 1211 e
998 1179 1122 1212 catulis
1139 1205 1148 1220 ‚

469 1244 573 1278 quem
606 1240 717 1265 mater
747 1231 792 1266 ad
827 1232 942 1266 cubile
971 1241 1148 1278 reportat,

469 1298 660 1331 rursusque
682 1293 861 1331 raptorem
880 1285 1079 1330 insequenti
1104 1286 1151 1318 al-

472 1346 585 1372 terum
616 1339 755 1384 abjicit,
782 1351 864 1372 mox
892 1339 1059 1380 tertium,
1083 1347 1148 1372 etc.

1205 702 1253 735 ita
1280 702 1339 735 ille
1369 702 1512 736 unicum
1539 702 1596 736 vix
1618 711 1740 737 nactus
1762 702 1881 737 navim

1205 754 1421 789 conscendit.
1455 756 1546 789 Plin.
1576 756 1690 795 VIII,
1729 767 1793 798 10;
1821 756 1883 790 So·

1204 808 1268 841 lin.
1289 820 1347 841 21.

1261 863 1294 895 6.
1316 861 1511 908 Postquam,
1534 870 1601 895 etc.
1623 862 1810 907 Postquam
1827 861 1882 895 in-

1207 921 1261 947 ter
1272 914 1433 948 homines
1445 915 1563 948 vivere
1580 916 1742 954 assuevit,
1761 913 1884 948 crude-

1207 967 1275 1000 lior
1298 968 1404 1000 evasit
1420 979 1428 1000 :
1449 976 1529 1001 sunt
1546 976 1660 1001 tamen
1683 968 1743 1013 qui
1758 976 1884 1012 putant

1209 1033 1281 1053 non
1296 1020 1369 1054 sine
1389 1021 1548 1066 periculo
1565 1021 1633 1054 hoc
1649 1020 1775 1054 dixisse
1793 1020 1885 1053 Mar-

1208 1073 1324 1106 tialem
1348 1075 1412 1107 sub
1435 1073 1635 1107 Domitiano
1655 1074 1830 1107 viventem
1850 1081 1885 1106 et

1208 1125 1286 1159 ideo
1308 1126 1356 1160 sic
1375 1125 1666 1171 intelligendum:
1685 1126 1885 1159 Animosior

1209 1180 1337 1218 evasit,
1354 1188 1478 1225 utpote
1501 1192 1577 1226 quae
1595 1178 1843 1213 fortitudinem
1866 1190 1885 1211 a

1209 1233 1378 1266 Romanis
1397 1233 1569 1278 acceperit
1583 1259 1591 1274 ‚
1613 1235 1709 1278 cujus
1723 1244 1799 1264 mos
1813 1240 1886 1265 erat

1215 1293 1228 1305 ⁸
1250 1285 1397 1319 Parcere
1414 1285 1580 1332 subjectis
1595 1295 1628 1319 et
1643 1285 1818 1319 debellare
1833 1297 1886 1318 su·

1209 1339 1348 1384 perbOS.
1369 1356 1382 1368 υ
1407 1339 1475 1372 En.

1084 1480 1265 1536 XIX.

767 1643 833 1672 DE
872 1643 1054 1671 TAURO
1094 1644 1156 1671 ET
1195 1623 1591 1671 ΕΒΕΡΗΜῚΤΕ.ἐι

542 1772 637 1828 QUI
661 1769 794 1813 modo
818 1786 897 1831 per
920 1779 1082 1825 totam,
1106 1769 1291 1813 flammis
1317 1767 1560 1812 stimulatus
1575 1803 1586 1822 ‚
1606 1783 1781 1812 arenam

613 1840 858 1886 sustulerat
878 1849 1023 1901 raptas
1045 1850 1195 1884 taurus
1220 1841 1264 1882 in
1288 1848 1403 1883 astra
1423 1837 1555 1899 pilas,

544 1912 767 1957 Occubuit
788 1911 964 1955 tandem
985 1920 1171 1955 cornuto
1194 1910 1350 1954 ardore
1371 1910 1557 1971 potitus,

544 2033 602 2098 ὃς
631 2047 720 2108 πρὶν
752 2049 1002 2108 ἐπειγόμενος
1034 2050 1122 2096 ταῖς
1151 2044 1337 2104 λαμπάσι
1367 2039 1527 2086 δείκελα
1552 2050 1695 2103 ταῦρος

614 2121 867 2178 Χορτοπαγῆ
895 2112 948 2159 δι’
977 2119 1071 2159 ὅλου
1100 2114 1186 2176 ῥίψε
1216 2114 1471 2176 κυνηγεσίου,

545 2177 697 2239 Ϋπτιῡς
728 2189 946 2231 ἐκτέταται
976 2193 1097 2247 κεραῇ
1124 2190 1289 2248 γλωχῖνι
1318 2181 1516 2244 δαϊχθεὶς,

528 2323 543 2336 ”
559 2328 610 2359 De
639 2327 816 2370 Elephante
841 2333 873 2358 et
895 2326 1003 2358 Tauro
1032 2324 1155 2358 inscri-

478 2381 576 2413 bitur
606 2379 642 2412 in
661 2379 803 2413 Thuan.
831 2380 882 2412 De
907 2379 1088 2424 Eleplcantc
1115 2378 1152 2410 in

476 2435 574 2466 Junt.

535 2500 564 2518 1.
580 2485 733 2518 Flammis
747 2485 937 2518 stimulatus.
953 2486 1090 2517 Tauros
1103 2484 1153 2517 in-

480 2540 588 2572 citare
618 2538 775 2571 solebant
796 2536 836 2570 ad
863 2550 1014 2584 pugnam
1029 2563 1038 2579 ‚
1062 2536 1152 2582 igni,

479 2591 640 2632 stimulis,
651 2599 717 2624 etc.
732 2598 772 2623 ut
784 2591 887 2624 etiam
903 2590 1011 2624 hodie
1027 2590 1063 2622 in
1077 2590 1154 2622 His-

478 2646 579 2691 pania
592 2644 752 2678 homines
768 2644 961 2677 Tot-eadooes
974 2643 1071 2678 dicti.
1085 2643 1152 2676 En.

1271 2323 1303 2356 3.
1323 2324 1461 2357 Potitus.
1480 2325 1532 2356 Ita
1548 2324 1705 2357 Ramires
1721 2322 1764 2356 de
1776 2322 1890 2356 Prado

1215 2385 1311 2410 evet.
1325 2376 1404 2410 cod.
1417 2377 1501 2422 legit
1514 2373 1571 2416 (et
1586 2377 1634 2410 sic
1649 2385 1699 2409 est
1711 2376 1748 2409 in
1763 2376 1889 2409 Venet.

1220 2430 1328 2464 1510.
1365 2429 1445 2463 Ald.
1475 2431 1575 2464 Junt.
1612 2429 1717 2463 1512.
1751 2428 1890 2474 Gryph.

1216 2483 1330 2518 Colin.
1359 2483 1455 2517 1528
1479 2480 1591 2522 aliis).
1613 2503 1664 2508 ——
1684 2481 1824 2514 Cornuto
1843 2494 1893 2513 αι·-

1213 2536 1300 2568 dore.
1328 2535 1371 2569 Id
1397 2544 1467 2577 est,
1496 2534 1610 2580 inquit
1625 2560 1634 2575 ‚
1660 2542 1735 2567 toto
1764 2542 1891 2567 conatu

1213 2602 1386 2623 cornuum
1410 2587 1610 2622 ardentium
1629 2587 1724 2620 nisus
1748 2595 1799 2620 est
1816 2595 1892 2620 tau-

1212 2655 1271 2676 rus
1288 2642 1325 2676 iu
1341 2642 1451 2675 altum
1464 2641 1584 2674 tollere
1600 2640 1844 2686 elephantum,
1859 2647 1894 2673 et
