2061 3288
468 200 564 246 318

839 204 895 245 M.
923 203 1003 246 VA
1019 204 1068 246 L.
1109 203 1508 247 MARTIALIS

600 292 655 334 Et
681 290 917 352 impiorum
945 291 1155 352 phasiana
1182 290 1467 337 Colchorum.

599 361 794 405 Rhodias
816 362 993 423 superbi
1020 362 1202 406 feminas
1226 372 1434 424 premunt
1458 360 1581 423 galli3

594 433 846 494 Sonantque
874 443 1015 476 turres
1040 432 1263 494 plausibus
1288 432 1606 478 columbarum.

598 504 747 548 Gemit
768 504 870 547 binc
897 502 1129 564 palumbus
1145 540 1156 561 ⁷
1178 503 1280 548 inde
1306 520 1458 548 cereus
1481 513 1644 549 turtur.

597 574 726 619 Avidi
754 585 997 635 sequuntur
1022 574 1176 620 villicae
1199 577 1342 619 sinum
1363 575 1511 636 porci;

596 646 874 706 Matremque
901 645 1075 707 plenam
1100 644 1244 690 mollis
1267 662 1406 707 agnus
1432 655 1663 708 exspectat.

594 717 792 776 Cingunt
813 733 1015 761 serenum
1040 716 1167 762 lactei
1191 717 1339 762 focum
1364 733 1538 773 vernae⁷

595 789 652 831 Et
676 787 797 848 larga
819 788 952 832 festos
974 787 1090 832 lucet
1116 788 1171 832 ad
1197 790 1333 832 Lares
1360 786 1492 848 sylva.

454 904 582 950 plumae
597 903 869 937 versicoloribus
890 905 1038 938 maculis
1050 929 1059 945 ‚
1080 917 1139 938 ve-

452 957 520 990 luti
556 957 663 1002 guttis
692 955 878 990 distinctae.
914 958 992 991 Lib.
1026 958 1116 991 XIII
1129 983 1138 1001 7

456 1011 566 1056 epigr.
603 1022 738 1043 Lxxnx.
775 1009 943 1044 Numidia
976 1019 1026 1044 est
1061 1024 1140 1056 pars

454 1064 580 1096 Africae
592 1089 601 1105 ‚
619 1062 713 1097 unde
731 1064 799 1097 illae
823 1063 1112 1109 deportabantur.

515 1119 570 1150 16.
609 1118 786 1150 Phasiana.
827 1118 911 1150 Avis
948 1126 1029 1150 nota
1043 1144 1051 1159 ‚
1089 1117 1138 1150 sic

456 1168 548 1203 dicta
568 1183 586 1203 a
609 1170 733 1211 Phasi,
757 1169 937 1204 Colchidis
957 1170 1140 1203 fluvio.—

455 1224 625 1269 Impiorum
648 1223 846 1256 Colchorum.
874 1223 946 1265 Qui
965 1224 1056 1256 male
1080 1236 1139 1256 au·

454 1275 557 1310 diunt
582 1286 728 1323 propter
753 1276 960 1323 parricidia,
979 1277 1140 1322 impieta-

457 1339 525 1363 tem
552 1338 585 1364 et
614 1329 781 1363 veneficia
812 1329 956 1364 Medaeae
974 1356 983 1371 ‚
1015 1332 1140 1371 AEetae,

455 1384 546 1429 regis
564 1384 781 1418 Colchorum
792 1406 801 1422 ,
818 1384 910 1417 filiae.
922 1384 982 1417 Est
997 1383 1031 1416 in
1047 1383 1139 1425 Asia,

456 1436 500 1470 ad
540 1437 694 1470 Pontum
733 1436 911 1470 Euxinum
932 1463 941 1477 ‚
979 1449 1073 1470 nunc
1108 1437 1139 1468 la

457 1491 638 1535 llJingrdlie.

514 1556 570 1588 17.
590 1543 809 1577 Pulmannus
826 1545 987 1586 :seminas
998 1542 1141 1587 produnt

453 1597 546 1641 galli.
568 1617 620 1622 ——
647 1597 789 1629 Rhodias
809 1597 959 1639 feminas.
983 1596 1138 1629 Gallinas

458 1648 612 1683 Rhodias
645 1650 822 1684 habehant
853 1650 888 1683 in
921 1649 1036 1695 pretio
1067 1650 1137 1682 Ro-

456 1702 563 1737 mani.

513 1759 570 1791 18.
599 1757 725 1789 Turres.
750 1756 978 1791 Columbaria
1003 1756 1040 1788 in
1062 1764 1137 1789 tur-

456 1809 576 1851 ribus;
599 1822 750 1855 namque
773 1822 937 1856 suprema
965 1817 1138 1842 tectorum

459 1871 575 1896 amant
598 1875 688 1896 aves.
717 1884 768 1888 —
788 1863 969 1896 Plausum.
992 1862 1137 1895 Alarum

456 1915 701 1962 plaudentium
724 1917 899 1962 clangore.

514 1982 526 2002 1
537 1970 761 2013 9.Palumbns.
774 1970 948 2003 Columba
962 1969 1138 2003 silvestris.

458 2043 509 2048 —
536 2023 662 2056 Cereus.
686 2023 842 2063 obesus,
868 2022 1026 2068 pinguis;
1056 2035 1138 2055 nam

458 2075 652 2121 expallidus
673 2085 818 2122 apparet
837 2076 895 2110 ille
916 2076 1032 2121 color,
1054 2088 1140 2109 cerae

458 2130 611 2163 colorem
630 2130 800 2164 referens.
819 2128 902 2162 Yid.
925 2129 1004 2161 infr.
1025 2129 1137 2174 epigr.

460 2196 501 2215 Lx
517 2209 525 2224 ,
544 2196 577 2216 v.
599 2196 618 2227 7
633 2196 642 2225 ;
662 2183 724 2216 lib.
741 2184 793 2216 IX
807 2208 816 2224 ‚
837 2182 944 2228 epigr.
965 2194 1009 2215 Lv
1022 2208 1030 2223 ,
1045 2194 1077 2214 v.
1101 2194 1138 2223 13

461 2244 492 2268 et
511 2236 571 2269 lih.
586 2237 673 2268 XIII
685 2263 693 2277 ‚
710 2237 818 2282 epigr.
837 2248 871 2269 v.
887 2236 1007 2276 Quum
1025 2243 1140 2268 autem

463 2289 488 2321 is
503 2289 601 2322 color
614 2290 680 2322 nisi
694 2289 730 2322 in
747 2298 883 2323 turture
893 2288 1022 2334 plumis
1035 2296 1139 2321 exuto

463 2350 494 2374 et
509 2341 552 2374 ad
565 2355 696 2375 coenam
712 2351 836 2388 parato
849 2341 1028 2382 videatur,
1042 2353 1139 2374 nunc

463 2403 579 2428 autem
605 2395 647 2428 de
672 2404 832 2441 gemente
852 2403 885 2428 et
905 2395 984 2427 vivo
1009 2394 1141 2428 mentio

463 2449 544 2490 fiat,
575 2456 675 2493 putat
695 2448 966 2482 Musambertius
996 2460 1035 2481 ex
1063 2448 1142 2493 plu-

463 2513 599 2534 marum
618 2502 735 2535 colore
751 2502 931 2548 epitheton
948 2501 1144 2547 quaesivisse

466 2554 661 2587 Martialem
675 2581 683 2595 ‚
707 2563 743 2587 ut
764 2568 867 2600 supra
889 2554 1048 2600 quaesivit
1063 2580 1071 2595 ‚
1095 2566 1142 2587 vs.

475 2607 514 2640 13
535 2633 543 2647 ,
571 2611 613 2648 14
635 2616 668 2640 ct
692 2608 757 2649 153
780 2618 811 2640 et
835 2607 977 2641 dorsum
1001 2607 1145 2640 turturis

468 2661 545 2693 rufo
571 2661 869 2705 superins-persium
904 2662 936 2693 in
962 2660 1145 2705 superficie

1200 915 1398 949 pennarum
1411 928 1421 945 ‚
1436 904 1481 937 ait
1498 915 1637 937 cereum
1653 904 1807 938 colorem
1825 916 1880 937 re-

1200 958 1303 991 ferre.
1326 957 1392 990 En.

1259 1023 1315 1044 20.
1346 1010 1438 1043 Rob.
1468 1009 1583 1043 Titius
1611 1009 1679 1043 loe.
1709 1010 1878 1044 Controv.

1200 1064 1261 1097 lib.
1273 1064 1327 1105 II,
1343 1075 1419 1108 cap.
1440 1074 1454 1095 1
1466 1076 1482 1095 2
1495 1087 1505 1104 ‚
1520 1063 1603 1096 olim
1619 1062 1878 1097 emendaverat:

1200 1119 1308 1150 vilicae
1321 1129 1430 1149 sonum
1444 1118 1546 1161 porci.
1560 1136 1613 1142 —-
1627 1116 1663 1147 V
1661 1116 1755 1149 illicae
1767 1119 1879 1150 sinum.

1199 1192 1252 1197 -—
1280 1168 1464 1202 Hordeum
1479 1194 1489 1211 ,
1520 1169 1663 1214 siliquas
1681 1195 1690 1212 ‚
1715 1169 1856 1215 glandes
1871 1195 1882 1214 ‚

1200 1224 1255 1257 vel
1271 1222 1376 1256 alium
1394 1231 1533 1268 pastum
1546 1222 1583 1254 in
1601 1222 1681 1255 sinu
1695 1223 1799 1256 vestis
1811 1236 1881 1257 suae

1200 1275 1344 1310 ferentis
1366 1287 1374 1308 :
1394 1274 1493 1320 quod
1515 1274 1673 1308 sentiunt
1697 1275 1806 1321 porci.
1826 1297 1880 1305 —-

1200 1331 1339 1375 Legunt
1357 1329 1414 1361 alii
1431 1341 1538 1361 sonum
1553 1341 1563 1361 .·
1581 1329 1692 1361 suculi
1707 1328 1802 1362 enim
1814 1329 1879 1361 vil-

1200 1383 1274 1416 licae
1294 1393 1416 1415 vocem
1433 1393 1491 1414 eos
1508 1380 1551 1414 ad
1567 1389 1705 1427 pastum
1725 1382 1880 1415 vocantis

1200 1442 1393 1482 agnoscunt
1415 1443 1449 1467 et
1469 1443 1674 1479 sequuntur.

1255 1502 1271 1521 2
1283 1502 1313 1522 1.
1324 1488 1469 1520 Plenam.
1485 1488 1591 1520 Lacte
1605 1486 1757 1520 distenta
1772 1487 1879 1520 ubera

1197 1551 1386 1587 gerentem.
1410 1561 1461 1566 ——-
1487 1541 1673 1586 Exspectat.
1699 1540 1805 1573 Domi
1827 1553 1880 1574 se-

1198 1596 1313 1629 clusus
1336 1608 1353 1628 a
1376 1601 1485 1626 matre
1504 1602 1642 1639 pastum
1664 1593 1832 1639 profecta.

1255 1661 1313 1681 22.
1338 1646 1543 1681 Calderinus
1568 1646 1651 1691 legit
1678 1647 1774 1686 lutei,
1797 1647 1820 1680 i.
1846 1659 1877 1680 e.

1199 1700 1334 1734 sordidi
1351 1700 1515 1734 infantes.
1531 1698 1624 1733 Vide
1644 1699 1705 1732 lib.
1722 1700 1758 1740 I,
1772 1711 1827 1745 ep.
1845 1713 1878 1733 L.

1199 1753 1319 1788 Codex
1342 1753 1506 1787 Farnabii
1524 1753 1630 1786 habet
1647 1765 1654 1786 :
1679 1752 1879 1798 Cinguntque

1199 1810 1311 1841 circtcm
1334 1808 1410 1840 lutei
1422 1807 1531 1850 focum
1559 1819 1678 1839 ‘vet-noe.
1706 1826 1758 1832 -—
1787 1805 1878 1839 Sere-

1199 1874 1280 1894 num.
1314 1861 1402 1907 Igne
1432 1860 1525 1893 claro
1556 1859 1796 1893 collucentem.
1826 1879 1878 1885 —

1199 1916 1319 1948 Lactei.
1361 1913 1513 1947 Pulchro
1551 1913 1669 1946 colore
1704 1910 1845 1945 candidi
1869 1926 1879 1953 ;

1197 1968 1290 2001 lauta
1328 1965 1544 2013 pinguedine
1575 1964 1789 1999 renidentes.
1822 1964 1879 1998 Sic

1199 2021 1317 2054 Horat.
1341 2019 1456 2066 Epod.
1483 2036 1495 2048 n
1518 2019 1723 2063 Positosque
1743 2030 1876 2057 vernaS,

1199 2073 1283 2107 ditis
1297 2085 1440 2107 examen
1458 2071 1606 2112 domus,
1625 2071 1766 2105 Circum
1788 2071 1880 2104 reni-

1199 2126 1320 2161 dentes
1339 2128 1455 2160 Lares.
1480 2143 1492 2155 n
1516 2124 1600 2158 Vid.
1621 2124 1679 2157 lib·
1700 2125 1737 2165 I,
1765 2124 1876 2170 epigr.

1200 2194 1220 2213 L
1233 2206 1241 2221 ‚
1274 2193 1323 2214 vs.
1358 2181 1416 2214 28.
1447 2179 1515 2212 En.
1542 2200 1593 2205 —-
1624 2178 1750 2210 Ver-nce.
1772 2177 1877 2211 Pueri

1200 2245 1382 2267 servorum
1397 2259 1406 2275 ‚
1426 2233 1462 2265 in
1478 2231 1585 2265 domo
1610 2231 1698 2263 nati.
1715 2231 1783 2263 En.

1258 2286 1316 2320 23.
1346 2287 1456 2330 Larga
1469 2286 1592 2329 festos,
1617 2292 1681 2317 etc.
1699 2283 1877 2316 Luculen-

1202 2348 1256 2373 tus
1276 2348 1326 2373 est
1348 2340 1444 2372 focus
1459 2365 1467 2380 ,
1488 2338 1590 2383 lignis
1619 2349 1637 2370 e
1657 2337 1771 2370 vicina
1793 2337 1878 2369 silva

1203 2391 1514 2433 descendentibus,
1537 2399 1575 2424 ut
1593 2390 1667 2435 ipse
1686 2390 1732 2422 ait
1752 2389 1813 2422 lib.
1835 2389 1851 2420 I
1867 2415 1876 2428 ‚

1203 2446 1313 2492 epigr.
1332 2459 1352 2479 L
1368 2472 1376 2487 ,
1396 2458 1447 2479 vs.
1472 2457 1530 2489 27.
1551 2465 1602 2470 —-
1622 2443 1743 2476 Festos.
1766 2443 1879 2474 Laetos

1205 2508 1238 2532 et
1258 2500 1427 2535 nitentes,
1452 2498 1528 2531 ollis
1559 2505 1592 2530 et
1619 2496 1752 2529 cacabis
1778 2494 1878 2540 quasi

1205 2561 1398 2585 coronatos.
1421 2573 1472 2578 —-
1489 2551 1548 2584 Ad
1566 2551 1671 2582 Lares.
1693 2547 1747 2580 Ad
1763 2548 1879 2580 focum

1206 2606 1294 2639 circa
1306 2617 1409 2650 quem
1422 2612 1519 2637 erant
1530 2602 1670 2636 Larium
1683 2601 1745 2634 sim
1753 2601 1879 2640 nlacra,

1206 2659 1333 2703 quibus
1351 2667 1422 2691 erat
1445 2669 1538 2690 sacer
1557 2656 1664 2688 focus.
1692 2654 1746 2686 Sic
1767 2654 1878 2686 Hora-
