2061 3288
458 216 841 260 EPIGRAMM
858 216 1042 259 ATUM
1082 215 1207 258 Llss.
1250 217 1278 257 Ι.

1515 213 1580 274 (ῖς)

795 360 940 416 ΧΧ.

722 511 789 540 ΑΙ)
828 510 1024 540 AELIAM.

236 637 283 679 S1
315 635 510 691 memini,
536 635 710 679 fuerant
735 635 815 679 tibi
840 645 1050 696 quatuor,
1078 633 1210 688 AElia‚
1242 634 1393 678 dentes
1417 651 1425 678 :

305 707 488 767 Exspuit
515 722 602 749 una
633 706 742 750 duos
768 707 921 762 tussis,
950 715 994 750 et
1020 722 1108 750 una
1137 704 1259 749 duos.

235 779 332 820 Jain
359 793 512 822 secura
540 787 664 838 potes
695 779 796 822 totis
827 778 984 821 tussire
1014 776 1190 833 diebus3

306 848 379 893 Nil
405 849 526 904 istic,
551 848 669 909 quod
693 858 815 910 agat,
843 849 970 892 tertia
995 849 1124 892 tussis
1153 846 1302 892 habet.

167 1022 171 1024 .
221 989 254 1009 2.
277 976 414 1021 Expulit
426 975 537 1010 codex
555 975 780 1010 Bodleianus.

221 1034 256 1070 4.
278 1030 340 1063 Nil
357 1030 415 1063 tiIu'
434 1030 521 1076 quod
542 1030 635 1062 tollat
656 1029 741 1074 legit
761 1029 844 1063 Pul-

167 1094 324 1117 mannus.
354 1105 405 1110 —
433 1084 495 1117 Nil
523 1085 602 1116 istic.
633 1083 725 1125 Quia
755 1083 844 1116 nulli

902 983 1090 1022 supersunt
1120 974 1254 1009 dentes.
1291 972 1383 1008 Vide
1411 974 1473 1008 lib.
1506 974 1584 1015 111,

903 1030 1014 1075 epigr.
1034 1040 1129 1070 xcn,
1151 1041 1184 1062 v.
1207 1041 1223 1062 2
1238 1041 1247 1070 ;
1265 1036 1299 1061 et
1317 1028 1377 1061 lib.
1398 1028 1432 1060 II
1445 1053 1454 1068 ‚
1473 1027 1583 1073 epigr.

905 1094 1032 1125 xL1,v.
1056 1086 1076 1116 6
1098 1091 1132 1115 et
1151 1095 1187 1127 7.

784 1208 964 1264 XXI.

633 1349 700 1376 AD
740 1346 1119 1376 CAECILIANUM.

238 1464 329 1506 Dic
352 1462 484 1517 mihi,
510 1463 605 1522 quis
635 1462 757 1505 furor
786 1460 878 1504 est?
901 1459 1031 1504 turba
1061 1469 1285 1518 spectante
1315 1469 1493 1515 vocata,

307 1532 435 1577 Solus
459 1532 652 1589 boletos⁷
678 1532 931 1584 Caeciliane,
953 1546 1095 1575 voras.

238 1603 360 1661 Quid
382 1604 564 1665 dignum
588 1612 710 1648 tanto
732 1603 812 1646 tibi
837 1612 1016 1657 ventre,
1043 1600 1233 1662 gulaque
1256 1600 1497 1663 precabor?

309 1673 532 1729 Boletum,
563 1672 734 1735 qualem
763 1672 972 1717 Claudius
998 1672 1110 1728 edit,
1133 1672 1248 1717 edas.

228 1814 258 1835 1.
290 1802 353 1834 Dic
385 1803 481 1842 mihi,
512 1810 575 1834 etc.
606 1800 679 1833 Sub
700 1803 848 1845 persdna

171 1855 347 1888 Caeciliani
364 1881 373 1897 ‚
406 1855 641 1887 inhumanum
674 1853 849 1899 hospitem

170 1908 357 1941 insectatur
369 1932 379 1948 ‚
413 1907 474 1953 qui
502 1920 576 1940 non
608 1915 679 1939 tam
709 1913 850 1939 vocarat

170 1961 300 1994 amicos
317 1960 361 1995 ad
379 1960 583 1995 convivium
598 1967 637 1993 ut
652 1972 779 1992 mensae
795 1959 850 1992 in-

171 2013 374 2058 dulgerent,
391 2026 496 2059 quam
504 2022 543 2047 ut
559 2013 691 2059 optima
702 2025 849 2058 quaeque

171 2075 353 2100 vorantem
372 2074 569 2113 spectarent
580 2092 590 2107 ,,
612 2066 697 2100 cibis
714 2066 850 2099 viliori-

171 2120 255 2160 bus,
277 2120 393 2165 potius
423 2120 570 2165 objectis
602 2132 707 2165 quam
738 2131 849 2164 appo-

172 2172 246 2205 sitis
255 2198 264 2213 ,
274 2185 346 2205 non
356 2173 446 2206 bene
458 2173 547 2217 pasti
559 2185 568 2214 ;
581 2171 676 2205 idem
690 2173 850 2218 queritur

171 2226 368 2266 Juvenalis,
385 2233 446 2258 sat.
464 2227 510 2266 V,
526 2233 560 2259 et
575 2226 744 2258 Martialis
758 2225 849 2271 ipse,

171 2278 232 2312 lib.
247 2280 283 2312 II
294 2305 302 2319 ‚
320 2278 428 2324 epigr.
445 2290 554 2316 mur,
567 2286 634 2312 etc.

230 2344 246 2364 2
255 2358 262 2365 .
272 2332 412 2365 Boletos.
421 2331 558 2377 Optimi
569 2331 702 2376 saporis
711 2331 849 2376 fungos,

173 2397 260 2429 quos
281 2397 366 2418 auro
388 2392 492 2429 atque
519 2391 662 2429 argento
689 2384 851 2428 praefert,

173 2437 237 2470 lib.
259 2438 368 2480 XIII,
391 2438 499 2483 epigr.
522 2449 649 2470 vant.

228 2490 262 2524 3.
275 2491 374 2524 Junt.
390 2503 447 2524 an.
466 2490 532 2523 151
545 2503 560 2523 2
580 2489 706 2523 habet:
725 2507 738 2519 «
756 2487 854 2531 Quid

174 2542 322 2588 dignum
350 2552 447 2577 tanto
477 2542 662 2588 ventrique
694 2542 852 2588 gulaeque

174 2597 369 2641 precabor?
389 2614 402 2627 »ι
423 2605 457 2631 et
476 2596 524 2630 sic
542 2597 664 2641 legunt
681 2595 854 2629 Gruterus

175 2658 208 2683 et
221 2649 421 2686 Scriverius.
436 2649 557 2685 Codex
571 2648 780 2684 Bodleianus
796 2661 853 2684 ex-

906 1800 1025 1833 hibet:
1043 1817 1056 1830 ι
1075 1799 1171 1842 Quid
1184 1799 1331 1846 dignum
1344 1808 1441 1834 tanto
1455 1800 1590 1833 veneri-

908 1865 977 1898 que
996 1853 1155 1899 gulaeque
1172 1853 1368 1899 precabor?
1391 1870 1406 1883 n

965 1909 999 1947 4.
1017 1906 1151 1950 Qualem
1167 1906 1332 1940 Claudius.
1348 1904 1487 1941 Claudii
1501 1918 1590 1939 uxor

909 1959 1122 2005 Agrippina,
1144 1960 1332 2005 imperium
1351 1960 1425 1992 filio
1442 1971 1505 1992 suo
1523 1959 1594 1992 Ne-

909 2012 990 2046 roni
1020 2021 1196 2046 maturare
1224 2014 1393 2058 cupiens,
1430 2012 1590 2045 boletum

909 2078 1046 2099 veneno
1066 2066 1236 2099 infectum
1258 2066 1387 2100 marito
1402 2066 1506 2111 hujus
1523 2064 1593 2098 cibi

911 2118 1113 2152 avidissimo
1148 2119 1336 2165 apposuit,
1364 2131 1436 2164 quo
1462 2118 1592 2151 exstin-

911 2180 986 2205 ctus
1010 2180 1071 2205 est.
1099 2173 1228 2206 Juven.
1257 2180 1319 2205 sat.
1341 2172 1387 2205 V.
1415 2188 1429 2201 ι
1450 2171 1593 2205 Vilibus

911 2225 1083 2270 ancipites
1108 2225 1211 2270 fungi
1237 2232 1415 2271 ponentur
1445 2224 1563 2258 amicis
1580 2246 1592 2263 ,

914 2279 1055 2311 Boletus
1073 2277 1243 2318 domino3
1266 2277 1328 2311 sed
1348 2277 1466 2322 quales
1488 2277 1594 2311 Clau-

913 2330 991 2364 dius
1018 2329 1091 2364 edit
1117 2332 1210 2364 Ante
1231 2331 1332 2364 illum
1354 2329 1493 2372 uxoris,
1511 2339 1593 2375 post

913 2396 1017 2429 quem
1028 2384 1077 2416 nil
1089 2383 1241 2429 amplius
1252 2382 1335 2417 edit.
1357 2400 1370 2412 ¹
1391 2383 1483 2417 Hinc
1497 2383 1592 2416 Nero

913 2437 1062 2482 fungum
1092 2437 1214 2481 jocans
1245 2436 1441 2482 appellabat
1475 2436 1594 2470 cibum

914 2488 1080 2530 deorum,
1097 2488 1246 2523 Claudio
1258 2515 1267 2531 ‚
1283 2497 1323 2523 ut
1340 2501 1415 2522 mos
1435 2496 1510 2523 erat
1524 2490 1595 2521 Ro-

913 2543 1025 2576 manis
1040 2568 1049 2584 ‚
1076 2551 1277 2576 consecrato
1308 2550 1343 2576 et
1383 2542 1475 2576 inter
1510 2541 1594 2575 deos

914 2604 1156 2630 annumerato.
1171 2617 1223 2623 —-
1239 2596 1344 2629 Edas.
1362 2595 1501 2629 Scilicet
1518 2607 1594 2628 mo-

913 2649 1030 2688 riaris,
1051 2649 1243 2684 inhumane
1262 2649 1475 2683 convivator.
1498 2648 1567 2682 Eu.

1325 2711 1380 2765 5³
