2061 3288
487 236 551 294 64

863 241 924 284 Μ.
949 242 1090 285 VAL.
1131 243 1521 287 MARTIALIS

551 328 772 371 Nimirum
797 329 941 373 timuit
963 340 1133 374 nostras
1155 333 1348 375 Fortuna
1368 330 1588 393 querelas,

623 398 733 455 Quae
761 415 840 460 par
866 409 955 443 tam
983 417 1152 461 magnae
1178 418 1268 446 non
1299 412 1392 446 erat
1417 402 1599 446 invidiae.
1867 431 1896 447 ω

552 468 682 513 Nunc
706 479 749 513 et
774 469 934 514 damna
954 472 1136 531 juvant3
1164 483 1264 516 sunt
1288 474 1382 534 ipsa
1410 471 1604 534 pericula
1633 474 1742 517 tanti
1766 490 1774 516 :

619 540 786 584 Stantia
814 558 903 585 non
929 551 1133 602 poterant
1161 552 1278 587 tecta
1306 543 1493 604 probare
1519 543 1636 587 deos.

550 649 589 703 H
618 667 666 722 ῥα
691 665 803 723 Τύχη
833 671 995 724 μομφῆς
1022 668 1133 724 ’ἡμῶν
1160 665 1301 724 φθόνον
1327 668 1398 709 οὐκ
1424 667 1600 726 ἀνέμεινε

618 734 861 778 Τοσσατίοιο
889 736 1026 795 μίσους
1057 733 1171 796 ἄχθεϊ
1201 736 1428 796 βριθομένη.

548 804 611 848 Τὰ
639 801 772 860 moi&
801 807 982 864 ὠφελέει·
1008 813 1089 849 τῶν
1115 801 1298 850 κινδύνου
1326 806 1408 858 ἐςὶν
1437 807 1620 851 ὄνασθαι·

622 866 730 936 Ope->¹
759 876 896 927 ποις-ὰς
922 878 1026 920 ἐοῦσ’
1053 880 1125 921 οὐκ
1151 875 1197 921 ἂν
1228 872 1351 929 ἔδειξε
1381 878 1507 929 θεούς.

530 1030 562 1059 9.
594 1015 750 1048 Nimirum
787 1017 886 1047 tenuit
921 1014 1156 1057 Pulmannus,

476 1069 499 1101 i.
529 1081 559 1101 e.
587 1066 761 1114 impediit.
782 1089 833 1094 —
858 1068 1017 1101 Nimirum
1041 1071 1155 1102 timuit.

476 1121 623 1167 Antiqui
647 1121 740 1154 enim
754 1147 762 1163 ,
784 1121 810 1154 si
839 1120 928 1166 quid
949 1133 1046 1154 secus
1071 1134 1156 1155 con-

478 1174 608 1219 tigisset
620 1200 628 1216 ,
650 1173 732 1207 deos
744 1173 937 1207 maledictis
953 1175 1156 1217 onerabant,

476 1227 585 1260 immo
600 1240 720 1261 eorum
733 1235 860 1260 statuas
873 1227 1154 1273 confringebant,

477 1289 535 1313 aut
546 1281 694 1314 urebant
706 1280 845 1325 ligneas.
862 1279 955 1313 Vide
968 1280 1031 1314 lib.
1046 1282 1136 1314 VIII
1147 1307 1156 1322 ,

477 1334 587 1379 epigr.
608 1347 664 1367 XL.
688 1334 754 1366 ΕΙ).

535 1400 588 1420 10.
614 1388 697 1431 Quae
714 1399 777 1430 pat·
799 1394 860 1418 tam
883 1400 1017 1432 magnoe.
1049 1387 1154 1420 Com-

474 1452 617 1473 munem
658 1438 933 1473 desiderantium
954 1464 964 1480 ,
1004 1452 1155 1485 queren-

476 1493 635 1538 tiumque
650 1518 658 1533 ‚
679 1492 706 1525 si
726 1493 900 1537 Regulum
916 1519 924 1534 ‚
942 1493 1058 1525 virum
1076 1505 1156 1538 pro-

476 1546 581 1587 bum,
606 1545 856 1585 interemisset,
884 1546 1055 1578 sustinere
1084 1558 1155 1578 non

474 1599 645 1644 potuisset
667 1597 848 1632 invidiam.

535 1665 548 1685 1
562 1664 575 1684 1
585 1678 591 1684 .
615 1652 709 1685 Nunc
729 1660 774 1684 tot
788 1652 903 1684 damna
915 1653 1032 1695 juvant
1046 1650 1155 1684 codex

476 1705 680 1738 Vossianus.
701 1724 753 1729 —
775 1705 869 1738 Nunc
899 1713 930 1736 et
959 1704 1075 1736 damna
1099 1706 1154 1749 jn-

480 1766 562 1791 eant.
584 1759 719 1790 Damna
737 1758 885 1803 quaestui
902 1765 981 1790 sunt
1002 1770 1009 1789 :
1031 1756 1156 1790 eodem

477 1824 578 1844 sensu
597 1811 743 1843 verbum
763 1811 886 1856 juvare
905 1811 1075 1851 sumitur,
1092 1811 1154 1844 lib.

479 1864 545 1904 III,
557 1864 645 1909 epig.
658 1875 797 1896 nnn:
816 1863 942 1896 “Irasci
957 1871 1093 1896 tantum
1106 1863 1155 1896 fe-

477 1917 559 1950 lices
571 1916 680 1949 nostis
695 1916 813 1957 amici,
824 1916 904 1950 Non
920 1916 1011 1949 belle
1027 1916 1156 1957 facitis,

1216 1015 1277 1049 sed
1293 1018 1392 1062 juvat
1408 1017 1476 1050 hoe
1488 1016 1612 1051 facere.
1633 1034 1646 1047 a
1670 1017 1786 1051 Ruina
1802 1018 1895 1051 enim

1217 1069 1310 1102 illius
1343 1069 1518 1115 porticus,
1544 1070 1701 1116 quamvis
1731 1069 1896 1104 damnosa

1217 1121 1362 1156 domino
1379 1149 1388 1164 ‚
1419 1123 1552 1157 fructui
1588 1131 1622 1157 et
1650 1123 1792 1157 utilitati
1823 1132 1898 1165 est3

1216 1188 1298 1209 nam
1326 1188 1406 1209 eum
1432 1175 1534 1210 docet
1563 1189 1600 1210 se
1624 1189 1716 1210 curae
1741 1188 1814 1210 esse
1835 1189 1897 1210 su-

1216 1229 1330 1274 peris3
1348 1229 1415 1262 hoc
1429 1230 1537 1274 igitur
1549 1230 1738 1276 voluptatis
1752 1230 1896 1263 lucrum

1215 1282 1326 1315 nollet
1345 1290 1549 1326 permutare
1571 1282 1711 1328 portiCu
1731 1290 1844 1316 stante
1862 1291 1896 1316 et

1215 1335 1397 1368 incolumi.
1415 1334 1498 1368 Vid.
1513 1336 1623 1381 epigr.
1637 1348 1775 1369 Lxmun
1791 1335 1894 1368 infra.

1215 1409 1256 1413 —
1269 1387 1351 1421 Sunt
1364 1391 1432 1432 ipsa
1439 1389 1582 1432 pericula
1594 1391 1686 1421 tanti.
1697 1388 1780 1421 Haec
1796 1388 1895 1433 peri-

1215 1441 1294 1473 cula
1322 1441 1377 1473 vel
1405 1453 1530 1485 magno
1557 1441 1673 1486 pretio
1701 1449 1783 1474 sunt
1810 1442 1894 1474 sub-

1215 1492 1349 1534 eunda,
1366 1506 1445 1539 quae
1466 1503 1672 1539 argumento
1688 1493 1790 1527 nobis
1813 1502 1895 1527 sunt

1217 1545 1300 1579 deos
1322 1558 1394 1579 esse
1411 1547 1599 1580 clementes
1618 1556 1651 1580 et
1665 1548 1775 1591 justos
1786 1572 1795 1588 ‚
1810 1546 1895 1579 viris

1214 1599 1317 1633 bonis
1333 1600 1497 1632 faventes.

1273 1664 1330 1686 12.
1382 1650 1592 1685 Rev-erlandi
1640 1651 1715 1685 MS.
1757 1651 1894 1697 probare

1216 1706 1331 1738 Deum.
1353 1727 1405 1731 -
1424 1705 1575 1738 Probare.
1601 1707 1734 1750 AEquos
1756 1714 1790 1738 et
1809 1716 1894 1750 pro-

1215 1759 1278 1791 bos
1296 1771 1354 1791 eos
1380 1770 1452 1791 esse
1480 1756 1674 1791 ostendere.
1702 1778 1754 1784 -—
1773 1758 1894 1802 Longe

1215 1811 1316 1844 aliter
1335 1809 1378 1844 de
1406 1811 1540 1856 Regulo
1566 1811 1671 1844 sentit
1691 1810 1824 1844 Plinius
1841 1812 1895 1854 ju-

1215 1864 1310 1905 nior,
1346 1864 1407 1897 lib.
1431 1864 1472 1904 I,
1501 1864 1599 1909 epist.
1635 1863 1668 1896 5.
1696 1863 1819 1897 Nescio
1849 1874 1892 1896 an

1215 1915 1309 1949 idem
1330 1916 1450 1949 fuerit.

1091 2045 1264 2100 XIV.

896 2205 961 2231 DE
1001 2203 1168 2232 ARRIA
1208 2204 1269 2231 ET
1309 2204 1468 2232 PAETo.

547 2331 703 2373 CASTA
734 2344 812 2372 suo
844 2326 1034 2387 gladium
1066 2344 1200 2387 quum
1233 2327 1424 2371 traderet
1453 2327 1577 2370 Arria
1605 2328 1748 2382 Paeto,

538 2480 567 2500 1.
594 2466 693 2499 Casta
712 2480 779 2500 suo.
798 2466 1047 2499 Scribonianus
1060 2479 1153 2499 arma

480 2521 515 2553 in
538 2520 680 2565 Illyrico
697 2528 819 2552 contra
835 2518 1022 2552 Claudium
1040 2532 1155 2552 move-

480 2581 531 2606 rat
548 2584 557 2605 :
580 2573 691 2605 fuerat
704 2573 816 2606 Paetus
832 2572 868 2604 in
884 2574 960 2616 ejus
975 2573 1153 2617 partibus3

481 2626 537 2659 cui
552 2624 692 2658 tandem
708 2626 797 2658 mori
816 2633 936 2658 coacto
953 2637 1041 2658 uxor
1055 2625 1155 2659 Arria

481 2678 638 2723 porrexit
650 2676 805 2722 gladium
818 2703 827 2717 ‚
841 2690 911 2722 quo
922 2686 1041 2722 pectus
1050 2691 1156 2711 suum

1214 2465 1434 2511 perfoderat,
1446 2465 1566 2499 addita
1575 2465 1640 2498 hac
1653 2475 1739 2497 voce
1750 2464 1891 2497 immor-

1214 2519 1274 2553 tali
1295 2532 1334 2553 ac
1355 2530 1453 2564 paene
1472 2517 1589 2551 divina
1610 2529 1618 2550 :
1647 2534 1660 2546 α
1680 2517 1793 2558 Paete,
1814 2529 1888 2550 11011

1215 2571 1321 2605 dolet.
1353 2588 1367 2601 n
1399 2571 1456 2605 Sic
1479 2571 1550 2604 fere
1579 2569 1714 2603 Plinius
1748 2569 1888 2615 junior,

1215 2625 1277 2658 lib.
1297 2625 1371 2664 III,
1392 2624 1490 2669 epist.
1516 2626 1567 2656 16.
1593 2621 1686 2656 Vide
1703 2622 1863 2656 Tacitum
1878 2648 1886 2663 ,

1217 2678 1343 2710 Annal.
1366 2677 1464 2709 XVI.
