2061 3288
503 193 598 238 302
878 192 939 235 M.
964 193 1103 236 VAL.
1143 191 1535 238 MARTIALIS

566 284 669 327 Non
698 297 847 326 omnes
878 279 998 325 falles
1021 298 1029 323 z
1057 281 1138 326 seit
1161 291 1204 325 te
1230 283 1489 343 Proserpina
1517 298 1703 338 canum3

637 355 873 396 Personam
903 352 1032 413 capiti
1064 351 1264 396 detrahet
1293 351 1364 396 illa
1393 362 1482 397 tuo.

551 491 583 524 3.
603 491 678 525 Non
699 492 813 523 omneis
823 490 943 533 fallis:⁷
962 502 1041 523 cum
1062 490 1172 523 inter-

494 544 685 591 rogationis
698 551 781 577 nota
793 543 829 576 in
844 542 922 576 Ald.
937 543 1040 576 Junt.
1056 543 1170 576 Colin.

494 607 559 632 etc.
578 619 630 624 ——
649 597 716 631 Scit
740 605 768 629 te
790 597 996 641 Proserpina.
1019 596 1118 629 Jovis
1137 604 1171 630 et

496 651 632 686 Cereris
655 650 724 683 filia
741 676 750 692 ,
769 662 846 695 quae
868 662 884 682 a
903 649 1053 682 Plutone
1071 657 1169 695 rapta

494 713 544 738 est
562 704 598 737 in
618 704 818 749 conjugium
829 729 838 744 ,
855 701 949 735 unde
965 703 1005 734 In
1013 703 1169 735 ferorum

492 758 610 803 regina
626 756 767 790 dicitur.
783 756 852 798 Qui
872 764 987 789 autem
1005 755 1169 788 morituri

490 819 573 844 sunt
586 836 595 851 ‚
616 810 821 855 priusquam
839 822 855 842 a
870 809 1080 854 Proserpina
1094 817 1169 842 ton·

490 863 639 897 deantur
653 889 662 905 ,
675 864 824 896 animam
836 862 954 896 efflare
969 870 1167 907 nequeunt,

492 925 531 950 ut
550 924 679 950 canunt
700 917 827 950 Poetae.
848 916 949 949 Hanc
969 927 1105 948 causam
1124 915 1171 948 af-

489 970 555 1003 fert
569 969 738 1015 Virgilius
753 996 762 1012 ,
780 982 844 1002 cur
866 967 959 1001 Dido
976 967 1170 1002 difficulter

490 1023 640 1057 animam
653 1022 844 1061 emitteret,
863 1022 1019 1061 AEn.1V,
1034 1034 1066 1055 v.
1077 1021 1168 1065 698:

1237 507 1251 520 «ι
1267 489 1439 523 Nondum
1469 490 1519 524 illi
1538 490 1669 524 flavum
1695 491 1905 537 Proserpina

1232 543 1362 577 vertice
1377 543 1509 577 crinem
1531 544 1750 586 Abstulerat,
1768 544 1906 591 Stygio-

1233 608 1303 642 que
1321 604 1425 641 caput
1445 595 1670 631 damnaverat
1686 596 1791 631 Orco.
1808 614 1821 627 n

1286 653 1319 689 4.
1337 650 1522 684 Personam.
1538 649 1688 684 Persona
1708 650 1757 683 sic
1776 649 1906 684 dicitur

1229 701 1311 735 ficta
1337 702 1451 748 imago
1471 703 1606 745 vultus,
1625 716 1685 737 seu
1703 703 1820 737 larva:
1847 702 1906 737 illa

1229 767 1313 789 vero
1333 756 1538 801 capillorum
1557 756 1709 790 tinctura
1731 756 1906 802 eleganter

1228 808 1351 854 capitis
1370 821 1519 854 persona
1535 808 1666 842 dicitur
1683 835 1692 850 ‚
1710 822 1777 855 qua
1793 809 1905 842 ablata

1227 862 1400 895 Lentinus
1436 874 1541 896 canus
1565 861 1744 895 videbitur
1760 888 1769 904 ,
1800 870 1905 908 atque

1230 915 1323 948 Orco
1349 914 1584 957 damnandus3
1608 923 1711 961 caput
1736 915 1841 960 igitur
1863 915 1905 949 si-

1229 968 1301 1001 mul
1326 969 1484 1002 tondebit
1500 976 1533 1002 et
1546 968 1642 1002 larva
1655 967 1804 1002 nudabit
1822 968 1906 1001 Pro-

1229 1021 1380 1067 serpina.

1081 1163 1310 1219 XLIV.

961 1317 1011 1347 IN
1058 1296 1425 1346 metiamtur*

700 1448 943 1489 OCCURRIT
968 1443 1046 1486 tibi
1067 1458 1196 1485 nemo
1218 1441 1336 1502 quod
1360 1440 1543 1485 libenter
1564 1459 1575 1497 3

699 1515 855 1572 Quod,
883 1529 1158 1574 quacumque
1183 1513 1329 1565 venis,
1355 1511 1456 1572 fuga
1478 1521 1563 1568 est,
1585 1522 1628 1556 et
1650 1512 1801 1573 ingens

700 1587 828 1630 Circa
853 1595 918 1639 te,
944 1585 1174 1645 Ligurine,
1197 1581 1383 1626 solitudo
1403 1599 1414 1638 ;

699 1657 817 1714 Quid
844 1657 919 1711 sit,
946 1656 1054 1699 scire
1078 1653 1227 1715 cupis?
1251 1654 1377 1697 nimis
1401 1663 1529 1714 poeta
1555 1670 1626 1697 es:

698 1731 794 1772 Hoc
818 1726 944 1770 valde
970 1726 1121 1769 vitium
1149 1723 1441 1786 periculosum
1463 1734 1541 1768 est.

697 1800 799 1843 Non
824 1798 946 1859 tigris
970 1795 1120 1841 catulis
1145 1796 1276 1839 citata
1301 1795 1457 1856 raptis,

538 1942 551 1956 '¹
566 1946 641 1979 Hoc
660 1945 926 1990 epigrammate,
944 1951 976 1975 et
986 1941 1158 1986 sequenti,

484 2009 518 2033 et
548 2000 655 2046 epigr.
680 2011 700 2031 L
722 1998 828 2038 infra,
857 1995 1070 2029 indefessum
1097 1993 1157 2027 de-

485 2053 576 2088 ridet
606 2063 750 2085 suorum
777 2050 971 2083 carminum
996 2048 1158 2081 recitato-

486 2120 558 2140 rem
571 2105 791 2151 Ligurinum,
801 2104 860 2149 qui
875 2103 1006 2148 probus
1016 2100 1157 2146 quidem

487 2173 524 2194 ac
550 2160 682 2204 integer
699 2183 707 2199 ,
727 2156 787 2191 sed
810 2157 845 2189 in
867 2156 1003 2188 aurium
1025 2153 1158 2200 suppli-

487 2214 579 2246 cium
601 2220 700 2246 natus
716 2237 724 2252 ‚
745 2222 866 2243 omnes
887 2209 976 2242 circa
1002 2220 1036 2240 se
1053 2207 1161 2253 poeti-

487 2279 523 2300 ca
543 2279 602 2299 sua
619 2264 756 2310 fugabat
772 2262 1047 2308 importunitate.
1066 2260 1159 2293 Huic

488 2319 636 2352 similem
657 2318 706 2351 sic
727 2316 839 2362 pinxit
859 2316 993 2349 Bolaeus
1013 2321 1131 2347 noster
1149 2325 1156 2347 :

486 2393 664 2418 Gardvz-vous
682 2392 790 2415 d'imiter
805 2399 832 2415 ce
851 2390 948 2414 rimeur
964 2388 1078 2417 surienx,

483 2440 531 2470 Qui
542 2458 548 2468 ,
562 2439 591 2462 *lc
608 2448 647 2462 ses
661 2440 733 2461 vains
743 2437 818 2461 ecrits
831 2435 926 2460 lecteur
940 2435 1106 2459 harmonieux
1116 2452 1122 2463 ‚

489 2486 586 2510 Aborae
601 2494 631 2508 en
648 2484 756 2508 recitant
771 2482 917 2515 quiconquc
933 2480 956 2504 lc
971 2480 1038 2504 salue
1049 2500 1055 2510 ‚

487 2533 538 2565 Et}
538 2542 594 2555 ›››››
596 2532 645 2555 suit
656 2531 685 2554 de
697 2539 735 2553 ses
749 2538 804 2553 vers
815 2528 850 2552 les
862 2534 976 2561 passarus
988 2528 1051 2551 «lans
1060 2527 1084 2551 la
1096 2536 1154 2551 rur:

484 2581 506 2605 ll
523 2579 584 2603 n’cst
595 2577 687 2611 temple
698 2578 717 2602 si
730 2577 810 2605 saint,
826 2577 871 2601 «les
887 2584 964 2608 anges
975 2575 1088 2608 respecti·
1097 2593 1102 2603 ,

484 2628 531 2658 Qui
551 2626 599 2649 soii
613 2630 699 2649 contro
715 2633 740 2647 sai
757 2631 828 2647 muse
842 2633 876 2646 un
890 2622 941 2646 lieu
959 2623 989 2645 dr
1005 2622 1095 2646 sumni.
1111 2623 1155 2646 En.

1269 1961 1321 1966 —
1344 1940 1383 1972 In
1409 1940 1605 1984 Lrgurilmm
1630 1940 1756 1972 lemma
1782 1948 1833 1973 est
1856 1941 1892 1973 in

1218 1990 1298 2026 edd.
1322 2000 1404 2026 vett.
1423 1993 1462 2025 In.
1477 1993 1663 2036 Ligurinum
1673 2001 1799 2037 poetam.
1814 1992 1893 2027 cod.

1216 2045 1415 2078 Pulmanni.

1273 2103 1304 2138 4.
1320 2099 1423 2131 Nimis
1433 2106 1528 2142 poeta
1541 2111 1582 2130 es.
1597 2097 1761 2132 Horatius
1775 2098 1810 2131 in
1824 2098 1893 2132 fine

1217 2151 1300 2185 artis
1314 2151 1481 2197 poeticae:
1503 2169 1515 2181 ι(
1535 2151 1655 2192 Furit,
1676 2164 1713 2185 ac
1728 2152 1823 2185 velut
1838 2165 1893 2184 ur-

1218 2217 1274 2237 sus
1298 2204 1462 2249 Objeetos
1481 2217 1593 2237 caveae
1609 2205 1719 2237 valuit
1745 2205 1773 2238 si
1800 2205 1892 2238 frana

1218 2270 1299 2302 gere
1309 2258 1471 2297 clathros,
1480 2257 1665 2291 Indoctum
1679 2256 1892 2303 doctumque

1219 2311 1315 2355 fugat
1325 2311 1489 2344 recitator
1505 2311 1667 2352 acerbus;
1682 2311 1796 2353 Quem
1807 2324 1890 2344 vero

1218 2364 1385 2410 arripuit,
1420 2372 1514 2397 tenet
1551 2363 1751 2409 occiditque
1776 2364 1891 2409 legen-

1217 2415 1282 2457 do,
1300 2418 1382 2451 Non
1398 2417 1543 2450 missura
1559 2425 1672 2450 cutem
1683 2442 1693 2458 ,
1707 2417 1772 2450 nisi
1788 2417 1888 2462 plena

1217 2471 1350 2503 cruoris
1361 2495 1370 2511 ,
1386 2468 1526 2503 hirudo.
1547 2470 1613 2503 ΕΙ).

1273 2525 1306 2555 6.
1329 2524 1402 2557 Non
1423 2525 1524 2567 tigris.
1548 2524 1633 2563 Quae
1658 2530 1770 2555 tamen
1796 2522 1887 2568 peri-

1217 2576 1429 2609 culosissima
1447 2584 1496 2608 est
1508 2601 1517 2617 ‚
1535 2574 1618 2608 dum
1639 2575 1788 2620 equitem
1806 2588 1886 2607 suo-

1216 2641 1294 2660 rum
1321 2630 1516 2661 catulorum
1537 2636 1714 2673 raptorem
1736 2628 1887 2673 insequi-
