2061 3288
490 215 581 259 128
861 216 921 259 Μ.
945 217 1088 260 VAL.
1127 218 1518 265 MARTIALIS

1038 367 1330 426 LXXXI.

994 513 1064 540 AD
1125 512 1336 542 CANUM.
1366 493 1385 511 ῃ

551 637 827 692 SponTULA,
852 637 994 691 Cane,
1016 637 1097 680 tibi
1122 653 1324 698 suprema
1350 648 1479 682 nocte
1505 641 1637 701 petita
1665 651 1742 686 est.

619 706 813 763 Occidit,
842 716 971 767 puto,
997 717 1061 763 te,
1089 709 1231 762 Cane,
1259 708 1376 769 quod
1402 725 1488 753 una
1513 710 1606 755 fuit.

532 839 547 853 ⁴¹
563 844 604 876 In
626 843 694 877 hoc
712 844 958 890 epigrammate
980 844 1069 878 nihil
1096 857 1154 877 va-

478 897 572 931 riant
603 905 660 930 aut
682 898 890 943 exemplaria
920 898 1047 944 scripta
1064 923 1073 939 ‚
1096 906 1155 931 aut

479 959 572 996 typis
591 962 723 983 excusa.

531 1004 735 1037 —Avarum
750 1003 936 1050 quemdam
949 1004 1084 1038 Canum
1097 1003 1155 1037 de-

477 1055 571 1089 ridet
590 1057 650 1102 qui
678 1065 781 1090 nocte
804 1057 877 1103 ipsa
901 1069 966 1102 qua
994 1066 1153 1091 mortuus

481 1118 550 1150 est,
570 1110 738 1154 sportulis
759 1118 942 1144 vacaverat
972 1111 1153 1156 postulan-

479 1161 532 1195 dis
553 1174 561 1195 :
590 1161 671 1196 inde
694 1162 740 1196 ait
769 1171 870 1209 poeta
892 1175 971 1196 eum
1005 1176 1154 1197 moerore

479 1215 678 1249 confectum
693 1242 701 1258 ,
714 1215 811 1262 quod
829 1229 935 1250 unam
951 1225 1085 1250 tantum
1099 1230 1153 1251 ac-

478 1268 634 1314 cepisset.

537 1335 567 1355 1.
585 1321 748 1367 Sportula.
766 1318 863 1355 Olim
886 1321 1035 1356 dabatur
1050 1323 1154 1356 clien-

479 1375 574 1408 tibus
605 1388 699 1409 coena
736 1383 849 1417 recta;
887 1388 961 1410 eam
992 1377 1086 1410 Nero
1115 1377 1152 1410 in

1213 845 1406 890 sportulam
1437 854 1651 888 mutaverat,
1681 847 1748 881 hoc
1773 856 1823 882 est
1846 849 1882 882 iu

1213 897 1299 930 cibis
1325 898 1384 943 qui
1407 911 1425 931 e
1455 900 1595 944 patroni
1620 913 1735 934 mensa
1764 902 1881 934 mitte-

1212 950 1346 984 bantur
1363 952 1398 984 in
1421 960 1527 996 sporta
1542 979 1551 992 ,
1575 953 1646 986 sive
1668 954 1792 986 calatho
1806 981 1814 994 ‚
1839 953 1882 987 ad

1212 1003 1354 1037 clientes
1374 1004 1409 1037 in
1432 1005 1522 1038 atrio
1541 1014 1800 1051 exspectantes:
1821 1006 1882 1041 de-

1212 1055 1322 1102 nique
1341 1070 1406 1102 pro
1425 1058 1564 1102 sportula
1579 1066 1612 1091 et
1628 1059 1731 1101 cibis,
1744 1058 1822 1092 data
1833 1069 1882 1094 est

1212 1110 1358 1154 pecunia
1373 1136 1381 1151 ,
1402 1123 1529 1156 nempe
1550 1120 1690 1144 centum
1709 1111 1886 1158 quadran-

1213 1170 1275 1196 tes.
1290 1163 1509 1198 Domitianus
1520 1189 1529 1206 ,
1543 1164 1720 1210 antiquato
1736 1165 1888 1199 Neronis

1212 1214 1349 1256 edicto,
1368 1217 1543 1250 revocavit
1568 1229 1681 1251 coenas
1704 1226 1833 1259 rectas,
1855 1226 1890 1252 et

1213 1269 1405 1314 sportulam
1429 1270 1577 1303 sustulit.
1603 1269 1689 1304 Vid.
1716 1271 1776 1304 lih.
1807 1271 1862 1304 III
1878 1297 1888 1313 ‚

1213 1321 1323 1367 epigr.
1341 1334 1393 1355 vn
1415 1331 1448 1356 et
1469 1335 1530 1356 xw
1545 1348 1554 1363 ‚
1571 1331 1635 1356 etc.
1652 1344 1704 1350 --
1724 1323 1796 1356 Una
1806 1326 1885 1367 fuit.

1215 1374 1321 1415 Quod
1344 1387 1446 1408 avaro
1466 1376 1775 1410 luctuosissimum.

1010 1512 1347 1569 LXXXII.

957 1656 1023 1684 AD
1062 1656 1409 1687 SOSIBIANUM.

547 1783 582 1825 E
610 1797 735 1825 servo
762 1780 842 1824 scis
868 1789 910 1824 te
937 1781 1155 1841 genitum,
1177 1781 1422 1842 blandeque
1447 1782 1615 1836 fateris,

617 1852 766 1909 Quum
798 1850 905 1895 dicis
931 1851 1180 1908 dominum,
1203 1853 1451 1909 Sosibiane‚
1474 1865 1654 1913 patrem.

532 2003 564 2024 Ι.
588 1989 622 2023 Α
643 2002 729 2022 servo
753 1988 831 2022 cod.
851 1989 989 2023 Thuan.
1009 1990 1041 2022 E
1060 2003 1145 2022 servo

474 2055 594 2076 omnes
622 2042 678 2075 alii
706 2042 797 2076 libri.
821 2042 1091 2076 Musambertius
1110 2043 1145 2075 in

472 2096 592 2129 libello
629 2103 749 2129 contra
778 2095 933 2128 Ramires
962 2094 1006 2127 de
1033 2094 1145 2128 Prado

473 2149 680 2195 ipsissimam
719 2148 851 2181 Valerii
891 2160 1033 2180 manum
1074 2160 1146 2181 esse

473 2201 657 2236 contendit
673 2213 681 2234 t
700 2201 733 2234 E
752 2214 838 2233 serva
857 2202 916 2233 scis
937 2208 965 2233 te
981 2202 1142 2244 genitum,

473 2264 553 2295 ete.‚
566 2267 632 2301 qua
646 2256 845 2299 conjectura
856 2253 944 2287 nihil
958 2253 1084 2287 certius
1093 2254 1145 2286 vi·

473 2308 576 2342 detur
589 2307 753 2341 Heraldo.
767 2309 812 2340 At
824 2307 966 2340 consule
981 2319 1051 2339 var.
1069 2315 1143 2340 not.

473 2383 524 2388 —-
540 2362 574 2394 E
589 2374 685 2394 servo.
699 2360 900 2393 Sosibianus
913 2372 957 2393 ex
973 2358 1144 2392 adulterio

472 2414 599 2447 nobilis
627 2422 795 2447 matronae
818 2425 898 2446 cum
921 2425 1020 2445 servo
1043 2420 1145 2445 natus

475 2475 569 2507 erat,
588 2475 621 2500 et
642 2467 733 2499 illius
750 2478 916 2499 maironae
935 2466 1049 2498 virum
1062 2490 1071 2506 ‚
1088 2477 1145 2498 cu-

469 2521 523 2564 jus
543 2519 637 2552 filius
656 2519 1027 2565 putabatur-‚dominum
1049 2519 1141 2552 blan·

472 2571 601 2606 diendo
621 2572 793 2606 vocitabat
812 2584 820 2605 :
841 2573 946 2606 Recte
963 2571 1044 2605 facis
1059 2597 1067 2612 ‚
1088 2571 1143 2604 ‚in-

471 2626 549 2672 quit
571 2633 680 2666 vates;
703 2634 738 2658 tu
756 2638 796 2658 ex
816 2625 909 2658 illius
925 2637 1024 2658 servo
1042 2634 1142 2658 natus

473 2691 531 2713 es:
553 2690 661 2712 verna
681 2691 717 2711 es
743 2678 848 2723 igitur
871 2677 1023 2723 ejusdem
1037 2702 1047 2718 ‚
1070 2690 1141 2710 non

1205 1989 1308 2022 filius.
1329 2010 1380 2016 —-
1399 1988 1505 2030 Quod
1519 2001 1644 2034 nempe
1658 1996 1768 2022 mater
1780 1988 1878 2023 adul-

1206 2050 1277 2075 tera
1306 2054 1347 2075 ex
1377 2055 1475 2075 servo
1502 2042 1706 2087 suscepisset
1726 2042 1877 2076 Sosihia-

1205 2107 1288 2127 num
1310 2095 1391 2128 :vel
1420 2095 1509 2128 forte
1536 2095 1659 2128 melius
1687 2094 1875 2140 legendum

1205 2149 1240 2180 E
1264 2161 1349 2180 serva
1363 2156 1376 2185 ,“
1406 2160 1514 2193 quum
1539 2148 1632 2181 enim
1659 2156 1771 2192 par-tus
1797 2160 1876 2180 ven-

1206 2208 1279 2233 trem
1304 2209 1468 2246 sequatur,
1502 2212 1543 2234 ex
1571 2213 1666 2234 serva
1696 2210 1731 2235 et
1760 2208 1875 2246 patre·

1204 2253 1349 2287 familias
1386 2262 1489 2286 natus
1526 2253 1729 2287 Sosibianus
1757 2265 1874 2286 servus

1203 2314 1272 2347 est,
1292 2315 1325 2340 et
1354 2315 1488 2351 patrem
1514 2306 1618 2340 hahet
1649 2304 1809 2339 eumdem
1841 2314 1875 2338 et

1204 2358 1402 2392 dominum.
1415 2358 1498 2393 Vid.
1515 2359 1622 2405 epigr.
1640 2371 1760 2399 mxxv,
1771 2357 1872 2391 infra.

1205 2427 1218 2438 «
1247 2413 1401 2445 Uxorem
1442 2410 1636 2445 habendam
1671 2423 1743 2443 non
1773 2418 1872 2455 putat

1203 2465 1410 2507 Quirinalis:
1421 2465 1538 2506 Quum
1553 2464 1627 2497 vult
1641 2463 1768 2496 habere
1783 2463 1873 2495 filios

1203 2526 1237 2551 et
1256 2518 1386 2551 invenit
1404 2518 1484 2559 Quo
1502 2516 1611 2563 possit
1629 2514 1723 2549 istud
1747 2528 1843 2549 more
1861 2528 1871 2557 ;

1203 2571 1309 2604 futuit
1321 2570 1458 2604 ancillas
1467 2596 1475 2611 ‚
1491 2571 1712 2614 Domumque
1726 2577 1760 2602 et·
1772 2581 1870 2614 agros

1202 2624 1323 2669 implet
1339 2623 1513 2668 equitibus
1527 2622 1653 2655 vernis.
1670 2621 1870 2655 Paterfami-

1199 2677 1261 2710 lias
1280 2689 1379 2711 verus
1401 2684 1449 2709 est
1469 2675 1671 2716 Quirinalis.
1695 2692 1708 2704 »ι
