2061 3288
458 222 549 268 163

821 225 881 267 Μ.
918 225 1057 267 VAL.
1097 226 1488 269 MARTIALIS

451 311 564 355 licet.
592 312 920 371 Epigrammata
944 311 1156 355 Curione¹
1178 329 1266 356 non
1293 323 1442 374 egent,
1466 323 1508 357 et
1534 322 1738 357 contenta
1765 324 1865 358 sunt

455 398 554 434 sua,
580 381 623 424 id
656 391 745 435 est,
778 381 892 425 mala
923 381 1111 443 lingua.²
1144 385 1196 426 In
1228 400 1502 444 quacumque
1534 384 1692 444 pagina
1722 385 1864 428 visum

455 461 544 505 est,
581 451 807 513 epistolam
847 453 1022 496 faciunt.
1057 452 1159 497 Noli
1196 470 1331 514 ergo,
1365 455 1400 498 si
1437 454 1514 498 tibi
1547 453 1742 510 videtur,
1775 471 1865 498 rem

456 522 599 566 facere
636 522 888 574 ridiculam,
921 533 963 567 et
1001 533 1147 584 togam
1182 514 1374 568 saltanti3
1414 524 1619 569 inducere
1658 541 1865 585 personae.

457 594 659 653 Denique
678 585 876 650 videasst'
899 611 953 638 an
985 604 1026 638 te
1052 593 1237 638 delectet
1266 604 1417 639 contra
1445 586 1689 639 retiarium⁵
1718 594 1867 639 ferula.

519 771 546 788 1.
587 756 734 790 Curione.
770 757 878 790 Curio
914 756 1058 802 proprie
1086 765 1138 790 est

462 808 534 842 dux
545 809 649 842 curiae
658 822 666 851 3
674 809 732 842 hic
742 810 912 855 significat
923 822 1136 855 praeconem:

462 862 635 907 populum
658 863 854 896 Romanum
876 862 994 896 divisit
1008 863 1141 895 Romu·

462 915 517 947 lus
536 915 572 947 in
593 923 660 948 tres
682 924 815 960 partes,
833 929 917 961 quas
946 916 1057 948 tribus
1080 928 1140 961 ap-

464 967 628 1013 pellavit,
655 969 767 1001 tribus
786 969 937 1014 singulas
964 969 1000 1002 in
1020 967 1140 1002 decem

464 1021 577 1053 curias
600 1033 608 1053 :
638 1020 799 1055 tribubus
823 1023 1007 1061 tribunos,
1033 1022 1142 1055 curiis

465 1073 628 1106 curiones
639 1099 648 1114 ,
666 1073 817 1108 decuriis
832 1074 1041 1108 decuriones
1054 1087 1142 1120 prae-

467 1126 561 1160 fecit.
599 1127 702 1160 Sacra
735 1127 801 1160 sibi
830 1128 972 1174 propria
1001 1128 1144 1173 singulae

467 1180 572 1213 curiae
591 1180 786 1221 habebant,
811 1193 975 1214 accensos
1002 1189 1034 1214 et
1054 1193 1144 1226 prae-

469 1245 574 1266 cones
589 1246 684 1273 suos,
698 1234 758 1279 qui
772 1234 989 1267 vocabantur
1004 1245 1145 1279 quoque

470 1286 644 1320 curiones.
676 1287 728 1319 De
756 1287 904 1320 curione.
929 1287 1062 1319 Plinius
1085 1287 1146 1319 Se-

470 1338 607 1372 cundus
622 1365 631 1380 ‚
651 1339 710 1372 lib.
734 1341 799 1380 IV,
819 1340 918 1385 epist.
948 1353 967 1384 7
991 1352 999 1373 :
1027 1357 1039 1368 α
1060 1339 1148 1372 Scri-

472 1392 542 1436 psit
559 1392 715 1437 publice,
738 1400 777 1425 ut
792 1404 809 1424 e
825 1393 1027 1426 curionibus
1044 1393 1148 1436 elige-

471 1453 571 1477 retur
589 1445 824 1478 vocalissimus
851 1445 976 1490 aliquis
1000 1457 1040 1478 ex
1066 1445 1149 1490 ipsis

473 1498 535 1543 qui
556 1498 683 1543 legeret
702 1510 781 1530 eum
802 1499 938 1543 populo
961 1516 974 1527 »
992 1511 1000 1539 ;
1020 1498 1150 1531 librum

474 1551 646 1595 intellige,
665 1563 768 1596 quem
794 1551 977 1597 scripserat
998 1551 1150 1596 Regulus

476 1603 520 1636 de
535 1605 605 1637 vita
624 1603 686 1636 {ilii
705 1604 758 1636 sui
773 1604 1041 1637 mortui.—Cf.
1060 1613 1150 1636 nost.

477 1656 532 1690 ed.
552 1657 610 1689 ubi
626 1657 724 1689 locus
740 1657 805 1690 iste
818 1657 918 1690 aliter
935 1656 1064 1690 editur.
1082 1657 1150 1690 En.

533 1724 565 1742 2>
587 1710 678 1742 Mala
692 1710 815 1753 lingua.
827 1710 904 1743 Hoc
917 1719 983 1751 est,
999 1709 1151 1743 mordaci

478 1771 512 1796 et
534 1763 656 1796 libera.
677 1785 730 1789 —-
758 1764 936 1808 Epistolam
950 1764 1089 1805 sac-imit.
1111 1762 1154 1795 Id

479 1827 546 1856 est,
565 1825 718 1849 mentem
742 1828 839 1848 suam
864 1817 994 1862 ubique
1021 1816 1154 1861 aperire

479 1878 594 1915 potest
613 1869 901 1915 epigrammatum
921 1869 1080 1915 scriptor.

537 1922 555 1954 3
596 1923 741 1967 Legitur
761 1931 819 1956 et:
843 1925 874 1954 in
894 1931 969 1967 toga
988 1922 1156 1955 saltantem

482 1976 816 2020 induc„repersonam,·
831 1975 907 2009 Ald.
924 1976 1022 2009 Junt.
1037 1976 1139 2009 Colin
1149 2002 1155 2009 .

482 2028 623 2073 Gryph.
657 2029 802 2062 Juniau.
845 2030 954 2073 Lang.
996 2029 1155 2062 Pulman.

482 2082 608 2127 Delph.
635 2089 698 2114 etc.
729 2082 881 2122 habent,
909 2091 949 2120 el,
968 2091 1072 2126 togam
1092 2082 1157 2114 sal-

483 2136 565 2166 lanlc'
584 2135 726 2167 inducere
741 2148 908 2180 personaef
931 2144 963 2168 et
984 2136 1032 2167 sic
1052 2134 1155 2168 codd.

483 2188 644 2232 Cagnerii
662 2203 669 2225 ;
688 2188 756 2221 hoc
785 2201 890 2233 quare
907 2189 1061 2221 Grutero
1087 2187 1157 2220 dis-

482 2241 644 2284 plicuerit
676 2242 798 2286 quaerit
817 2242 1020 2275 Scriverius.
1043 2240 1156 2274 Codd.

483 2294 626 2326 Gruteri
671 2295 802 2327 saltanti
843 2303 1036 2335 testantur;
1079 2293 1156 2327 cod.

482 2347 590 2379 Scriv.
621 2348 797 2380 saltantem.
821 2369 874 2374 ·-—
895 2349 942 2380 Et
967 2357 1071 2392 togam
1094 2348 1158 2379 sal-

485 2402 577 2433 tanti.
594 2398 785 2433 Gravitatis
806 2409 840 2434 et
861 2400 1038 2447 dignitatis
1060 2413 1159 2433 causa

484 2452 576 2484 cives
596 2454 731 2485 romani
751 2455 942 2487 utebwntur
962 2463 1040 2499 toga
1057 2480 1065 2495 ,
1092 2467 1159 2499 qua

484 2504 672 2538 ridiculum
692 2508 951 2551 pantomimum
965 2506 1067 2539 indui
1088 2520 1158 2539 non

483 2558 712 2592 convenisset.
726 2559 863 2593 Idcirco
878 2561 1000 2600 Poeta,
1014 2560 1075 2593 lib.
1094 2561 1158 2601 VI,

485 2611 592 2656 epigr.
624 2624 720 2649 xxiv,
745 2612 867 2646 irridet
888 2612 1073 2658 quemdam
1094 2614 1158 2646 Ca-

484 2664 651 2697 risianum
662 2691 668 2702 ,
681 2665 739 2710 qui
755 2665 991 2699 Saturnalium
1002 2675 1158 2711 tempore

1197 765 1334 803 togatus
1356 757 1574 799 ambulabat,
1596 756 1681 790 dum
1703 757 1784 800 alii,
1808 770 1872 803 po-

1198 810 1271 844 sitis
1291 810 1397 855 togis,
1415 811 1596 856 syntheses
1612 809 1874 844 induerent.-—-

1199 863 1325 896 Sensus
1343 871 1412 904 est,
1432 862 1513 896 Noli
1532 863 1712 898 versiculis
1730 864 1799 896 tuis
1819 863 1874 895 lu-

1200 915 1306 949 dicris
1325 916 1450 949 seriam
1467 916 1647 961 epistolam
1669 916 1848 961 praefigere
1865 941 1874 957 ,

1200 969 1268 1002 hoc
1291 970 1385 1002 enim
1404 968 1612 1002 indecorum
1633 968 1784 1002 videtur.
1804 969 1872 1002 ΕΙ).

1257 1026 1290 1062 4.
1318 1023 1460 1068 Denique
1478 1023 1597 1055 videris
1610 1049 1618 1062 ,
1640 1022 1677 1055 in
1703 1021 1788 1055 aliis.
1808 1022 1876 1054 De-

1203 1077 1294 1120 nique
1303 1075 1426 1115 videas,
1440 1088 1481 1107 an
1493 1083 1520 1107 te
1530 1075 1645 1108 Pulm.
1657 1075 1798 1108 Junian.
1812 1082 1877 1108 etc.

1259 1128 1294 1161 5.
1316 1128 1436 1161 Contra
1452 1130 1610 1160 retiarium
1617 1128 1738 1171 ferula.
1753 1126 1796 1160 Id
1810 1135 1879 1169 est,

1205 1181 1322 1226 inquit
1340 1181 1477 1227 Lipsius
1497 1181 1730 1214 Saturnalium
1749 1193 1879 1214 sermo-

1204 1246 1292 1266 num
1315 1234 1377 1267 lib.
1393 1235 1428 1272 I,
1453 1246 1527 1280 cap.
1551 1234 1593 1267 15
1610 1260 1618 1275 ,
1640 1249 1652 1261 τι
1670 1233 1780 1267 Rudis
1795 1245 1880 1266 con-

1207 1295 1258 1319 tra
1280 1286 1468 1320 tridentem
1494 1299 1530 1328 »3
1550 1286 1646 1320 rudis
1674 1295 1790 1319 autem
1809 1286 1881 1331 gla-

1207 1338 1286 1372 dius
1317 1349 1391 1372 erat
1417 1352 1435 1373 e
1468 1340 1586 1385 lign03
1614 1339 1774 1373 retiarius
1799 1351 1882 1372 vero

1212 1391 1364 1425 tridente
1382 1393 1496 1425 ferreo
1515 1393 1689 1425 utebatur.
1710 1392 1730 1425 J
1736 1405 1791 1425 uv.
1812 1391 1882 1424 Sat.

1210 1445 1319 1485 VIII,
1343 1458 1409 1478 202
1430 1457 1437 1476 ε
1464 1462 1476 1474 α
1496 1445 1616 1478 Movet
1647 1456 1725 1478 ecce
1753 1443 1885 1477 triden-

1211 1506 1293 1530 tem.
1322 1515 1335 1527 ι
1360 1497 1458 1531 Idem
1480 1497 1618 1543 Lipsius
1649 1497 1884 1531 Saturnalium

1210 1563 1412 1584 sermonum
1428 1551 1488 1584 lib.
1508 1552 1543 1584 II
1560 1576 1569 1592 ‚
1589 1563 1663 1597 cap.
1684 1552 1719 1584 8.
1734 1549 1885 1584 Tridens

1211 1604 1304 1636 enim
1327 1604 1397 1637 sive
1422 1604 1555 1637 fuscina
1576 1604 1648 1645 illi,
1667 1616 1733 1649 pro
1757 1602 1883 1648 gladic.

1212 1657 1386 1690 Domitius
1399 1657 1571 1690 existimat
1580 1656 1807 1702 proverbium
1819 1657 1887 1689 hoc

1213 1709 1282 1743 dici
1311 1710 1347 1742 in
1378 1722 1436 1743 eos
1467 1710 1528 1755 qui
1554 1710 1694 1742 infirmo
1726 1708 1887 1755 praesidio

1213 1770 1335 1796 contra
1355 1764 1503 1796 maxime
1518 1762 1729 1796 instructum
1751 1775 1887 1808 pugna-

1213 1816 1297 1848 bant
1316 1828 1324 1849 :
1347 1816 1395 1849 sic
1415 1825 1535 1849 contra
1551 1816 1800 1849 obtrectatores
1814 1815 1888 1860 epi-

1214 1869 1301 1902 stola
1320 1868 1508 1902 defendere
1523 1881 1557 1902 se
1575 1881 1644 1901 non
1664 1867 1786 1901 debuit
1798 1869 1889 1900 Mar-

1215 1922 1325 1962 tialis,
1343 1921 1403 1955 sed
1421 1922 1668 1968 epigrammate
1681 1947 1690 1963 ‚
1705 1934 1774 1966 quo
1787 1921 1890 1954 vehe-

1217 1976 1368 2008 mentior
1394 1984 1477 2009 erat.
1515 1975 1639 2008 Sensus
1672 1983 1722 2007 est
1755 1975 1862 2019 igitur
1879 1986 1888 2006 :

1218 2030 1309 2062 Cave
1336 2042 1380 2061 ne
1412 2028 1504 2061 idem
1532 2028 1634 2061 facias
1664 2040 1702 2061 ac
1724 2027 1890 2060 mirmillo

1217 2082 1277 2126 qui
1290 2090 1410 2114 contra
1424 2082 1602 2115 retiarium
1617 2082 1706 2114 bene
1719 2089 1890 2114 armatum

1218 2143 1374 2168 uteretur
1406 2135 1520 2180 ligneo
1545 2135 1695 2175 bacillo,
1721 2142 1754 2167 et
1783 2133 1891 2167 debili

1218 2187 1327 2220 ferula
1349 2199 1356 2220 τ
1385 2188 1442 2221 hic
1469 2188 1585 2231 serula„⁷
1619 2187 1780 2221 meminit
1811 2186 1891 2233 quia

1217 2240 1422 2286 gladiatores
1456 2253 1577 2274 recens
1607 2241 1798 2281 auctorati,
1821 2243 1892 2273 sive

1218 2293 1389 2335 mercede,
1399 2302 1436 2327 ut
1448 2293 1702 2340 depugnarent,
1713 2292 1892 2332 conducti,

1219 2356 1297 2380 ante
1325 2360 1429 2393 quam
1457 2348 1550 2381 ferro
1580 2356 1612 2380 et
1645 2346 1753 2379 solitis
1790 2346 1892 2379 armis

1219 2400 1481 2445 accingerentur
1495 2427 1504 2441 ,
1539 2400 1704 2445 vapulare
1737 2399 1894 2431 solebant

1221 2454 1338 2486 ferulis
1356 2466 1418 2499 per
1436 2456 1553 2498 jocum
1573 2454 1614 2486 ab
1634 2453 1707 2485 aliis
1726 2451 1893 2496 gladiato·

1218 2507 1334 2547 ribus,
1348 2507 1443 2552 quasi
1460 2519 1523 2552 pro
1537 2505 1707 2551 auspicio,
1722 2513 1755 2537 et
1770 2513 1810 2537 ut
1823 2504 1895 2549 pla-

1220 2560 1269 2605 gis
1285 2568 1527 2593 assuescerent.
1539 2560 1782 2590 —Retia1·i1m2.
1799 2559 1895 2590 Inter

1219 2612 1423 2657 gladiatores
1469 2611 1540 2645 duo
1582 2611 1730 2644 maxime
1769 2622 1894 2655 genera

1219 2675 1318 2698 erant
1344 2665 1486 2710 insignia
1506 2677 1514 2697 :
1537 2664 1634 2697 alteri
1655 2666 1774 2696 retiarii
1791 2675 1893 2696 voca-
