2061 3288
440 211 1030 258 EPIGRAMMATUM
1067 211 1194 253 LIB.
1232 211 1318 253 IV.
1493 206 1591 263 443

384 302 442 345 Et
467 309 610 345 certos
630 299 777 361 jaculo
803 298 888 344 levi
910 298 1070 352 Silaos,

385 371 705 432 Ttirgentisque
735 370 880 425 lacus,
913 370 1207 430 Petusiaequc‚

384 444 443 486 Et
472 457 619 503 parvae
650 441 762 486 vada
788 457 899 503 pura
927 440 1191 495 Vetonissae‚

383 514 441 557 Et
465 522 665 558 sanctum
687 512 927 556 Buradonis
949 511 1141 555 ilicetum
1155 545 1167 565 ‚

386 586 469 627 Per
500 583 618 644 quod
646 582 715 627 vel
745 584 870 644 piger
899 581 1095 626 ambulat
1122 582 1288 636 viator;

386 656 444 698 Et
469 671 565 716 quae
591 654 778 698 fortibus
806 653 964 698 excolit
984 653 1198 714 juvencis,

387 727 546 769 (Jurvae
570 724 762 769 Manlius
791 741 896 769 arva
921 724 1183 768 Matinessae.

384 798 488 840 Haec
519 805 608 840 tam
634 796 822 852 rustica,
846 794 1028 840 delicate
1056 793 1216 849 lector,

384 866 518 911 Rides
542 866 753 911 nomina?
776 866 915 911 rideas
942 866 1099 911 licebit.

383 939 487 982 Haec
516 948 605 982 tam
636 939 798 983 rustica
827 937 966 994 malo,
987 953 1119 998 quam
1146 936 1389 980 Bituntum.

231 1073 287 1094 20.
303 1060 418 1094 Suevos
431 1061 467 1094 in
479 1060 560 1094 Ald.
572 1062 670 1095 Junt.
682 1068 717 1095 et
730 1061 848 1096 Colin.

174 1113 298 1147 Suellos
322 1114 405 1159 legit
426 1113 606 1157 Raderus3
630 1115 690 1148 alii
708 1114 825 1148 Suebos
839 1140 848 1154 ,

174 1167 229 1200 vel
249 1166 384 1201 Silebos.
407 1167 565 1201 Raderus
587 1167 674 1202 dicit
695 1168 853 1201 Suellum

175 1233 235 1253 seu
256 1220 399 1254 Suelum
424 1220 599 1266 oppidum
624 1233 696 1254 esse
726 1221 853 1266 Hispa-

175 1273 241 1306 niae
253 1299 262 1314 ‚
278 1273 385 1306 hodie
399 1274 539 1307 Molesta.
550 1295 603 1300 -—
615 1273 725 1307 Certos
728 1274 853 1319 jaculo,

175 1326 281 1368 Quia
298 1339 405 1372 scopo
430 1339 502 1360 non
527 1327 710 1370 aberrant,
741 1340 853 1372 quum

179 1379 345 1413 emittunt
365 1381 536 1425 jaculum.

231 1445 247 1465 2
259 1445 291 1466 1.
312 1434 498 1478 Tit-emtique
516 1434 602 1466 lactas
619 1432 732 1467 codex
751 1432 853 1466 Bodl.

180 1486 212 1519 T
211 1488 385 1532 musiceque
406 1487 493 1519 lacus
514 1486 549 1519 in
570 1487 677 1520 Palat.
704 1488 735 1519 T
735 1489 854 1519 urenti-

175 1552 233 1585 que
258 1539 344 1572 lacus
363 1539 573 1572 Beverlandi
594 1540 670 1573 MS.
700 1540 854 1572 Tul-isice-

175 1605 233 1638 que
256 1592 366 1635 lacus,
393 1592 449 1626 vel
480 1593 677 1638 Petusicequc
704 1594 790 1626 lacus
818 1593 854 1625 in

176 1645 262 1679 aliis.

230 1711 288 1732 22.
318 1700 493 1732 Tovem'ssae
517 1699 553 1732 in
582 1698 660 1733 Ald.
691 1700 791 1732 Junt.
821 1708 856 1733 et

175 1752 290 1786 Colin.
314 1753 507 1785 Teutonissae
525 1752 562 1784 in
582 1752 656 1785 aliis
672 1765 682 1794 ς
707 1753 856 1785 Vetonis-

175 1818 219 1837 5ae
240 1805 278 1837 in
297 1805 485 1838 Pulmanni
504 1803 637 1838 codice.

233 1857 291 1891 23.
310 1859 490 1891 Dw'atonis
510 1858 546 1890 in
565 1857 646 1891 edd.
668 1866 754 1892 vett.
773 1857 852 1891 Ald.

174 1911 273 1944 Jtult.
289 1911 404 1945 Colin.
423 1911 561 1958 Gryph.
580 1919 646 1944 etc.
661 1911 719 1944 alii
736 1912 856 1956 legunt

175 1965 375 2005 Buradonis,
397 1965 452 1998 vel
476 1966 679 1998 Purateonis.
704 1986 756 1991 —-
773 1965 856 1998 San-

176 2025 269 2050 ctam.
287 2018 381 2059 Quia
399 2018 540 2051 numini
557 2018 658 2051 alicui
674 2030 854 2051 consecra-

176 2078 249 2104 tum
263 2097 272 2112 ‚
291 2079 350 2104 aut
369 2071 450 2116 quia
468 2069 669 2104 incaeduum
689 2079 723 2104 et
741 2071 855 2104 invio-

176 2123 287 2157 latum
303 2124 407 2157 ferro.
426 2124 482 2158 Sic
497 2123 589 2170 apud
608 2124 771 2170 antiquos
791 2137 852 2157 sae-

176 2177 258 2222 pius
275 2190 364 2209 sacer
381 2178 466 2210 lucus
479 2204 488 2217 ,
507 2190 630 2209 sacrum
652 2190 767 2211 nemus.
785 2178 852 2211 ED-

177 2250 230 2259 —
244 2230 398 2263 Ilicetum.
418 2231 532 2263 Locus
554 2239 605 2263 est
623 2230 660 2262 in
679 2243 752 2275 quo
771 2243 855 2264 con-

177 2281 250 2315 sitae
266 2291 347 2316 sunt
367 2284 487 2317 multae
510 2283 616 2316 ilices.

235 2340 294 2376 24.
311 2337 358 2368 Et
372 2336 458 2381 quod
470 2335 551 2370 Ald.
569 2336 669 2369 Junt.
687 2343 721 2368 et
738 2335 854 2369 Colin.

177 2388 229 2421 Et
241 2401 311 2434 ques
330 2388 366 2421 in
382 2389 468 2422 aliis.
491 2411 544 2415 -—
561 2389 718 2422 Ambulat
736 2391 854 2423 viator.

178 2441 288 2486 Cujus
301 2442 499 2475 amoenitate
513 2450 633 2487 captus
646 2442 778 2479 viator,
794 2443 856 2476 etsi

177 2494 286 2527 fessus
308 2503 342 2527 et
360 2494 566 2540 languidus,
579 2494 696 2527 locum
718 2507 791 2527 non
810 2495 856 2527 si-

177 2559 222 2580 ne
238 2547 337 2580 molli
355 2548 534 2593 voluptate
555 2547 786 2592 perambulat.
804 2548 856 2580 An

178 2600 259 2644 quia
284 2600 380 2634 locus
409 2601 467 2634 hic
495 2600 638 2634 declivis
666 2609 700 2633 et
724 2613 857 2645 pronus

179 2661 252 2686 erat
268 2679 277 2694 ‚
296 2662 337 2687 ut
353 2654 429 2687 vult
448 2653 638 2688 Brodaeus?

235 2705 277 2739 25
305 2707 353 2739 Et
368 2708 452 2753 qnod
470 2708 504 2740 in
525 2706 741 2741 editionibus
764 2716 850 2740 vett.

971 1063 1030 1094 26.
1052 1060 1166 1094 Cui-vce
1183 1059 1338 1093 Manilius
1353 1058 1390 1091 in
1403 1058 1502 1090 Junt.
1519 1057 1593 1090 Ma-

915 1116 1032 1147 linense
1053 1112 1262 1147 Rex-erlandi
1290 1111 1365 1145 MS.
1388 1112 1407 1143 l
1418 1111 1566 1143 'atinessae
1584 1137 1593 1149 ‚

914 1168 968 1201 vel
1002 1168 1177 1200 Vativessoe
1205 1166 1243 1199 in
1276 1165 1362 1198 aliis.
1387 1186 1440 1190 —
1469 1164 1594 1197 Curva).

915 1222 957 1253 In
990 1221 1081 1254 clivo
1112 1220 1247 1266 positae.
1282 1220 1348 1252 ΕΙ).
1371 1239 1423 1244 ——
1439 1217 1593 1250 Manlius.

915 1275 1054 1307 Nomen
1073 1273 1198 1319 populi
1223 1272 1267 1305 ad
1286 1272 1408 1305 urbem
1428 1270 1595 1303 Matines-

914 1340 986 1360 sam
1000 1339 1009 1368 3
1031 1336 1091 1360 aut
1108 1326 1211 1360 unius
1227 1338 1268 1359 ex
1284 1325 1402 1358 amieis
1414 1323 1595 1357 Martialis.

971 1382 1031 1414 28.
1053 1378 1261 1414 Beverlandi
1277 1379 1351 1411 MS.
1374 1377 1499 1410 ridebis.

972 1446 1029 1478 29.
1053 1434 1212 1466 Bitnnnos
1236 1433 1273 1465 in
1292 1430 1414 1465 codice
1432 1430 1595 1463 vatican.

914 1487 1189 1520 Musambertius
1223 1484 1412 1530 legendum
1451 1492 1570 1516 censet
1587 1508 1597 1524 ‚

916 1540 1110 1580 Britannos,
1133 1538 1228 1585 quod
1247 1539 1380 1571 habent
1397 1535 1478 1571 Ald.
1497 1537 1596 1569 Junt.

917 1601 951 1626 et
964 1594 1078 1627 Colin.
1099 1602 1137 1626 ut
1154 1593 1198 1626 sit
1212 1591 1394 1626 contentio
1410 1591 1502 1623 inter
1516 1602 1600 1635 pro·

916 1647 1048 1680 vincias
1078 1646 1327 1692 Hispaniarum
1352 1652 1386 1677 et
1405 1644 1597 1676 Britanno-

916 1712 1008 1733 rum.
1020 1700 1090 1732 Alii
1107 1700 1228 1745 legunt
1243 1699 1402 1732 Butuntos
1416 1711 1429 1737 ;
1449 1696 1507 1729 alii
1518 1721 1528 1737 ,
1540 1696 1599 1729 Βί-

918 1752 1030 1785 tzmdos
1044 1767 1056 1791 ,·
1071 1753 1129 1785 alii
1143 1779 1151 1793 ,
1171 1753 1333 1785 Bituntos.
1350 1773 1404 1778 ——
1420 1751 1595 1783 Bicuntum.

916 1805 978 1838 Est
1001 1805 1208 1838 vilissimum
1234 1804 1371 1849 Apuliae
1398 1802 1571 1849 oppidum
1587 1828 1597 1842 ‚

917 1857 1013 1903 quod
1043 1859 1196 1891 nominis
1220 1858 1273 1890 sui
1306 1857 1497 1889 rusticitate
1512 1880 1521 1896 ‚
1551 1863 1599 1887 at·

917 1924 984 1956 que
998 1912 1071 1957 agri
1084 1912 1253 1945 tenuitate
1269 1909 1411 1943 videtur
1431 1908 1597 1941 omnibus

916 1964 1096 2010 Hispaniae
1118 1963 1280 2010 oppidis,
1304 1975 1381 2008 quae
1406 1962 1464 1995 hic
1484 1960 1596 1994 adnu-

916 2026 1097 2051 merantur
1110 2045 1119 2059 ‚
1139 2017 1321 2050 infelicius.
1352 2016 1409 2049 Sic
1431 2014 1520 2048 illud
1536 2013 1597 2047 ad-

917 2070 1021 2104 duxit
1051 2084 1115 2116 per
1141 2079 1382 2116 contemptum
1402 2095 1410 2110 ‚
1439 2069 1504 2101 lib.
1534 2068 1594 2108 Π,

916 2124 1026 2169 epigr.
1038 2137 1153 2157 XLvni
1169 2150 1178 2165 ‚
1192 2136 1242 2157 vs.
1263 2136 1283 2168 7
1300 2137 1306 2155 :
1333 2140 1346 2152 ⁴«
1365 2123 1443 2154 Hoc
1458 2129 1598 2167 praestes

915 2178 1021 2218 mihi,
1043 2178 1154 2219 Rufe,
1182 2177 1235 2210 vel
1264 2176 1412 2209 Bitunti.
1436 2192 1450 2204 »
1479 2173 1595 2207 Hodie

915 2231 1060 2263 Bitonco.
1074 2230 1201 2263 Sensus
1218 2238 1269 2262 est
1286 2241 1293 2262 :
1314 2228 1469 2261 Delicate
1487 2227 1598 2260 lector

916 2284 1002 2316 Itale
1017 2309 1025 2324 ‚
1047 2284 1075 2316 si
1096 2296 1215 2329 aspera
1232 2283 1292 2315 illa
1311 2282 1456 2314 nomina
1474 2281 1598 2325 Hispa-

915 2349 960 2368 na
979 2335 1134 2375 derides,
1157 2344 1288 2381 quanto
1309 2335 1416 2379 magis
1434 2333 1598 2367 deridere

917 2388 1022 2422 debes
1053 2390 1223 2422 insulsum
1248 2400 1380 2421 nomen
1407 2386 1517 2427 illud,
1536 2387 1596 2419 Bc·-

918 2447 1065 2474 tuntum.³
1085 2443 1153 2475 Vel
1174 2455 1293 2475 sensus
1320 2441 1378 2473 hic
1403 2449 1454 2473 est
1478 2454 1485 2472 :
1513 2440 1596 2472 Haec

917 2496 1062 2528 nomina
1071 2495 1152 2529 licet
1166 2495 1298 2528 rustica
1309 2520 1318 2535 ‚
1333 2507 1446 2539 quum
1460 2492 1598 2526 dulcem

918 2548 1003 2580 mihi
1026 2549 1147 2594 patriae
1167 2548 1354 2594 subjiciant
1372 2547 1574 2580 memoriam
1587 2571 1597 2583 ,

918 2610 1094 2647 antepono
1123 2602 1260 2635 rusticis
1288 2600 1416 2634 Italicis
1444 2599 1598 2633 nomini-

918 2655 985 2688 bus
998 2681 1005 2695 ‚
1019 2667 1168 2700 quorum
1190 2654 1354 2700 asperitas
1374 2653 1471 2686 nullo
1494 2651 1597 2685 simili

920 2708 1094 2742 lenocinio
1118 2715 1374 2752 compensatur.
1392 2706 1458 2738 En.
