2061 3288
458 200 1034 245 EPIGRAMMATUM
1072 199 1197 243 LIB.
1236 200 1269 242 Ι.

1505 198 1569 260 93

297 290 542 350 Senemque
565 290 769 333 Caunum
797 288 991 344 nivibus,
1022 297 1064 332 et
1095 286 1242 332 fractis
1273 303 1445 332 sacrum
1559 309 1573 332 5

367 359 702 404 Vadaveronem
729 360 978 415 montibus;

294 431 351 474 Et
375 430 547 475 delicati
573 430 700 475 dulce
726 430 906 475 Botrodi
928 446 1105 486 nemus,

154 581 257 615 quam
293 571 455 613 mentio;
483 579 558 604 tum
591 579 706 604 autem
735 570 832 617 quod

153 622 287 656 Salonis
309 623 407 656 fluvii
424 648 432 663 ‚
457 624 517 669 qui
538 624 690 657 Bilbilim
710 623 832 666 alluit,

154 687 251 721 aquae
278 675 440 711 durando
474 678 566 710 ferro
594 676 637 710 ad
671 676 832 711 cudenda

154 741 248 762 arma
270 729 516 771 nobilissimae;
543 739 582 764 ut
601 730 692 764 infra
710 744 743 764 v.
776 743 831 764 12.

158 798 172 811 u
194 781 320 816 salone
335 808 345 824 ‚
360 784 419 828 qui
433 784 565 817 ferrum
581 784 682 829 gelat.
707 800 720 813 »
744 782 830 816 Vid.

153 836 362 881 quoquelib.
373 837 436 876 IV,
449 837 541 882 epig.
551 849 606 880 LV,
617 837 722 870 etlib.
732 836 832 877 XIV,

153 888 263 934 epigr.
278 901 412 922 xxx111.
429 912 482 916 —
494 890 633 924 sanein
649 889 832 923 itinerario

154 942 326 989 Antonini
349 943 388 976 fit
411 943 542 977 mentio
569 956 736 989 aquarum
761 942 832 974 Bil-

153 994 378 1028 bilitanarum
399 1009 483 1041 quas
508 995 591 1029 inde
610 1004 703 1042 patet
728 996 832 1029 fuisse

155 1047 301 1093 inclytas
330 1049 443 1094 aliqua
471 1048 571 1089 dote3
593 1058 626 1082 et
647 1049 805 1082 Justinus
821 1074 830 1089 ‚

153 1100 214 1133 lib.
235 1102 364 1143 XLIV,
380 1102 537 1135 Bilbilim
556 1102 703 1135 fluvium
723 1101 833 1135 nomi-

154 1162 213 1186 nat
225 1179 234 1195 ,
254 1154 386 1187 ferrum
409 1154 592 1189 durantem
605 1182 614 1197 ‚
634 1168 738 1201 quem
753 1156 834 1188 Bar-

154 1206 266 1240 rerius
298 1208 334 1240 in
364 1208 528 1242 Salonem
550 1210 650 1254 juxta
676 1209 832 1242 Bilbilim

155 1261 337 1293 exonerari
356 1260 484 1303 tradit3
502 1261 560 1294 sed
572 1262 714 1294 Rama-es
732 1269 833 1308 putat

153 1312 333 1346 Justinum
349 1314 507 1347 Bilbilim
521 1315 712 1359 appellasse
727 1315 834 1348 Bilbi-

155 1365 197 1398 lis
218 1365 382 1408 fluvium,
402 1369 500 1412 cnjus
524 1380 653 1400 nomen
672 1381 746 1401 non
772 1380 832 1401 cu-

153 1419 244 1452 ravit
272 1431 441 1464 quaerere.
468 1442 519 1447 —
544 1421 667 1454 Armis.
697 1421 831 1454 Bilbili-

155 1472 227 1504 tani
246 1472 378 1506 caeteris
393 1473 569 1519 Hispaniae
584 1474 725 1519 populis
742 1487 831 1520 prae-

155 1525 291 1558 stabant
317 1526 352 1559 in
372 1525 541 1560 cudendis
562 1528 666 1561 armis
685 1527 805 1561 ferreis
821 1556 830 1570 ‚

157 1578 193 1610 in
228 1577 403 1623 tingendis
432 1579 579 1625 gladiis,
615 1589 650 1614 et
677 1589 832 1614 veterem

156 1629 270 1665 adhuc
286 1632 412 1665 famam
427 1633 580 1667 retinere
597 1632 779 1668 dicuntur.

220 1684 251 1717 5.
283 1684 353 1718 Alii
365 1711 374 1724 ,
415 1687 549 1718 sterilem
593 1700 650 1732 que
688 1687 830 1721 Calvum.

158 1737 326 1783 ¹Senemque
370 1738 483 1772 Catum
530 1739 567 1772 111
605 1740 715 1773 veteri
754 1753 832 1773 meo

157 1788 298 1832 codice,
325 1791 440 1837 inquit
464 1792 679 1825 Pulmannus
697 1819 706 1834 ‚
729 1806 833 1839 quem

157 1844 281 1888 Anglia
291 1843 529 1890 suppeditavit
537 1871 546 1886 ‚
556 1846 736 1880 manifesta
748 1846 832 1879 scri·

157 1905 259 1941 ptura
288 1906 361 1939 est,
388 1910 492 1944 quam
515 1899 702 1932 Turnebus
730 1899 834 1932 etiam

158 1949 202 1982 de
218 1962 281 1983 suo
297 1951 486 1997 exemplari
503 1952 655 1997 profert,
676 1961 715 1985 ut
729 1953 834 1986 Catus

160 2015 262 2035 mons
277 2004 319 2036 sit
337 2003 453 2038 editus
464 2030 474 2045 ,
490 2005 556 2038 alta
573 2005 654 2038 nive
667 2006 813 2039 obrutus
826 2031 835 2047 ‚

160 2065 211 2096 et,
235 2065 273 2089 ut
291 2057 338 2089 ita
358 2056 470 2090 dicam
483 2083 491 2099 ‚
508 2058 620 2091 nimio
636 2059 733 2092 senio
752 2071 834 2092 can·

161 2107 257 2142 dens.
278 2109 483 2156 Stel-ilemque
507 2124 617 2144 canum
643 2111 679 2145 in
707 2113 740 2144 V
744 2121 834 2146 enet.

160 2161 240 2194 Ald.
264 2162 363 2196 Junt.
389 2163 501 2196 Coliu.
529 2165 641 2198 Plant.
665 2165 751 2199 aliis.
778 2166 835 2199 Se-

161 2228 288 2260 nemque
306 2215 449 2248 Caumtm
463 2243 472 2256 ‚
490 2217 608 2250 nivibus
623 2218 742 2263 legunt
755 2219 813 2252 alii
827 2232 836 2260 ;

161 2268 325 2301 Caunum
344 2269 436 2301 enim
455 2278 611 2303 montem
625 2284 698 2304 non
711 2272 835 2316 procul

161 2334 179 2354 a
216 2321 334 2354 Bilbili
371 2321 478 2355 tradit
507 2323 659 2356 Illariwza
678 2351 686 2363 ,
718 2324 778 2358 lib.
800 2325 836 2366 I,

161 2387 235 2420 cap.
266 2374 299 2407 3.
329 2375 400 2415 Qui
420 2375 538 2407 calvum
566 2376 688 2422 legunt
708 2377 837 2410 intelli-

161 2435 247 2471 gunt
281 2426 326 2460 de
358 2427 589 2461 Vadaverone
631 2437 759 2463 monte.
795 2431 838 2463 In

163 2479 242 2513 edd.
265 2481 445 2526 antiquiss.
472 2482 614 2524 effractis
636 2495 701 2528 pro
723 2491 754 2515 et
763 2484 838 2526 sra-

163 2535 220 2565 ctis
233 2546 246 2572 ;
265 2542 420 2567 montem
439 2535 533 2567 enim
550 2534 816 2569 Vadaveronem
828 2561 838 2577 ‚

163 2598 316 2627 sacrum,
334 2596 372 2620 ut
391 2588 511 2620 scribit
530 2588 619 2622 Plin.
640 2590 705 2631 IV,
724 2602 754 2622 c.
775 2594 839 2630 24,

163 2640 448 2684 promontorium
463 2666 472 2680 ‚
491 2641 637 2675 fractum
666 2651 699 2676 et
726 2643 762 2676 in
787 2643 839 2676 in-

893 571 966 604 sula
988 570 1142 616 positum
1165 567 1272 602 tradit
1294 568 1441 602 Hieron.
1471 569 1570 604 Paul.

893 622 936 656 de
955 623 1132 668 Hispania.
1159 644 1213 649 -—
1235 622 1404 668 Senemque
1428 622 1573 656 Caunum

893 676 1024 709 nivibus.
1048 676 1270 709 Albicantem
1295 676 1436 709 nivibus
1464 675 1571 710 indu-

893 730 976 763 ratis
1003 737 1036 762 et
1062 729 1333 763 senescentibus.
1358 729 1499 763 Caunus
1522 739 1573 764 est

893 795 992 816 mons
1006 782 1189 828 Aragoniae
1205 781 1248 815 ad
1267 783 1553 828 septemtrionem
1565 810 1574 825 ‚

893 848 1010 869 versus
1027 836 1184 870 Castellae
1196 836 1322 869 veteris
1333 835 1420 869 fines
1432 861 1441 877 ,
1458 849 1572 882 prope

892 889 1124 922 Turiasonem
1145 890 1270 922 urbem
1285 915 1294 930 ,
1315 902 1372 922 sex
1388 889 1498 923 leucis
1517 889 1571 923 di-

893 951 984 975 stans
1014 943 1056 975 ab
1078 943 1182 975 Ibero
1205 941 1338 975 fluvio:
1362 955 1456 976 nunc
1474 943 1571 976 fison-

893 1009 972 1040 cayo
991 995 1133 1029 dicitur.
1150 995 1308 1028 Caunum
1324 1004 1479 1029 montem
1499 1009 1571 1030 non

892 1049 1015 1093 procul
1049 1061 1067 1082 a
1098 1049 1219 1082 Bilbili
1253 1048 1359 1082 tradit
1390 1049 1546 1083 Mariana
1561 1075 1571 1091 ‚

892 1102 952 1135 lib.
974 1103 1011 1144 I,
1033 1115 1108 1148 cap.
1136 1101 1168 1135 3.
1192 1101 1275 1136 Vid.
1296 1102 1495 1136 Ferrarium
1509 1129 1518 1144 ‚
1534 1103 1570 1136 111

893 1167 956 1188 5110
975 1156 1088 1189 lexico
1107 1155 1352 1201 geographico.
1372 1178 1424 1182 —-
1443 1157 1574 1199 Etsm-

893 1211 950 1241 ctis
967 1222 1101 1242 sacrum.
1124 1210 1169 1241 Et
1189 1218 1344 1242 montem
1367 1207 1572 1243 Vadavero-

892 1274 972 1294 nem
983 1275 1000 1295 a
1008 1262 1153 1308 reliquis
1163 1262 1342 1295 montibus
1355 1271 1568 1308 separatum;

893 1327 1006 1349 sacros
1016 1328 1087 1348 esse
1097 1324 1234 1348 montes
1241 1317 1411 1361 putabant
1422 1316 1570 1362 antiqui,

893 1380 931 1401 ac
963 1369 1065 1401 multi
1096 1369 1250 1414 cuipiam
1281 1367 1348 1402 deo
1380 1370 1570 1404 consecrati

892 1430 1002 1455 erant.
1021 1423 1177 1455 Vocatur
1194 1422 1259 1455 iste
1277 1434 1376 1455 mons
1392 1435 1486 1456 nunc
1504 1423 1572 1456 Va-

893 1475 1032 1508 davz'cor.
1067 1497 1118 1501 —
1143 1475 1384 1522 Hieronymus
1416 1476 1570 1517 Paulus,

892 1528 953 1561 lib.
975 1529 1018 1565 V,
1039 1527 1084 1561 de
1106 1528 1311 1562 fluminibus
1333 1536 1367 1561 et
1390 1530 1569 1564 montibus

893 1581 1092 1627 Hispaniae:
1124 1580 1269 1628 quidam
1285 1608 1295 1623 ‚
1328 1582 1446 1627 inquit
1462 1609 1470 1624 ‚
1497 1596 1568 1616 non

893 1642 1024 1668 temere
1059 1644 1215 1668 montem
1258 1635 1457 1670 Celtiberiae
1497 1649 1570 1671 esse

894 1688 1093 1721 existimant
1111 1689 1153 1721 ab
1179 1688 1254 1722 aliis
1277 1688 1461 1722 effractum
1480 1698 1514 1723 et
1532 1690 1568 1723 in

894 1741 1006 1774 insula
1028 1742 1183 1787 positum
1208 1755 1283 1788 quae
1308 1754 1403 1776 nunc
1424 1743 1570 1777 Vadaei-

894 1807 948 1826 cor
968 1803 1126 1827 vocatur.

949 1850 983 1881 6.
998 1847 1086 1881 Sunt
1101 1848 1161 1893 qui
1181 1847 1323 1881 divisim
1340 1848 1456 1893 legant
1473 1850 1570 1882 Vada

898 1900 1078 1940 l'e1·0nenz,·
1098 1909 1132 1933 et
1150 1901 1198 1934 sic
1216 1901 1357 1935 Venett.
1374 1901 1452 1935 Ald.
1470 1903 1569 1936 Junt.

895 1953 1011 1987 Colin.
1027 1961 1061 1987 et
1076 1953 1217 1999 Gryph.

949 2019 982 2051 7.
1008 2006 1183 2040 Gruterus
1205 2019 1250 2040 ex
1268 2007 1374 2041 Palat.
1394 2008 1477 2054 legit
1502 2010 1570 2042 Bo-

897 2060 986 2093 terdi.
1003 2061 1189 2093 Turnebus
1205 2069 1239 2093 et
1255 2069 1411 2094 vetustus
1425 2061 1570 2107 quidam

896 2112 1006 2146 codex
1019 2114 1128 2146 Boleti
1140 2127 1151 2147 :
1174 2126 1285 2159 quum
1305 2122 1420 2147 tamen
1435 2116 1574 2149 Botrodi

896 2166 1021 2212 oppidi
1040 2167 1130 2200 infra
1146 2167 1309 2200 meminit
1327 2168 1363 2200 111
1386 2168 1572 2203 Celtiberis

896 2219 976 2261 siti,
996 2219 1095 2265 quod
1117 2232 1135 2252 a
1159 2220 1304 2253 Tiberio
1326 2221 1486 2254 Graccho
1515 2221 1569 2256 di-

895 2281 1017 2305 rutum
1026 2273 1133 2306 refert
1147 2273 1332 2319 Polybius,
1348 2274 1571 2309 retinendum

896 2326 1043 2359 Botrodi.
1056 2325 1140 2359 Vid.
1156 2326 1178 2360 l.
1192 2327 1262 2358 XII
1273 2351 1283 2368 ‚
1293 2328 1403 2372 epigr.
1414 2339 1525 2362 xv111.
1537 2342 1570 2363 v.

902 2391 917 2412 1
930 2380 1169 2412 1.—-Delicati.
1179 2379 1319 2413 Deliciis
1328 2381 1572 2428 pleni‚quippe

898 2431 994 2477 quod
1005 2433 1185 2466 arboribus
1196 2459 1204 2473 ‚
1218 2433 1354 2466 umbris
1365 2441 1399 2466 et
1414 2434 1572 2469 fontibus

899 2484 1067 2519 abundat.
1082 2508 1134 2512 -—
1152 2486 1300 2519 Botrodc'.
1320 2486 1495 2521 Botrodus
1510 2501 1573 2521 ne-

899 2550 978 2571 mus
1017 2538 1195 2584 Hispaniae
1226 2540 1497 2574 Tarraconensis
1536 2542 1572 2575 in

900 2591 1083 2625 Celtiberis
1098 2592 1158 2625 ubi
1169 2593 1252 2625 olim
1266 2593 1438 2638 oppidum
1455 2594 1574 2635 fuisse,

899 2657 995 2678 nunc
1019 2645 1135 2679 vicum
1161 2645 1251 2691 apud
1274 2646 1497 2692 Segobrigam
1516 2660 1575 2681 ur-
