2061 3288
435 224 1019 269 EPIGRAMMATUM
1059 223 1181 265 LIB.
1222 222 1286 265 ΙΙ.

1471 237 1559 266 211

220 315 284 358 Te
310 312 642 358 Lacedaemonio
667 310 782 354 velat
808 320 910 372 toga
940 309 1026 354 lota
1052 309 1212 355 Galeso
1228 345 1239 366 ‚

294 383 376 428 Vel
406 400 535 444 quam
568 383 758 444 seposito
787 381 842 426 de
872 397 1004 443 grege
1028 382 1186 425 Parma
1216 380 1346 425 dedit.

226 456 284 499 At
312 471 412 511 me7‘
433 470 528 515 quae
554 470 679 515 passa
705 463 769 498 est
798 453 931 497 furias
960 462 1003 496 et
1031 469 1196 496 cornua
1225 453 1361 508 tauri,

297 525 499 570 Noluerit
528 525 612 569 diei
641 540 772 586 quam
803 523 888 586 pila
918 525 1059 586 prima
1085 539 1222 567 suam.

227 596 348 640 Misit
377 599 628 657 Agenoreas
660 595 815 640 Cadmi
846 595 923 639 tihi
952 605 1066 639 terra
1094 593 1288 639 lacernas
1313 611 1321 637 :

157 749 305 771 vacuum
332 736 546 782 relinquitur
567 736 728 783 spatium.
754 736 836 769 Pul-

160 803 306 824 mannus
324 802 342 824 e
361 802 424 824 suo
446 788 567 824 codice
583 789 685 823 affert
702 803 708 822 ε
733 789 837 822 Κοινὰ

160 844 253 888 φίλων
270 844 337 876 laec
351 851 424 876 sunt
443 851 497 876 tua
512 857 648 889 semper,
672 842 834 883 Candide,

159 896 262 930 κοινοί-
288 896 364 930 Alia
384 897 489 930 lectio
508 905 559 930 est
581 908 589 930 :
618 897 720 930 Κοινὰ
742 897 835 941 φίλων

161 950 228 982 lzoec
248 958 340 990 sunt,
373 950 439 982 hoec
466 958 540 982 suut
566 958 619 982 tua
636 977 644 990 ,
669 949 835 989 Candide,

162 1003 263 1036 κοιναί·
300 1011 333 1036 et
366 1003 457 1036 hanc
488 1003 648 1048 reposuit
673 1001 728 1036 ed.
758 1002 836 1035 Par.

161 1068 242 1090 ann.
264 1057 378 1100 17543
394 1057 460 1089 ltcec
478 1065 552 1088 sunt
570 1065 622 1089 tem
636 1083 645 1096 ,
671 1055 816 1089 Candide
828 1083 836 1095 ,

162 1122 250 1141 coena
272 1108 478 1142 Beverlandi
495 1110 572 1142 MS.
593 1110 659 1142 luec
674 1116 747 1142 sunt
761 1117 813 1141 tua
828 1135 836 1148 ,

166 1161 332 1203 Candide,
361 1163 459 1195 verba
484 1163 582 1196 malit
609 1162 839 1196 Schrevelius.

165 1234 216 1240 ——
247 1215 348 1248 Ram&
375 1216 469 1260 φίλων
498 1216 622 1249 πάντα.
655 1215 842 1249 Communia

165 1271 332 1301 amicornm
352 1272 456 1301 onmia
471 1295 479 1309 ‚
499 1277 711 1314 praeceptum
735 1281 754 1302 a
777 1268 841 1300 So-

165 1330 260 1354 crate
288 1321 344 1354 vel
372 1322 568 1366 Pythagora
589 1320 815 1366 desumptum
832 1345 841 1362 ‚

167 1374 267 1419 quod
297 1374 418 1419 gallice
450 1374 586 1407 traduci
628 1383 743 1420 posset
775 1374 843 1406 hoc

166 1426 289 1472 adagio
306 1439 314 1460 2
335 1428 379 1460 Le
396 1435 463 1460 tout
484 1440 520 1459 ne
538 1435 613 1460 rant
627 1441 687 1472 pas
710 1428 741 1459 la
766 1429 843 1458 moi-

167 1482 219 1514 tie'.
237 1481 305 1513 En.
334 1501 387 1507 -—
411 1481 493 1513 Haec
512 1489 585 1513 sunt
603 1489 668 1514 tua.
688 1479 845 1513 Subaudi

167 1534 286 1567 verba.
311 1534 377 1566 Vel
398 1533 515 1567 forsan
536 1533 626 1567 ludit
653 1534 780 1567 Noster
808 1533 843 1565 in

169 1586 396 1631 ambiguitate
420 1586 518 1620 verbi
545 1587 657 1620 πάντα
681 1585 777 1632 quod
802 1585 846 1619 ad

170 1639 259 1672 κεινὰ
281 1640 383 1672 simul
407 1648 441 1673 et
467 1639 510 1673 ad
536 1648 590 1672 tua
614 1641 745 1681 refert3
773 1640 846 1672 haec

172 1700 256 1726 sunt
292 1701 346 1725 tua
381 1695 511 1734 πάντα,
544 1701 599 1725 tua
631 1693 767 1733 omnia,
795 1693 847 1726 tui

172 1756 294 1779 omnes
309 1758 497 1779 sermones.
516 1745 582 1778 En.

228 1799 262 1832 3.
284 1799 329 1831 Te
344 1799 579 1832 Lacedaemonio
594 1826 601 1837 ‚
621 1805 685 1831 etc.
712 1797 850 1831 Incedis

173 1852 317 1897 insignis
329 1860 406 1897 toga
422 1852 581 1885 confecta
597 1864 636 1884 ex
650 1851 761 1884 nobili
779 1852 850 1883 vel-

172 1905 244 1938 lere
272 1905 390 1938 ovium
415 1918 490 1950 quae
515 1905 679 1937 lavantur
704 1916 854 1949 pascun-

174 1967 303 2004 turque
327 1958 364 1991 in
392 1958 479 2004 ripis
508 1957 605 1990 fluvii
635 1956 770 1998 Galesi,
791 1957 852 2002 qui

175 2011 367 2044 Tarentum
383 2011 481 2044 alluit
496 2024 514 2043 a
530 2010 727 2044 Laconibus
740 2035 749 2049 ,
764 2009 852 2043 duce

177 2063 349 2097 Phalanto
363 2089 372 2105 ‚
397 2063 582 2097 conditum
601 2064 657 2096 vel
684 2072 824 2096 auctum
843 2075 851 2095 z

179 2116 290 2159 fluvio
324 2117 450 2150 Galeso
469 2144 477 2159 ‚
506 2116 551 2151 ad
581 2117 702 2149 ovium
739 2117 853 2149 lanam

180 2169 380 2215 tingendam
390 2171 582 2215 plurimum
592 2170 720 2203 valenti
732 2168 853 2202 eadem

178 2231 301 2256 natura
323 2235 400 2268 quae
420 2223 505 2256 Baeti
523 2231 556 2256 et
577 2223 767 2256 Clitumno.
790 2223 854 2255 Ju-

179 2288 260 2310 ven.
282 2276 353 2309 Sat.
376 2276 470 2317 XII,
488 2288 537 2309 vs.
562 2276 604 2309 13
624 2284 658 2308 et
681 2280 741 2316 41.
759 2276 827 2308 En.

237 2334 271 2370 4.
296 2330 338 2361 In
359 2341 464 2373 marg.
483 2327 538 2361 ed.
556 2329 636 2362 Lut.
653 2329 730 2361 Par.
757 2331 852 2372 1617

181 2382 242 2416 fol.
266 2399 278 2411 κ
297 2383 338 2414 In
352 2381 590 2426 manuscripto
604 2381 708 2414 lectio
724 2389 774 2414 est
788 2394 857 2414 am-

181 2435 285 2480 bigua
300 2434 404 2476 mihi,
424 2443 569 2480 propter
589 2433 797 2479 implicitum
814 2433 856 2466 li-

182 2497 337 2521 terarum
351 2496 503 2521 tractum
514 2514 522 2528 ,
539 2487 634 2520 Creta
648 2513 657 2528 ,
675 2500 718 2520 an
733 2487 858 2520 Acerra

182 2540 368 2586 legendum
400 2541 455 2574 sit.
490 2540 585 2575 Creta
617 2540 736 2573 ovium
763 2539 858 2572 ferax

185 2594 268 2635 fuit,
281 2602 315 2627 et
333 2595 455 2627 Acerra
471 2592 643 2639 oppidum
660 2593 859 2638 Campaniae

186 2646 288 2679 Glani
323 2659 423 2679 amne
454 2655 589 2680 notum.
610 2665 621 2675 »
650 2670 699 2672 —
728 2647 858 2679 Parma.

896 736 990 768 Urbs
1017 733 1126 768 Italiae
1153 742 1252 775 nota,
1278 732 1322 767 ad
1348 732 1510 775 Padum,
1534 733 1571 766 in

896 788 1008 822 Gallia
1028 786 1245 834 Cispadana‚
1268 799 1365 821 caseo
1387 795 1421 821 et
1440 787 1576 821 velleri-

895 842 962 875 bus
981 841 1123 887 inclyta.
1138 841 1218 875 Lib.
1237 841 1338 883 XIV,
1356 840 1465 887 epigr.
1485 852 1571 874 eLv:

897 909 910 922 α
927 894 1128 928 Velleribus
1144 894 1267 940 primis
1283 894 1409 940 Apulia
1420 920 1429 936 ‚
1451 894 1575 927 Parma

895 946 1067 982 secundis.
1090 965 1103 978 ι

952 1002 984 1035 5.
1009 1000 1129 1035 Codex
1158 1000 1370 1034 Bodleianus
1398 1000 1541 1034 exhibet
1564 1012 1572 1033 :

890 1055 1008 1097 furiosi
1020 1068 1137 1088 cornua
1153 1057 1257 1094 tam-13
1271 1067 1376 1100 quam
1389 1054 1576 1088 lectionem

898 1116 1070 1141 testantur
1111 1108 1213 1141 etiam
1251 1106 1332 1141 edd.
1369 1116 1454 1141 vett.
1493 1106 1574 1140 Ald.

897 1161 996 1194 Junt.
1007 1161 1110 1194 Colin
1123 1169 1157 1193 et
1168 1161 1306 1206 Gryph.
1315 1182 1368 1186 —
1378 1161 1429 1194 At
1437 1174 1496 1201 me,
1508 1169 1574 1194 ete.

899 1213 999 1247 Ordo
1020 1222 1070 1246 est
1088 1226 1096 1247 z
1116 1215 1167 1247 Te
1182 1215 1272 1247 velat
1289 1222 1367 1259 toga
1386 1214 1578 1247 Tarentina

899 1268 954 1300 vel
979 1267 1201 1309 Parmensis3
1230 1267 1362 1300 misella
1386 1275 1502 1300 autem
1522 1279 1578 1300 me

899 1320 991 1353 velat
1009 1328 1088 1366 toga
1100 1345 1109 1360 ‚
1124 1332 1228 1365 quam
1248 1320 1317 1365 pila
1329 1345 1337 1359 ‚
1356 1320 1511 1365 primun}
1529 1321 1580 1353 in-

900 1381 1108 1418 tegrumque
1128 1374 1278 1406 recentis
1296 1373 1386 1406 tauri
1408 1373 1580 1418 impetum

901 1438 997 1471 passa
1013 1452 1021 1466 ‚
1036 1439 1071 1459 se
1084 1425 1218 1471 judicet
1233 1425 1393 1459 viliorem
1408 1425 1582 1472 indignio-

902 1491 1065 1524 remque;
1084 1479 1120 1512 id
1139 1487 1189 1512 est
1204 1505 1212 1520 ‚
1232 1480 1330 1524 cujus
1346 1491 1483 1525 pannus
1498 1493 1584 1525 pau-

902 1533 1067 1578 perculus
1093 1533 1211 1566 tritior
1236 1533 1488 1578 laceratiorque
1508 1541 1582 1574 est,

903 1599 1009 1632 quam
1021 1594 1060 1618 ut
1072 1585 1233 1618 videatur
1252 1598 1324 1619 esse
1339 1586 1416 1629 pilae
1431 1598 1583 1631 pannus,

904 1652 923 1673 a
942 1639 1050 1672 feroci
1074 1639 1190 1671 bellua
1215 1638 1296 1672 licet
1318 1639 1420 1671 tritus
1440 1647 1473 1672 et
1494 1639 1583 1673 lace-

904 1700 999 1726 ratus
1014 1717 1022 1728 ‚
1043 1700 1077 1725 et
1098 1704 1162 1737 per
1178 1704 1213 1725 se
1229 1694 1299 1737 jam
1318 1692 1408 1725 vilis.
1429 1692 1494 1725 En.

962 1748 996 1779 6.
1013 1746 1088 1778 Pila
1101 1748 1216 1789 prima.
1238 1747 1289 1778 De
1310 1745 1389 1790 pilis
1407 1758 1484 1790 quae
1505 1745 1586 1779 trita

908 1806 942 1831 et
977 1799 1090 1831 lacera
1127 1806 1222 1830 veste
1256 1797 1516 1840 induebantur,
1547 1806 1587 1831 ut

909 1851 1016 1884 tauris
1033 1851 1292 1895 objicerentur,
1308 1850 1442 1884 dictum
1458 1860 1508 1884 est
1523 1851 1586 1884 lib.

911 1909 1024 1949 Spect.
1047 1904 1155 1948 epigr.
1176 1916 1229 1944 tx,
1254 1916 1312 1936 :ux
1330 1930 1339 1944 ,
1359 1912 1392 1936 et
1416 1916 1505 1938 xxn.
1526 1904 1586 1936 Di-

911 1958 1003 1990 citur
1024 1957 1135 2002 prima
1148 1983 1156 1997 ,
1175 1957 1255 2002 quia
1277 1955 1400 1989 ordine
1423 1956 1588 2002 dispone-

912 2011 1039 2043 bantur
1060 2010 1127 2042 illae
1155 2009 1253 2054 pilae,
1274 2009 1437 2043 humanae
1458 2010 1590 2043 scilicet

912 2063 1043 2107 effigies
1074 2062 1249 2096 vilissimis
1276 2063 1400 2107 pannis
1430 2062 1586 2096 indutae:

912 2116 1024 2160 prima
1055 2124 1173 2148 auten]
1202 2123 1275 2148 erat
1293 2141 1301 2156 ,
1329 2128 1404 2161 quae
1434 2117 1590 2161 primum

913 2178 1093 2202 taurorum
1106 2169 1275 2213 impetum
1286 2169 1493 2213 patiebatur,
1504 2170 1590 2205 Vid.

914 2222 974 2255 lib.
998 2223 1048 2262 X,
1066 2222 1177 2267 epigr.
1198 2233 1342 2254 Lxxxvx.
1368 2222 1478 2256 Erant
1500 2235 1589 2268 quo-

914 2288 981 2320 que
1002 2275 1078 2320 pilze
1100 2274 1231 2319 effigies
1252 2275 1437 2316 humanae,
1454 2288 1532 2320 quae
1554 2277 1590 2309 in

915 2327 1079 2373 compitis
1111 2328 1332 2372 ponebantur
1369 2326 1436 2361 diis
1469 2329 1592 2363 inferis

915 2380 1039 2414 votivae
1054 2392 1063 2421 ;
1080 2388 1166 2425 quot
1184 2389 1284 2413 erant
1303 2380 1340 2412 in
1361 2380 1489 2414 familia
1506 2394 1591 2427 qua-

916 2433 996 2466 dam
1017 2434 1130 2479 capita
1143 2459 1152 2474 ‚
1173 2441 1225 2466 tot
1242 2433 1321 2479 pilae
1336 2433 1594 2479 suspendeban-

918 2496 992 2529 tur,
1010 2486 1047 2518 in
1063 2499 1147 2532 quas
1160 2485 1209 2518 (lii
1230 2486 1334 2519 inferi
1351 2486 1437 2521 iram
1456 2496 1594 2521 verten-

919 2549 968 2573 tes
986 2552 1082 2572 suam
1101 2565 1108 2579 ,
1127 2539 1214 2572 vivis
1229 2549 1423 2584 parcerent.
1445 2541 1511 2573 En.

974 2605 1007 2637 7.
1043 2593 1228 2636 Agenoreus
1259 2592 1373 2625 Cadmi
1408 2593 1465 2625 tibi
1499 2601 1593 2626 terra.

921 2646 999 2678 Fuit
1019 2644 1170 2678 Cadmus
1189 2646 1279 2679 filius
1300 2646 1488 2690 Agenoris,
1507 2646 1595 2691 regis

1308 2717 1389 2772 14²
