2061 3288
452 183 550 239 486

827 185 887 226 M.
913 186 1052 229 VAL.
1092 186 1482 229 MARTIALIS

592 272 753 326 Missa⁷
784 288 863 316 nec
892 288 916 315 a
942 271 1125 333 querulo
1152 287 1313 333 mappa
1343 271 1497 316 cliente
1531 272 1636 328 fuit3

521 341 804 402 Antipolitani
830 359 909 386 nec
933 359 1028 404 quae
1053 343 1107 386 de
1134 343 1344 404 sanguine
1369 342 1525 403 thynni
1847 365 1861 387 5

592 414 719 456 Testa
749 413 877 456 rubet
894 448 905 468 ‚
934 430 1015 457 nec
1043 430 1137 474 quae
1168 422 1349 457 coctana
1376 428 1512 473 parva
1541 414 1673 473 gerit,

522 483 615 527 Nec
645 499 904 544 rugosarum
930 485 1075 527 vimen
1103 483 1236 527 breve
1266 484 1546 537 Picenarum3

593 555 752 598 Dicere
781 563 823 597 te
852 571 999 615 posses
1026 563 1074 597 ut
1098 555 1345 598 meminisse
1375 552 1486 597 mei?

454 719 534 744 octo
573 711 755 744 unciarum
796 724 876 744 cum
913 712 1089 745 semuncia
1121 724 1129 744 :

454 762 642 797 duodecim
673 764 785 797 unciis
821 764 999 798 constabat
1033 772 1130 798 vetus

453 816 541 849 libra
579 817 756 857 Romana,
790 816 864 850 sed.
889 817 1004 862 primo
1038 817 1130 850 bello

454 868 588 901 Punico
608 877 775 913 urgente,
790 868 833 902 de
847 871 936 914 justa
953 870 1041 903 libra
1059 869 1131 903 duo

456 922 569 955 unciae
583 920 747 956 detractae
762 922 874 964 fuere;
887 935 959 968 quo
971 931 1131 968 tempore

455 974 575 1008 scribit
614 975 748 1008 Plinius
785 988 872 1009 asses
915 974 1131 1009 dextantario

456 1026 613 1072 pondere
651 1040 751 1061 cusos
789 1022 851 1071 (as
881 1036 954 1062 erat
990 1036 1131 1062 moneta

455 1080 553 1113 librae
579 1078 786 1125 pondere):
816 1080 970 1115 secundo
1004 1080 1132 1114 deinde

455 1132 549 1165 bello
569 1133 704 1167 Punico
716 1159 724 1174 ‚
743 1133 786 1166 ad
801 1146 928 1168 novem
945 1135 1064 1168 uncias
1083 1147 1132 1167 re-

455 1184 555 1218 dacta
577 1186 644 1220 fuit
667 1185 807 1228 eadem3
823 1185 976 1232 denique
994 1187 1131 1232 Papiria

456 1238 530 1283 lege
552 1237 595 1271 ad
623 1248 702 1273 octo
724 1252 803 1273 cum
825 1240 1011 1274 semuncia.
1035 1239 1132 1273 Hanc

456 1290 629 1325 existimat
652 1291 809 1326 Raderus
835 1305 908 1326 esse
926 1293 1051 1325 libram
1072 1292 1132 1326 Se-

457 1344 650 1389 ptitianam‚
663 1344 724 1378 sed
736 1345 887 1378 nominis
902 1345 1072 1379 rationem
1086 1346 1133 1379 fa-

456 1405 549 1430 tetur
567 1410 602 1430 se
616 1398 794 1442 ignorare3
808 1410 910 1444 quam
926 1397 1132 1432 eliciendam

458 1450 599 1495 conjicit
615 1450 806 1484 Farnabius
820 1464 836 1483 a
850 1452 973 1497 septis,
987 1452 1047 1484 uhi
1062 1451 1131 1484 Ro-

455 1503 547 1534 mani
568 1504 836 1548 negotiabantur
863 1513 897 1537 et
927 1503 971 1536 ad
993 1503 1132 1549 pondus

455 1554 662 1589 vendebant.
684 1556 880 1602 Perpendet
892 1556 1131 1590 lecton—Sex

455 1609 617 1652 scriptula.
634 1609 865 1654 perexiguum
883 1621 1020 1643 munus.
1038 1609 1130 1642 Scri-

456 1661 593 1705 ptulurn
607 1686 616 1702 ,
643 1674 703 1694 seu
725 1662 919 1706 scripulum
933 1688 942 1703 ‚
963 1674 1023 1694 seu
1045 1662 1130 1695 scri-

456 1713 594 1757 pilum,
623 1714 786 1758 vigesima
814 1723 935 1759 quarta
966 1727 1045 1760 pars
1081 1723 1130 1746 est

457 1766 567 1799 unciae
579 1792 587 1804 ,
607 1779 684 1811 quae
695 1766 906 1799 duodecima
921 1779 1000 1812 pars
1014 1766 1126 1806 librae3

455 1819 503 1851 sic
528 1819 599 1852 288
619 1820 784 1865 scriptula
807 1820 1009 1853 continebat
1028 1819 1128 1852 libra.

456 1871 538 1903 Tria
568 1873 740 1916 scriptula
771 1871 973 1905 drachmam
1001 1872 1130 1905 efficie-

456 1924 560 1964 bant,
579 1936 655 1969 quae
670 1932 792 1958 octava
808 1938 887 1970 pars
902 1925 1024 1958 unciae.
1043 1924 1131 1957 Scri-

455 1977 552 2021 ptula
567 1977 699 2010 Graecis
716 1977 924 2011 dicebantur
933 1979 1129 2022 γράμματα,

457 2042 473 2061 a
496 2041 643 2062 numero
665 2030 869 2072 literarum,
888 2043 999 2075 quum
1027 2030 1129 2063 uncia

457 2082 653 2115 contineret
681 2083 804 2128 viginti
837 2091 987 2128 quatuor
1014 2083 1130 2128 hujus-

456 2133 552 2167 modi
562 2134 790 2180 ponduscula.
799 2136 1011 2181 Scrupulum
1020 2161 1029 2174 ,
1044 2143 1129 2168 teste

456 2188 611 2220 Roberto
625 2188 803 2233 Stephano
818 2189 855 2221 in
869 2201 932 2221 suo
949 2188 1129 2221 Thesauro

455 2240 582 2284 linguae
593 2240 707 2274 latiuae
719 2268 727 2282 ,
741 2254 868 2274 nomen
881 2249 932 2274 est
944 2240 1109 2286 ponderis
1118 2265 1128 2282 ,

457 2304 495 2325 ac
518 2293 553 2325 in
577 2293 678 2325 binos
707 2294 829 2327 obolos
856 2292 1025 2326 dividitur
1048 2306 1056 2326 .·
1078 2301 1128 2326 est

456 2345 558 2377 etiam
572 2358 734 2379 mensura
746 2359 911 2391 agrorum
922 2354 955 2379 et
966 2345 1048 2379 diei.
1060 2347 1126 2380 ΕΙ).

510 2402 544 2437 4.
571 2398 709 2441 Querulo
713 2426 772 2432 .....
790 2400 909 2432 cliente.
931 2399 1127 2439 Querulum

455 2449 617 2483 clientem
638 2459 739 2484 vocat
755 2478 762 2490 ‚
785 2452 867 2497 qui‘:
893 2450 985 2496 apud
1007 2459 1126 2496 patro-

456 2515 540 2535 num
559 2502 603 2535 de
621 2512 769 2548 egestate
794 2516 931 2549 semper
947 2504 1127 2548 queritur,

454 2564 556 2600 atque
586 2556 753 2589 auxilium
777 2565 884 2601 rogat.
906 2555 989 2589 Vid.
1006 2556 1067 2589 lib.
1086 2557 1103 2589 I
1120 2582 1127 2597 ‚

452 2609 558 2653 epigr.
578 2621 598 2641 L
614 2634 623 2649 ,
645 2620 745 2641 versu
769 2608 826 2642 33.
845 2631 896 2635 —
920 2609 1051 2653 Mappa.
1075 2609 1126 2641 De

1191 711 1326 757 mappis
1338 736 1348 751 ‚
1364 724 1447 757 quas
1461 711 1554 744 mitti
1570 724 1645 745 mos
1662 719 1735 745 erat
1748 711 1866 746 Satur-

1191 764 1326 797 nalium
1343 772 1521 810 tempore,
1542 762 1623 797 vide
1642 776 1766 810 supra,
1792 765 1866 810 epi-

1190 829 1336 861 gramm.
1354 829 1437 850 XLVI
1451 843 1460 858 ,
1480 829 1530 850 vs.
1556 829 1611 861 17.

1247 870 1279 903 5.
1309 870 1532 915 Antipolitano
1552 869 1590 902 in
1611 868 1692 903 edd.
1721 877 1804 903 vett.
1832 879 1866 904 et

1191 922 1355 956 omnibus
1373 921 1476 956 codd.
1500 930 1586 955 teste
1612 922 1776 956 Grutero.
1800 922 1866 956 Be-

1190 974 1348 1008 verlandi
1368 974 1442 1009 MS.
1463 975 1502 1007 de
1522 977 1677 1019 sanguine
1694 978 1787 1022 cyrri.
1814 996 1866 1001 —

1191 1028 1428 1073 Antipolitani,
1457 1037 1522 1061 etc.
1554 1028 1627 1061 Nec
1655 1036 1741 1061 testa
1761 1027 1866 1074 plena

1190 1081 1330 1121 muriae,
1347 1093 1423 1126 quae
1441 1080 1627 1114 conficitur
1645 1092 1686 1114 ex
1700 1080 1867 1126 sanguine

1191 1133 1336 1179 thynni,
1357 1142 1390 1167 et
1412 1146 1452 1167 ex
1471 1133 1558 1166 urbe
1575 1133 1736 1179 Antipoli
1754 1132 1866 1167 mitti-

1192 1195 1249 1219 tur
1271 1186 1413 1232 optima.
1437 1186 1635 1231 Antipolis,
1653 1186 1737 1219 urbs
1761 1185 1866 1219 mari-

1191 1239 1276 1272 tima
1298 1239 1419 1272 Galliae
1441 1239 1679 1272 Narbonensis
1691 1265 1701 1281 ‚
1720 1238 1840 1271 Antibe
1853 1265 1862 1279 ,

1190 1292 1245 1325 vel
1266 1293 1392 1337 Ragni,
1418 1300 1456 1325 ut
1481 1291 1588 1325 refert
1607 1291 1785 1332 Ortelius3
1807 1291 1866 1324 alii

1190 1346 1313 1378 urbem
1330 1344 1434 1378 fuisse
1448 1344 1537 1378 Asiae
1554 1343 1761 1377 existimant.
1779 1342 1864 1376 Vid.

1190 1398 1251 1431 lib.
1272 1398 1381 1439 XIII,
1401 1397 1511 1443 epigr.
1538 1408 1617 1430 0111.
1646 1417 1698 1423 —
1727 1396 1865 1443 Thyrmi,

1192 1451 1288 1483 Viles
1319 1450 1476 1495 pisciculi
1513 1457 1593 1482 sunt
1630 1449 1755 1481 marini
1771 1474 1780 1490 ‚
1815 1456 1865 1481 at-

1189 1515 1258 1547 que
1277 1502 1462 1548 capiuntur
1489 1502 1688 1546 frequentes
1712 1502 1748 1534 in
1775 1502 1864 1535 freto

1190 1555 1374 1589 Gaditano.

1245 1610 1278 1641 6..
1308 1608 1375 1641 Nec
1408 1621 1476 1653 quoe
1510 1615 1639 1640 coctana
1655 1634 1664 1647 ‚
1696 1615 1761 1640 etc.
1792 1606 1866 1640 Nee

1191 1669 1275 1693 testa
1300 1661 1453 1693 coctanis
1473 1661 1588 1706 plena.
1610 1660 1762 1693 Coctana
1777 1684 1786 1700 ‚
1807 1671 1864 1704 ge-

1190 1726 1256 1746 nus
1271 1725 1457 1758 parvarum
1474 1712 1608 1746 ficuum
1626 1724 1666 1745 ex
1684 1712 1803 1758 Syria,
1821 1710 1865 1745 de

1190 1766 1318 1811 quihus
1346 1766 1407 1799 lib.
1440 1766 1549 1807 XIII,
1581 1765 1691 1810 epigr.
1725 1776 1838 1798 xxvn1
1854 1776 1861 1797 ε

1195 1836 1208 1847 «
1226 1818 1307 1852 Haec
1327 1818 1389 1851 tibi
1401 1830 1477 1863 quae
1491 1826 1581 1851 torta
1594 1825 1767 1851 venerunt
1780 1829 1863 1850 con-

1190 1870 1260 1904 dita
1275 1879 1365 1904 meta
1379 1870 1416 1904 Si
1431 1872 1561 1915 majora
1578 1870 1694 1903 forent
1709 1878 1862 1911 coctana,

1190 1924 1274 1957 {icus
1291 1931 1398 1957 erant.
1418 1941 1430 1952 n
1444 1922 1538 1956 Vide
1558 1935 1636 1968 sup.
1660 1923 1862 1968 epigramm.

1189 1989 1271 2010 xxxx
1288 2004 1296 2017 ‚
1316 1989 1365 2009 vs.
1393 1988 1448 2009 10.

1243 2042 1276 2073 7.
1294 2030 1502 2073 Rugosarum.
1526 2027 1635 2060 Olivae
1651 2027 1863 2060 contrahunt

1188 2094 1290 2126 rugas
1326 2088 1505 2114 vetustate.
1543 2102 1594 2106 —
1621 2080 1733 2113 Vimen
1764 2080 1860 2113 breve.

1188 2135 1313 2179 Sporta
1342 2134 1484 2179 parvula
1517 2133 1679 2166 viminea.
1714 2133 1780 2166 En.
1810 2154 1861 2159 -—-

1189 2188 1387 2219 Picenarum.
1411 2186 1520 2219 Olivae
1547 2185 1683 2218 Picenae
1710 2185 1862 2218 maxime

1187 2238 1430 2272 laudabantur.
1446 2237 1530 2271 Vid.
1550 2238 1611 2271 lib.
1630 2238 1734 2278 XIII,
1751 2237 1859 2282 epigr.

1188 2304 1303 2325 xxxVI.
1317 2292 1466 2325 Picenus
1483 2303 1563 2335 ager
1578 2298 1628 2323 est
1641 2290 1677 2322 in
1691 2290 1833 2323 Umbria
1849 2314 1859 2329 ‚

1188 2344 1293 2377 hodie
1312 2345 1344 2377 la
1364 2357 1469 2376 marca
1483 2343 1669 2376 d’Ancona.

1242 2398 1276 2430 8.
1295 2397 1404 2429 Dicere
1419 2405 1446 2429 te
1452 2398 1553 2441 possis
1565 2394 1772 2428 Beverlandi
1785 2394 1858 2428 MS.

1187 2470 1239 2477 -—
1268 2450 1383 2482 Dicere
1413 2457 1441 2482 te
1465 2461 1582 2493 posses.
1610 2446 1766 2481 Raderus
1792 2447 1859 2480 hoc

1187 2504 1265 2536 loco
1276 2500 1417 2535 adducit
1427 2501 1618 2542 Catullum,
1632 2500 1691 2546 qui
1709 2500 1856 2532 linteum

1189 2568 1205 2587 a
1231 2555 1376 2588 Fabullo
1398 2554 1463 2587 sibi
1488 2553 1629 2586 missum
1660 2554 1855 2597 μνημόσυνον

1189 2606 1314 2641 sodalis
1341 2607 1393 2641 sui
1421 2606 1590 2652 appellat,
1620 2614 1652 2638 et
1686 2604 1857 2637 existimat
