2061 3288
420 238 1001 282 EPIGRAMMATUM
1039 239 1166 282 LIB.
1206 240 1271 282 II.

1462 239 1557 287 253

349 325 578 384 Nusquam
604 323 808 368 Graecula
829 324 947 385 quod
972 335 1169 370 recantat
1191 326 1336 383 Echo,

346 395 441 439 Nec
465 395 601 439 dictat
626 394 731 438 mihi
751 394 998 440 luculentus
1018 397 1131 441 Attis

139 535 250 574 mina,
265 533 382 567 mollia
399 534 515 580 qualia
530 535 729 580 composuit
747 535 818 580 pri-

139 600 215 622 mus
235 585 390 621 Sotades.
417 588 484 621 En.
510 609 563 614 ——-
582 589 635 621 De
659 588 818 622 Sotadaeo

138 652 242 674 versu
257 640 409 686 plurima
428 649 513 674 sunt
526 640 622 687 apud
636 641 688 674 rei
702 642 821 675 metri-

141 707 188 728 cae
203 693 389 738 scriptores
398 720 408 736 ‚
420 703 453 727 et
462 695 641 740 praecipue
652 694 746 740 apud
757 693 820 728 do-

138 747 332 780 ctissimum
356 747 608 781 Terentianum
634 748 820 790 Maurum,

139 799 184 833 de
199 800 327 845 quibus
342 812 413 833 non
431 808 481 834 est
498 814 593 834 nunc.
616 800 819 846 disputandi

137 853 246 886 locus.
264 851 349 886 Vid.
367 852 480 887 Strab.
498 854 559 887 lib.
571 855 670 893 XIV,
692 863 726 888 et
743 854 820 888 Sca·

138 906 235 952 liger.
252 905 350 940 Poet.
368 906 431 940 lib.
446 907 482 939 Π
496 933 505 949 ,
518 920 592 953 cap.
610 906 670 941 30.
685 929 736 934 —
752 907 819 941 Hic

138 959 193 992 vel
212 959 394 1005 speciatim
419 958 505 994 dicit
531 960 702 994 Martialis
723 960 818 1006 quod

138 1011 350 1058 praecedenti
375 1025 479 1046 versu
512 1012 649 1046 dixerat
679 1026 819 1059 genera-

140 1065 203 1098 tim
215 1090 225 1107 ,
242 1065 375 1099 scilicet
390 1079 425 1099 se
438 1079 511 1099 non
527 1067 678 1100 scrihere
697 1079 818 1101 versus

138 1117 378 1164 retrogrados‚
399 1127 439 1152 ut
454 1118 619 1162 Sotades;
638 1120 694 1153 vel
716 1120 818 1154 intel-

138 1171 215 1216 ligit
228 1184 371 1205 carmen
389 1171 485 1218 quod
502 1173 680 1218 procurrit
693 1173 729 1206 in
745 1174 818 1207 lau-

140 1223 221 1257 dem
246 1225 414 1269 alicujus,
440 1234 474 1259 et
492 1227 643 1260 recurrit
667 1226 704 1259 in
726 1227 818 1260 vitu-

138 1278 287 1322 perium.
315 1278 408 1312 Nota
433 1288 518 1312 sunt
542 1279 600 1311 illa
622 1291 630 1312 ε
658 1280 742 1312 Laus
765 1287 819 1312 tua

141 1343 202 1363 non
231 1338 285 1364 tua
305 1332 422 1373 fraus,
455 1340 521 1365 etc.
541 1331 648 1365 Aliud
679 1344 819 1378 quoque

138 1395 248 1428 genus
272 1383 427 1417 sotadici
455 1385 620 1418 carminis
644 1384 726 1418 vide
753 1385 818 1419 lib.

138 1436 193 1469 ΙΙΙ
207 1462 217 1478 ,
235 1436 345 1482 epigr.
367 1449 463 1470 xxm.

176 1489 209 1523 3.
220 1490 395 1536 Nusquam.
407 1490 588 1536 Nusquam
598 1491 634 1523 in
642 1490 729 1524 meis
740 1503 818 1525 ver-

138 1542 247 1576 sibus.
262 1543 330 1576 ED.
345 1563 398 1570 —-
413 1543 565 1577 Graecula
577 1545 663 1590 quod
677 1553 822 1577 recantat

142 1596 243 1629 Echo.
261 1595 387 1629 Sensus
408 1606 458 1630 est
473 1609 482 1630 ε
502 1596 599 1642 quod
614 1611 687 1630 non
704 1599 819 1632 scribo

141 1648 347 1682 Graecorum
371 1662 468 1683 more
489 1650 644 1684 carmina
665 1664 818 1696 quorum

141 1710 307 1735 extremae
328 1714 432 1736 voces
454 1702 526 1736 sive
545 1703 684 1749 syllabae
706 1704 816 1750 gemi-

139 1763 291 1795 nentur,
321 1763 361 1788 ut
388 1755 486 1788 Echo
512 1769 613 1790 voces
635 1757 763 1802 repetit
785 1766 820 1791 et

139 1807 277 1841 recinit.
306 1829 357 1833 —
395 1808 560 1843 Graecula.
594 1810 743 1855 Ingenio
775 1809 819 1844 ad

138 1873 232 1894 nova
249 1869 283 1894 et
301 1861 486 1907 singularia
509 1875 660 1908 quaeque
680 1863 818 1908 excogi-

140 1912 247 1947 tanda
275 1915 475 1948 acutissimo
497 1916 700 1949 eminebant
723 1916 819 1950 Grae·

141 1967 212 1999 culi
231 1967 355 2014 inopes
367 1994 376 2010 ‚
396 1968 457 2014 qui
476 1969 624 2002 Romam
644 1982 819 2004 commea-

140 2019 227 2054 bant
248 2021 467 2054 occasionem
485 2020 681 2056 ditescendi
698 2023 821 2068 quaeri-

142 2081 276 2115 tantes;
304 2075 431 2108 Juven.
466 2074 536 2109 Sat.
565 2076 641 2114 III,
673 2089 706 2109 v.
739 2078 786 2120 78
809 2089 818 2110 :

148 2143 161 2154 κ
184 2125 364 2160 Graeculus
401 2128 557 2162 esuriens
589 2130 626 2162 in
664 2129 787 2162 caelum
809 2155 818 2171 ,

140 2180 299 2223 jusseris,
325 2180 410 2213 ibit!
434 2198 446 2210 n
473 2181 540 2215 ΕΙ).
565 2203 618 2209 --
637 2183 740 2215 Echo.
766 2184 819 2216 De

141 2232 298 2265 versibus
309 2233 446 2267 Echicis
458 2233 530 2267 vid.
545 2233 706 2280 Scaliger.
720 2236 817 2270 Poet.

142 2284 201 2318 lib.
216 2286 252 2318 II
263 2311 273 2327 ‚
285 2298 361 2331 cap.
382 2299 426 2331 ²9
437 2300 446 2328 ;
457 2295 490 2320 et
503 2288 668 2321 Politiani
681 2288 819 2322 miscel-

141 2338 241 2371 lanea
255 2364 264 2380 ‚
286 2351 361 2384 cap.
385 2352 441 2373 22.
466 2341 507 2373 In
532 2340 571 2373 iis
590 2339 668 2374 duae
688 2342 819 2376 ultimae

141 2403 261 2425 versus
282 2392 422 2438 syllabae
449 2393 496 2426 ita
524 2402 755 2439 repetuntur,
779 2404 819 2429 ut

141 2444 292 2489 aliquem
310 2458 450 2479 sensum
471 2446 624 2480 efficiant
636 2473 646 2487 ‚
663 2447 772 2482 veluti
791 2448 819 2481 si

142 2506 403 2541 pentametrum
423 2500 472 2532 sic
489 2499 589 2533 finias
607 2512 615 2532 ε
641 2518 654 2529 ι
681 2501 752 2534 Cur
772 2501 818 2534 ita

143 2550 296 2584 clamat?
325 2560 430 2586 amat.
449 2570 461 2582 »
489 2553 555 2586 Vel
593 2565 601 2586 :
637 2570 651 2582 «ι
677 2553 821 2587 Femina

144 2602 219 2637 dira
237 2604 302 2637 viri
326 2617 392 2638 nex
416 2614 466 2639 est
486 2615 520 2639 et
539 2606 706 2640 terribilis
728 2607 780 2639 lis.
802 2625 814 2636 ι

144 2656 235 2700 Lege
256 2657 397 2691 Anthol.
419 2659 479 2691 lib.
501 2659 567 2697 IV,
590 2671 662 2704 cap.
691 2672 747 2692 ιο.
769 2681 820 2686 -—

878 535 966 570 Suos
985 537 1134 571 Echicos
1152 549 1273 571 versus
1290 538 1465 573 habebant
1477 552 1563 586 quo·

878 602 945 635 que
968 599 1002 624 et
1023 589 1170 636 quidem
1192 591 1406 637 multiplices
1427 602 1563 627 veteres

878 643 994 688 gallici
1023 652 1137 690 poetae
1154 657 1164 686 ;
1185 654 1260 678 erat
1288 645 1383 678 enim
1415 646 1500 680 olim
1531 648 1563 679 la

877 699 953 729 rime
985 701 1144 738 annexe'e,
1167 710 1246 743 quae
1273 699 1418 744 jubebat
1439 699 1562 734 eadem

876 762 963 784 voce
981 763 1122 784 versum
1144 751 1299 797 priorem
1319 752 1438 795 finire,
1456 762 1489 788 et
1505 754 1560 787 in-

877 803 995 849 cipere
1012 804 1245 850 posteriorem
1260 817 1268 838 :

912 867 976 892 Cour
989 873 1026 892 est
1040 877 1075 892 un
1092 867 1219 901 pe'rilleux
1229 878 1348 902 passage.

912 915 963 938 Pas
977 923 1034 948 suge
1052 914 1115 940 n.ssSt
1131 917 1175 949 qUi
1190 925 1221 939 va
1235 925 1266 940 eu
1282 926 1343 941 cour.

913 961 987 985 Coun
999 967 1038 986 est
1050 971 1098 985 sou
1108 962 1169 986 hieu
1178 981 1184 991 ,
1200 968 1247 986 etc.

877 1036 928 1041 --
947 1016 996 1048 La
1015 1018 1091 1049 rime
1113 1018 1285 1049 couronne‘e
1298 1030 1310 1049 .·

964 1077 1010 1102 Ma
1024 1077 1174 1102 columbelle
1189 1078 1263 1109 belle,

962 1124 994 1148 Je
1010 1126 1062 1149 vais
1077 1125 1178 1159 priam,
1194 1126 1287 1155 cn'ant,
1303 1132 1350 1151 etc.

877 1193 928 1198 -—
941 1173 1150 1217 L’emperiere
1169 1187 1180 1207 .·

899 1229 1015 1260 Qu’es-tu
1033 1232 1112 1264 qu'un
1127 1232 1248 1255 immunde
1263 1232 1348 1256 monde
1360 1250 1366 1261 ‚
1386 1233 1455 1256 vnde.

877 1299 928 1304 —
947 1279 997 1310 La
1022 1282 1108 1311 sene‘e
1125 1306 1133 1319 ,
1163 1292 1240 1324 quae
1264 1280 1407 1324 jubebat
1439 1293 1559 1315 omnes

876 1343 995 1364 versus
1006 1344 1108 1365 voces
1124 1331 1245 1365 eadem
1263 1333 1364 1366 litera
1380 1334 1536 1380 incipere
1552 1361 1562 1378 ,

913 1389 1018 1412 Ardent
1035 1398 1128 1413 amour
1141 1409 1147 1419 ,
1163 1389 1287 1414 adorahle
1304 1384 1463 1424 Angelique.

877 1458 929 1463 —-
942 1438 992 1469 La
1012 1437 1149 1478 hatele‘e,
1172 1450 1251 1484 quae
1275 1438 1312 1471 in
1332 1439 1403 1473 fine
1418 1452 1558 1480 versus,

877 1499 911 1523 et
930 1490 967 1523 in
988 1490 1212 1524 hemistichio
1231 1504 1351 1525 versus
1371 1492 1560 1538 insequen-

876 1544 920 1577 tis
939 1544 1132 1589 legebatur.
1154 1566 1206 1571 —
1230 1545 1280 1577 La
1300 1545 1418 1586 brise'e‚·
1436 1547 1483 1580 ita
1503 1560 1561 1581 or-

877 1595 1013 1640 dinata,
1029 1605 1068 1630 ut
1085 1607 1237 1643 quatuor
1252 1611 1372 1633 versus
1391 1608 1472 1633 octo
1489 1601 1560 1646 syl-

874 1650 962 1684 labis
1001 1659 1199 1685 constantes
1237 1662 1381 1697 possent
1420 1653 1560 1688 efficere

876 1712 956 1737 octo
998 1717 1118 1738 versus
1158 1713 1315 1750 quatuor
1360 1715 1558 1741 constantes

875 1757 1025 1802 syllabis.
1049 1780 1102 1784 —
1120 1758 1331 1804 L’e‘quivoque
1346 1773 1360 1800 ;
1387 1760 1462 1805 lege
1485 1761 1558 1795 Cle‘-

877 1818 961 1843 ment
976 1811 1088 1843 Marot
1103 1824 1115 1843 :

876 1887 916 1911 En
928 1884 1079 1910 m'e'battant
1090 1903 1097 1914 ,
1113 1886 1140 1918 je
1159 1885 1207 1910 fais
1222 1887 1353 1911 rondeaux
1365 1897 1393 1912 en
1405 1889 1462 1913 rime
1472 1907 1478 1917 ,

877 1934 909 1957 Et
920 1941 952 1956 en
965 1933 1060 1956 rimant
1071 1933 1130 1956 bien
1145 1940 1255 1957 souvent
1271 1934 1297 1966 je
1313 1935 1450 1965 m'enrime‚·

878 1979 952 2008 Bref,
968 1980 1032 2004 c'est
1044 1980 1107 2013 pitie
1125 1986 1197 2004 entre
1209 1990 1274 2005 nous
1285 1982 1428 2006 rimailleurs
1437 2001 1443 2011 ,

880 2028 929 2052 Car
942 2035 1006 2052 vous
1018 2033 1122 2051 trouvez
1136 2037 1205 2052 assez
1220 2028 1250 2052 de
1270 2028 1327 2052 rime
1340 2028 1448 2058 uillam&

876 2075 908 2098 Et
921 2074 1008 2107 quand
1023 2084 1086 2099 vous
1096 2074 1174 2108 plait,
1195 2076 1280 2099 mieux
1301 2085 1350 2109 que
1367 2077 1418 2100 moi
1433 2077 1557 2107 n‘massez,

877 2121 928 2145 Des
939 2121 1012 2145 biens
1023 2131 1084 2145 avez
1098 2128 1122 2145 et
1134 2122 1164 2145 de
1174 2121 1198 2145 la
1207 2122 1265 2146 rime
1277 2131 1355 2151 assez,
1375 2129 1423 2147 etc.
1437 2123 1486 2147 En.

933 2186 966 2222 4.
989 2182 1058 2216 Nec
1081 2182 1185 2215 dictat
1205 2183 1282 2215 mihi
1301 2183 1473 2216 luculentus
1490 2186 1557 2218 At-

879 2238 938 2276 tis,
964 2243 1030 2269 etc.
1053 2235 1180 2268 Sensus
1201 2243 1270 2269 est:
1283 2236 1356 2270 Nec
1371 2250 1558 2282 argumen-

877 2296 953 2321 tum
974 2289 1181 2334 praeclarum
1204 2296 1239 2321 et
1267 2301 1457 2334 operosum
1482 2304 1557 2325 car-

877 2342 981 2375 minis
1003 2342 1090 2375 mihi
1110 2341 1170 2375 dat
1196 2343 1282 2387 Atys
1307 2355 1412 2388 quem
1437 2357 1557 2378 canam

877 2407 981 2429 versu
1005 2395 1236 2429 Galliambico
1250 2421 1260 2436 ‚
1280 2394 1388 2429 debili
1405 2409 1443 2431 ac
1457 2398 1557 2431 lasci-

876 2461 932 2481 vo.
954 2468 1005 2474 ——-
1027 2449 1131 2482 Attis.
1150 2449 1238 2493 Atys
1263 2461 1325 2482 seu
1345 2450 1468 2495 Attys,
1488 2451 1558 2496 Ly-

877 2500 943 2534 dus
977 2500 1120 2547 quidam
1152 2513 1213 2534 seu
1240 2502 1440 2548 Phrygius,
1470 2517 1560 2550 puer

881 2555 1017 2599 elegans
1044 2554 1128 2597 fuit,
1155 2566 1174 2587 a
1196 2555 1330 2599 Cybele
1355 2555 1558 2599 adamatus,

881 2609 981 2652 cujus
1011 2619 1105 2641 sacra
1134 2607 1170 2640 in
1198 2608 1386 2654 Phrygiam
1413 2610 1560 2644 invexit.

880 2661 968 2702 Quae
1010 2659 1155 2706 quidem
1195 2673 1287 2694 sacra
1335 2662 1561 2708 impudicitiae
