2061 3288
447 236 544 293 354

805 238 865 281 Μ.
906 238 1046 282 VAL.
1088 238 1479 283 MARTIALIS

1065 388 1231 446 XCI.

760 543 823 571 DE
862 541 1107 583 MISITIO,
1146 543 1208 571 ET
1248 522 1540 571 ACIIILLA.qt

513 672 664 727 QUUM
690 677 860 730 peteret
882 667 1034 728 patriae
1059 667 1248 710 Misitius
1274 682 1378 710 arva
1404 668 1624 712 Ravennae
1641 704 1651 722 ‚

581 741 795 784 Semiviro
820 737 1008 798 Cybeles
1030 754 1131 781 cum
1156 754 1287 798 grege
1306 737 1451 797 junxit
1474 739 1567 782 iter.

512 814 625 855 Huic
655 827 800 855 comes
829 808 1024 853 haerehat
1053 808 1220 852 domini
1251 808 1461 869 fugitivus
1486 809 1699 864 Achillas,

581 882 769 943 Insignis
794 880 937 925 forma
962 880 1241 940 nequitiaque
1266 896 1390 940 puer.

512 956 608 997 Hoc
635 951 799 997 steriles
825 967 998 996 sensere
1021 951 1105 994 viri
1129 968 1137 994 :
1162 966 1248 1011 qua
1272 960 1396 1011 parte
1421 950 1624 1007 cubaret,

579 1025 824 1081 Quaerunt3
854 1021 929 1067 sed
953 1022 1110 1066 tacitos
1136 1022 1272 1065 sensit
1292 1031 1335 1065 et
1354 1020 1424 1065 ille
1448 1021 1585 1066 dolos.

511 1096 748 1151 Mentitur,
779 1092 965 1137 credunt
990 1110 998 1136 :
1028 1093 1169 1136 somni
1194 1102 1294 1154 post
1321 1093 1425 1136 vina
1453 1102 1693 1154 petuntur:

582 1166 805 1209 Continuo
831 1163 997 1207 ferrum
1023 1164 1152 1207 noxia
1178 1163 1307 1207 turba
1332 1164 1472 1224 rapit;

493 1308 510 1324 *
530 1310 698 1344 Continet
715 1309 785 1342 hoc
803 1307 1017 1354 epigramma
1038 1320 1119 1341 nar-

440 1365 612 1398 rationem
628 1362 673 1396 de
687 1374 768 1396 sene
784 1361 918 1395 Misitio
930 1387 939 1403 ,
954 1361 1015 1406 qui
1031 1373 1120 1406 quo-

441 1417 523 1451 dam
540 1429 659 1450 errore
680 1428 699 1448 a
712 1415 861 1461 Cybeles
879 1413 1120 1447 sacerdotibus

442 1478 598 1504 exsectus
627 1477 699 1506 est,
728 1467 813 1500 dum
842 1475 967 1512 putant
991 1479 1026 1498 se
1049 1478 1119 1498 ser-

440 1524 563 1556 vulum
588 1521 762 1555 Achillam
777 1545 785 1560 ‚
814 1520 1009 1552 formosum
1033 1530 1119 1563 pue-

441 1589 522 1610 rum
534 1601 542 1614 ,
562 1575 625 1620 qui
644 1585 713 1607 una
731 1585 810 1606 cum
829 1584 909 1604 sene
927 1572 1062 1616 jacebat
1084 1571 1119 1603 in

440 1631 532 1663 lecto
544 1654 553 1670 ‚
571 1625 744 1660 excidere.
761 1626 916 1658 Ramires.

501 1694 531 1714 1.
555 1680 612 1714 Sic
628 1678 830 1713 Gronovius
851 1676 894 1710 (le
916 1677 983 1709 hoc
1004 1676 1120 1722 primo

440 1747 545 1769 versu
567 1746 574 1767 :
602 1731 805 1778 Legendum
833 1739 921 1776 puto
948 1731 1120 1769 misi-icium

441 1801 505 1822 nec
525 1786 708 1832 proprium
720 1810 728 1825 ‚
745 1783 806 1817 scd
823 1795 1009 1817 commune
1024 1795 1122 1815 voca-

442 1843 568 1874 bulum
593 1848 655 1872 est.
675 1839 834 1872 Minicius
851 1864 859 1876 ,
879 1835 939 1882 qui
958 1844 1121 1869 exaucto-

443 1903 538 1928 ratus
565 1901 614 1925 est
632 1919 640 1933 ‚
661 1891 721 1937 qui
745 1890 948 1923 missionem
974 1889 1120 1933 accepit.

443 1948 540 1981 Suet.
554 1946 696 1979 Nerone
711 1956 718 1976 ε
744 1961 757 1972 «
773 1943 919 1988 Agnitus
936 1951 985 1975 est
1002 1954 1019 1974 a
1036 1954 1122 1987 quo·

444 2000 527 2034 dam
546 1998 701 2032 missicio
726 1999 949 2042 praetoriano.
969 2012 984 2024 ι»
1012 1993 1121 2035 Quod

446 2054 550 2087 etiam
584 2051 673 2084 male
704 2049 964 2095 intelligebatur
980 2070 990 2086 ‚
1023 2055 1120 2081 ante-

443 2119 553 2152 quam
571 2103 755 2138 Salmasius
773 2102 971 2147 explicaret.
991 2120 1042 2125 —
1058 2101 1120 2132 Ra-

444 2173 562 2193 eetmae.
592 2158 756 2190 Ravenna
780 2181 789 2197 ,
818 2155 917 2188 aliter
941 2153 1089 2187 AEmiliae
1108 2176 1118 2192 ‚

443 2224 540 2245 nunc
554 2208 796 2244 Romandiolae
812 2215 934 2252 caput,
947 2205 1119 2252 oppidum

445 2274 495 2298 est
508 2264 615 2297 Italiae
630 2261 845 2295 maritimum
858 2261 894 2293 in
905 2260 1030 2292 intimo
1042 2259 1119 2292 sinu

445 2317 637 2350 Adriatico.
661 2313 754 2347 Vide
782 2327 876 2360 supr.
899 2313 1007 2359 epigr.
1034 2325 1093 2346 LVI
1110 2339 1119 2354 ,

444 2382 583 2404 versum
605 2367 771 2413 primum.

502 2436 536 2456 2.
558 2422 719 2456 Semivim.
742 2418 990 2454 Sacerdotibus
1006 2418 1121 2463 Cyhe-

446 2478 492 2510 les
511 2473 649 2508 eviratis
663 2499 672 2515 ‚
693 2473 814 2506 Gallis.

501 2529 535 2562 3.
555 2526 697 2560 Achilles
714 2526 797 2571 legit
814 2527 934 2558 Douza
948 2550 958 2566 ‚
974 2524 1068 2570 quod
1079 2538 1120 2558 eo

445 2581 590 2615 nomine
608 2580 780 2612 formosos
797 2591 925 2623 pueros
944 2592 961 2610 a
984 2578 1120 2623 poculis

446 2635 641 2668 nominasse
661 2633 807 2664 Veteres
825 2643 842 2663 e
859 2632 1016 2664 Luciano
1037 2644 1119 2664 con-

446 2697 520 2722 stet.
540 2684 633 2718 Vide
648 2683 710 2717 lib.
732 2684 803 2716 VII
820 2710 827 2727 ‚
844 2684 941 2729 epigr
974 2696 1120 2718 Isth-—

1177 1307 1277 1340 Huic.
1311 1306 1451 1340 Scilicet
1481 1305 1627 1340 Misitio.
1656 1327 1708 1332 —
1730 1307 1858 1340 Domim¹

1170 1362 1340 1405 fugitivus.
1366 1360 1493 1393 Servus
1516 1359 1578 1405 qui
1597 1359 1735 1404 fugerat
1756 1372 1773 1393 a
1793 1358 1857 1392 do-

1178 1413 1274 1446 mino
1298 1421 1332 1446 et
1351 1412 1523 1445 Misitium
1551 1425 1668 1445 senem
1695 1413 1858 1458 sequeba-

1178 1474 1247 1499 tur.
1280 1486 1331 1492 ——
1363 1465 1520 1498 Achillas.
1551 1464 1637 1499 Vid.
1667 1465 1729 1498 lib.
1760 1466 1855 1506 VII,

1179 1518 1287 1563 epigr.
1309 1529 1398 1551 ινιτ.

1234 1571 1266 1604 5.
1285 1570 1411 1603 Steriles
1425 1597 1433 1610 ‚
1452 1579 1518 1604 etc.
1541 1570 1635 1604 Galli
1656 1570 1857 1604 sacerdotes

1178 1624 1326 1657 castrati.
1347 1644 1398 1650 -—
1416 1625 1490 1666 (hta
1507 1632 1598 1668 parte
1613 1624 1741 1656 cubaret
1758 1625 1857 1668 (huv-

1179 1684 1262 1710 rmzt.
1279 1678 1400 1717 Quum
1415 1677 1566 1710 Achilles
1578 1677 1613 1709 in
1628 1676 1752 1710 eodem
1766 1677 1857 1710 lecto

1179 1742 1259 1763 cum
1281 1729 1413 1763 Misitio
1432 1730 1603 1763 recubare
1622 1730 1748 1764 soleret
1763 1756 1772 1771 ‚
1792 1730 1857 1763 sci-

1179 1783 1347 1816 scitantur
1367 1782 1458 1815 Galli
1471 1807 1481 1823 ‚
1502 1796 1571 1828 qua
1590 1783 1625 1815 in
1644 1792 1743 1828 parte
1758 1783 1856 1824 lecti,

1179 1845 1300 1869 utrum
1322 1836 1358 1868 in
1381 1835 1515 1881 sponda
1530 1862 1539 1877 ‚
1568 1849 1611 1869 an
1641 1837 1678 1868 in
1707 1837 1828 1882 pluteo
1846 1861 1856 1877 ,

1179 1888 1371 1925 dormiret,
1400 1901 1464 1933 per
1495 1901 1657 1921 somnum
1686 1901 1766 1922 eum
1797 1901 1856 1933 ag-

1178 1942 1327 1986 gressuri
1344 1949 1378 1974 et
1391 1942 1539 1974 similem
1553 1942 1619 1974 sibi
1636 1941 1773 1975 facturi.
1788 1943 1855 1975 En.

1233 1998 1266 2027 (5.
1297 1994 1363 2028 Sed
1394 1997 1504 2027 tacitos
1535 1996 1656 2034 sensit,
1686 2004 1752 2028 etc.
1785 1994 1854 2028 Sed

1177 2060 1266 2093 puer
1284 2059 1406 2080 eorum
1429 2055 1580 2080 mentem
1599 2047 1781 2081 intellexit.

1233 2113 1266 2144 7.
1290 2100 1463 2139 Mentitur,
1487 2108 1552 2134 etc.
1573 2100 1667 2133 Dicit
1683 2113 1718 2134 se
1736 2102 1772 2133 in
1789 2101 1855 2134 alia

1177 2161 1274 2198 parte
1292 2153 1370 2186 lecti
1385 2179 1393 2194 ,
1421 2165 1526 2198 quam
1543 2165 1612 2198 qua
1638 2152 1834 2186 dormiebat
1846 2180 1856 2196 ‚

1178 2206 1415 2239 dormiturum
1436 2231 1446 2248 ,
1477 2206 1513 2239 in
1548 2205 1692 2251 spondae
1723 2206 1856 2240 scilicet

1176 2268 1286 2305 parte.

1232 2314 1266 2345 8.
1294 2312 1439 2345 ,Iuntina
1475 2320 1592 2345 nostra
1626 2312 1663 2345 in
1696 2311 1854 2357 margine

1181 2374 1289 2397 teclam
1306 2378 1371 2410 pro
1385 2367 1521 2408 serrum.
1541 2367 1586 2398 At
1602 2364 1683 2398 Vide
1702 2377 1781 2410 quae
1803 2364 1855 2398 di-

1178 2419 1292 2452 ximus
1319 2417 1363 2451 ad
1392 2419 1454 2451 lib.
1483 2419 1544 2461 II,
1565 2418 1674 2463 epigr.
1705 2431 1783 2451 XLV.
1801 2439 1853 2443 ——

1181 2471 1480 2514 Continuoserrum.
1501 2471 1622 2504 Posuit
1638 2471 1771 2504 ferrum
1788 2482 1852 2515 pro

1181 2525 1295 2558 Samia
1326 2533 1430 2565 testa,
1459 2536 1519 2557 seu
1549 2525 1664 2557 cultro
1693 2536 1734 2556 ex
1761 2531 1853 2556 terra

1180 2577 1311 2617 Samia,
1335 2590 1403 2622 quo
1432 2575 1631 2610 Sacerdotes
1653 2576 1703 2609 illi
1722 2587 1854 2609 exseca-

1179 2631 1263 2664 bant
1292 2643 1403 2663 mares
1419 2656 1427 2671 ‚
1458 2630 1566 2675 epigr.
1597 2642 1721 2669 mxu,
1744 2640 1776 2661 v.
1809 2630 1850 2669 3,

1179 2696 1274 2728 supr.
1294 2684 1354 2715 lib.
1371 2684 1423 2723 H,
1444 2683 1550 2727 epigr.
1570 2695 1643 2714 xrv.
