2061 3288
443 221 538 277 234

815 223 875 265 M.
901 223 1043 265 VAL.
1085 223 1481 266 MARTIALIS

584 311 781 354 Centena
805 308 947 353 decies
968 326 1063 370 quae
1086 309 1164 353 tibi
1186 309 1307 354 dedit
1330 309 1470 354 dotis?

585 379 760 424 Nollem
784 379 1012 424 accidisset
1035 380 1121 424 hoc
1147 380 1225 424 tibi
1241 416 1252 436 ,
1277 380 1485 425 Saleiane.

448 518 544 566 quod
564 531 643 551 eum
664 517 787 551 fecerit
810 516 967 551 divitem.
992 517 1059 551 En.
1075 539 1126 544 --

452 572 591 606 Crimen.
621 570 727 612 Quod
757 570 795 604 in
825 571 916 604 veris
946 569 1128 604 doloribus

450 624 646 664 accidebat,
666 624 724 657 hic
743 625 778 657 in
792 623 875 658 ficto
885 624 986 669 fingit
999 624 1126 658 Poeta:

451 680 628 713 fortunam
659 678 754 711 enim
785 685 820 711 et
849 677 960 711 fatum
989 685 1023 711 et
1045 677 1129 711 deos

451 733 545 778 ipsos
565 731 774 765 accusabant
792 731 939 764 Veteres
952 756 962 773 ‚
977 739 1017 763 ut
1033 744 1129 777 supr.

452 786 514 819 lib.
526 786 543 818 I
556 785 666 831 epigr.
683 796 776 818 xm:
795 802 808 814 «ι
824 783 1000 818 Nimirum
1012 784 1131 818 timuit

454 847 589 872 nostras
607 838 749 871 fortuna
768 838 935 883 querelas.
954 855 967 867 »ι

509 891 544 925 5.
567 891 706 924 Centena
726 891 838 924 decies.
859 889 1015 924 Subaudi
1030 916 1039 932 ,
1062 891 1133 923 mil-

456 946 500 978 lia
517 945 690 977 sestertium
705 971 715 984 ,
736 952 865 978 nostrae
883 952 1032 978 monetae
1049 955 1133 976 cen-

459 1008 536 1032 tum
563 997 672 1030 millia
696 997 908 1031 francorum.
935 998 1068 1038 Porro,
1095 1005 1135 1029 ut

457 1060 551 1085 reete
563 1057 661 1084 notat
672 1051 898 1091 Ramiresius,
910 1050 986 1083 haec
1002 1062 1136 1083 summa

458 1105 494 1137 in
519 1116 645 1150 genere
668 1116 734 1149 pro
757 1103 906 1137 maxima
929 1102 1012 1136 dote
1032 1103 1137 1148 vulgo

459 1158 682 1204 ponebatur;
711 1157 782 1190 imo
807 1156 943 1202 quoties
972 1169 1136 1201 magnam

459 1211 618 1256 pecuniae
646 1211 718 1243 vim
739 1210 1006 1255 significabant,
1043 1218 1138 1243 certo

460 1264 527 1297 isto
543 1276 691 1296 numero
704 1264 894 1297 utebantur
906 1263 1056 1296 Veteres
1074 1275 1138 1308 pro

462 1318 609 1350 incerto.
634 1339 686 1343 —
713 1316 786 1349 Tibi
810 1316 897 1349 dedit
917 1316 1011 1349 dotis.
1045 1316 1142 1348 Mor-

463 1379 522 1403 tua
544 1370 580 1402 in
598 1369 823 1403 matrimonio
845 1369 1009 1411 muliere,
1034 1368 1100 1402 dos
1123 1381 1142 1402 a

1185 526 1284 564 patre
1310 519 1469 564 profecta
1495 517 1539 552 ad
1560 526 1695 564 patrem
1714 517 1863 551 reverti-

1187 579 1266 611 tur,
1290 579 1324 604 at
1346 571 1477 617 quintis
1499 571 1535 604 in
1559 571 1712 617 singulos
1734 571 1862 604 liberos

1187 625 1224 657 in
1243 623 1421 658 infinitum
1449 624 1578 658 relictis
1602 637 1709 670 penes
1734 624 1863 657 virum.

1189 676 1295 719 Quod
1322 677 1350 710 si
1374 685 1475 723 pater
1494 690 1567 711 non
1593 677 1657 719 sit,
1679 675 1774 723 apud
1791 688 1866 710 ma-

1189 730 1298 763 ritum
1321 738 1491 764 remanet.
1519 729 1721 764 Adventitia
1752 737 1867 763 autem

1191 782 1255 816 dos
1275 795 1384 829 penes
1402 783 1565 817 maritum
1585 791 1761 825 remanet,
1778 794 1868 829 prae-

1192 845 1350 882 terquam
1366 838 1395 870 si
1412 837 1440 870 is
1459 837 1518 883 qui
1533 835 1630 870 dedit
1645 863 1652 880 ,
1674 845 1710 869 ut
1725 836 1788 869 sibi
1801 835 1870 868 red-

1192 891 1335 930 deretur,
1352 891 1520 936 stipulatus
1540 892 1599 931 sit,
1619 898 1682 923 etc.
1696 888 1870 934 Ulpianus

1193 943 1230 976 in
1254 943 1325 976 suis
1348 943 1567 989 fragmentis,
1590 942 1694 977 titulo
1722 943 1798 981 VI,
1827 940 1872 974 de

1196 997 1362 1030 Dotibus.

1252 1052 1287 1083 6.
1316 1049 1443 1083 Nollem
1465 1049 1638 1082 accidisset.
1659 1046 1757 1081 Idem
1775 1047 1875 1093 jocus

1198 1102 1258 1148 qui
1288 1104 1360 1147 jam
1388 1102 1425 1135 in
1453 1114 1556 1136 versu
1578 1101 1695 1135 tertio.
1723 1099 1877 1133 Videtur

1199 1156 1295 1190 enim
1315 1156 1374 1189 hic
1393 1168 1512 1189 versus
1529 1167 1670 1196 sonare,
1683 1153 1824 1187 Nollem
1842 1161 1877 1186 te

1198 1220 1346 1242 uxorem
1365 1209 1540 1249 amisisse3
1560 1207 1620 1241 sed
1636 1219 1756 1240 revera
1776 1205 1880 1251 signi-

1200 1262 1280 1295 ficat
1297 1273 1305 1294 τ
1323 1262 1463 1295 Nollem
1489 1261 1554 1295 tibi
1575 1269 1705 1294 tantam
1730 1257 1879 1292 haeredi-

1202 1324 1307 1348 tatem
1329 1315 1514 1360 obtigisse,
1534 1326 1660 1359 nempe
1678 1321 1746 1347 tam
1762 1312 1880 1348 imme·

1201 1368 1282 1402 rito.
1303 1368 1370 1401 En.

1059 1510 1228 1565 LXV
1243 1510 1281 1563 Ι.

965 1665 1023 1693 ΙΝ
1072 1643 1394 1693 1.ALAGEN.⁴t

539 1796 673 1840 UNUS
702 1793 756 1837 de
787 1802 880 1837 toto
909 1800 1169 1852 peccaverat
1199 1790 1305 1834 orbe
1337 1806 1566 1834 comarum

611 1863 834 1919 Annulus,
858 1864 1024 1906 incerta
1054 1878 1141 1905 non
1166 1861 1278 1904 bene
1302 1860 1414 1905 fixus
1442 1877 1537 1904 acu.

541 1938 637 1979 Hoc
668 1935 835 1978 facinus
860 1933 1022 1993 Lalage
1050 1931 1254 1993 speculo,
1280 1948 1367 1992 quo
1399 1931 1591 1986 viderat,
1618 1928 1709 1973 ulta
1741 1939 1829 1986 est,

528 2078 542 2092 *
557 2080 734 2113 Morosam
756 2077 918 2123 depingit
941 2084 1150 2118 matronam,

474 2146 550 2181 quae
565 2160 574 2175 ,
591 2140 731 2178 compta
752 2131 794 2163 ab
811 2130 935 2164 ancilla
955 2129 1130 2163 ornatrice
1143 2154 1153 2169 ,

475 2199 587 2234 quum
629 2183 931 2218 animadvertisset
969 2183 1006 2215 in
1044 2182 1152 2215 unico

477 2240 606 2274 annulo
626 2239 800 2272 cirrorum
820 2244 1001 2282 peccatum
1022 2235 1152 2276 fuisse3

478 2294 528 2327 ira
555 2303 719 2332 accensa,
750 2289 875 2323 eodem
901 2288 1064 2334 speculo,
1086 2300 1155 2334 quo

479 2346 515 2379 id
527 2343 819 2379 animadverterat
830 2369 838 2384 ,
855 2343 891 2375 in
905 2342 1084 2375 Plecusam
1098 2354 1155 2373 or-

479 2399 647 2432 natricem
674 2395 920 2430 animadvertit
941 2403 1035 2428 tanta
1058 2393 1157 2428 saevi-

481 2453 549 2493 tia,
580 2459 618 2483 ut
644 2450 744 2484 sectis
770 2449 877 2482 comis
909 2457 941 2481 et
970 2449 1080 2480 fracto
1102 2459 1157 2480 ca-

481 2505 554 2550 pite
570 2503 693 2536 misera
711 2503 852 2536 Plecusa
868 2502 1018 2546 graviter
1038 2501 1159 2533 vulne-

482 2566 555 2591 rata
574 2555 617 2589 ad
635 2556 782 2588 humum
802 2553 978 2588 ceciderit.

542 2621 572 2642 Ι.
597 2610 794 2641 Per-cauerat.
827 2608 907 2640 Non
935 2616 1006 2639 erat
1039 2607 1072 2638 iu
1102 2619 1160 2638 or-

482 2663 577 2695 dine.
614 2683 664 2688 —
702 2661 797 2694 Orbe.

835 2661 994 2693 Circulus
1033 2659 1161 2691 multos

1211 2076 1358 2110 annulos
1386 2073 1586 2114 continens,
1611 2080 1756 2106 vocatur
1785 2071 1890 2105 orbis.

1269 2141 1302 2160 2.
1340 2126 1514 2161 Heraldus
1544 2126 1627 2172 legit
1666 2129 1806 2164 inserta;
1846 2126 1893 2158 ita

1215 2181 1460 2217 olimSalmaS.
1485 2179 1528 2213 ad
1547 2179 1656 2212 Solin.
1679 2192 1714 2224 p.
1737 2181 1822 2223 760.
1842 2198 1894 2205 —-

1215 2235 1376 2268 Annulus.
1400 2234 1615 2274 Cincinnus,
1637 2231 1818 2277 crobylus.
1843 2251 1895 2257 -—

1219 2289 1352 2321 Incerta.
1385 2287 1473 2328 Quae
1504 2286 1615 2320 crines
1642 2298 1713 2318 non
1745 2283 1896 2316 fideliter

1216 2341 1441 2385 constringit,
1457 2339 1515 2372 sed
1533 2347 1628 2371 extra
1643 2339 1760 2370 locum
1782 2335 1898 2369 defixa

1217 2403 1277 2427 est.
1309 2414 1358 2419 ——
1385 2394 1470 2426 Aen.
1503 2394 1577 2424 Acu
1605 2391 1729 2424 crinali
1751 2401 1818 2434 qua
1838 2400 1897 2421 co·

1219 2456 1363 2480 muntur
1385 2446 1559 2478 mulieres.

1274 2500 1306 2532 3.
1340 2500 1412 2532 Hoc
1438 2500 1567 2541 siwinus
1599 2497 1741 2540 Lalage,
1775 2494 1898 2538 speculo

1220 2553 1305 2599 quod
1331 2552 1450 2584 viderat
1467 2579 1474 2589 ,
1498 2551 1564 2582 ulta
1587 2557 1633 2581 est
1651 2549 1686 2581 in
1710 2546 1790 2581 edd.
1814 2555 1896 2579 vett.

1224 2605 1301 2637 ΑΜ.
1325 2606 1426 2638 Junt.
1451 2603 1565 2636 Colin.
1592 2610 1657 2635 ete.
1684 2621 1736 2627 -—
1757 2601 1898 2641 Hocfiz-

1222 2661 1316 2690 cirues.
1354 2658 1516 2690 Errm-mn
1556 2654 1719 2687 nimirum
1750 2653 1899 2685 Plecusae
