2061 3288
458 255 1041 302 EPIGRAMMATUM
1080 256 1202 299 LIB.
1244 256 1308 299 11.

1498 256 1590 317 189

768 408 989 464 XXII.

467 567 537 595 AD
575 565 912 595 APOLLINEM
952 565 1018 593 DE
1056 543 1297 593 EODEM*

246 693 375 749 Qum
394 692 500 735 mihi
521 691 746 735 vobiscum
768 700 855 746 est,
879 706 905 733 0
921 689 1104 744 Phoebe,
1127 705 1373 750 novemque
1395 688 1592 733 sorores?

315 764 429 807 Eece
460 771 588 806 nocet
610 762 699 805 vati
722 762 852 805 Musa
869 761 1020 821 jocosa
1047 776 1138 804 suo.

243 833 435 877 Dimidio
463 833 588 876 nobis
617 832 720 876 dare
746 832 1011 876 posthumus
1039 840 1139 875 ante
1165 829 1330 874 solebat

313 905 464 959 Basia3
495 920 611 947 nunc
641 902 763 948 labro
795 903 926 964 coepit
956 912 1141 962 utroque
1174 901 1289 946 dare.

226 1039 238 1054 '¹
254 1043 306 1075 De
323 1043 428 1076 eodem
447 1043 483 1076 in
505 1043 635 1076 multis.
661 1043 720 1076 Ad
740 1043 845 1089 Apol-

171 1095 261 1128 linem
281 1096 320 1128 de
342 1097 492 1129 Postumo
512 1096 713 1130 inscribitur
730 1096 766 1129 in
785 1097 847 1129 Be-

170 1147 326 1181 verlandi
349 1149 426 1183 MS.
449 1150 584 1183 Caetera
603 1149 701 1182 nulla
721 1157 771 1183 est
798 1149 846 1182 le-

168 1201 292 1234 ctionis
311 1202 468 1236 varietas.

228 1266 257 1287 1.
274 1255 406 1294 Pluvbe,
426 1255 703 1289 etc...«Numina
718 1255 846 1288 cultori

168 1308 362 1352 perniciosa
384 1321 460 1341 suo.
482 1307 587 1341 Ovid.
609 1309 666 1349 II,
684 1309 813 1342 Trist.»

224 1373 256 1393 2.
284 1362 369 1393 Ecce
396 1370 503 1401 nocet,
529 1370 595 1395 etc.
617 1362 728 1395 Antea
751 1361 844 1394 enim

167 1425 221 1445 me
253 1413 377 1447 leviter
404 1423 527 1447 notum
562 1413 711 1447 dimidio
748 1414 844 1448 basio

166 1478 270 1511 parce
300 1479 337 1500 ac
360 1467 475 1501 obiter
499 1468 692 1510 salutabat3
712 1469 782 1512 jam
805 1481 846 1501 ex

907 1041 1123 1076 carminibus
1149 1042 1323 1075 notiorem
1352 1054 1412 1076 ore
1437 1050 1511 1076 toto
1530 1055 1587 1076 me

906 1095 1068 1129 amicitiae
1083 1107 1183 1128 causa
1203 1095 1399 1136 osculatur,
1414 1104 1448 1129 et
1462 1096 1585 1129 foeten-

906 1157 976 1182 tem
995 1148 1081 1182 mihi
1104 1148 1289 1194 mephitim
1309 1148 1456 1182 exhalat.
1478 1148 1509 1182 Ο
1534 1149 1584 1182 fa-

906 1214 999 1235 mam
1020 1201 1106 1234 mihi
1134 1201 1327 1235 exitialem!
1352 1201 1436 1235 Vid.
1456 1214 1559 1248 supra
1575 1229 1584 1243 ‚

906 1256 1015 1301 epigr.
1040 1269 1059 1288 x
1072 1281 1081 1296 ,
1100 1267 1154 1288 x11
1174 1263 1208 1288 et
1228 1267 1300 1288 xx1.
1323 1277 1374 1282 —
1397 1255 1463 1288 Vel
1482 1255 1583 1288 intel-

905 1308 973 1354 lige
987 1308 1221 1342 posthumum
1240 1308 1308 1341 hoc
1331 1308 1450 1342 fecisse
1472 1321 1507 1341 se
1529 1309 1584 1341 ul-

907 1361 1059 1394 ciscendi
1089 1373 1189 1394 causa
1212 1358 1306 1402 (vid.
1330 1361 1420 1395 infra
1440 1387 1449 1402 ‚
1471 1361 1582 1407 epigr.

905 1426 996 1447 xx111
1015 1412 1028 1454 )
1046 1441 1056 1456 ‚
1095 1423 1216 1449 contra
1254 1416 1404 1461 jocosam
1446 1415 1582 1448 Musam

906 1468 1043 1502 iratum.
1063 1468 1131 1501 En.

750 1612 1000 1667 XXIII.

704 1767 772 1795 DE
824 1767 1033 1796 EODEM.

373 1900 479 1942 NON
505 1897 670 1951 dicam,
696 1896 796 1941 licet
824 1914 960 1958 usque
987 1915 1056 1941 me
1081 1900 1240 1959 rogetis
1257 1935 1268 1953 ‚

374 1969 484 2025 Quis
510 1969 564 2012 sit
588 1968 853 2012 Posthumus
883 1969 926 2011 in
952 1985 1050 2012 meo
1078 1967 1243 2025 libello,

373 2038 474 2082 Non
500 2038 674 2083 dicam:
707 2038 810 2100 quid
838 2040 952 2082 enim
985 2039 1090 2082 mihi
1123 2054 1298 2084 necesse
1329 2050 1391 2084 est

368 2111 459 2153 Has
489 2109 714 2154 offendere
744 2110 1029 2165 basiationes,

373 2180 482 2236 Quae
513 2197 558 2224 se
588 2190 676 2224 tam
709 2180 819 2224 bene
849 2180 1070 2225 vindicare
1096 2180 1309 2242 possunt?

174 2332 176 2334 ’
218 2336 248 2357 x.
271 2323 344 2358 Non
371 2324 510 2357 dicam...
530 2323 613 2358 Vid.
631 2325 834 2370 epigramm.

157 2377 219 2410 lib.
240 2377 268 2410 I.

214 2430 247 2463 3.
271 2429 361 2473 Quid
374 2432 464 2463 enim.
480 2429 626 2463 Causam
641 2429 760 2462 reddit
773 2442 835 2464 cur

158 2495 279 2515 verum
296 2495 425 2515 nomen
439 2482 511 2515 ficti
530 2483 636 2528 hujus
651 2483 835 2516 Posthumi

157 2548 229 2568 non
242 2536 394 2581 proferat
407 2547 417 2576 ;
430 2534 527 2581 quod
542 2548 669 2581 nempe
679 2562 687 2577 ‚
707 2537 832 2581 inquit,

158 2588 223 2621 sub
256 2589 417 2622 amicitiae
450 2589 565 2633 specie
599 2589 710 2622 libans
745 2590 832 2622 mihi

157 2641 273 2674 oscula
295 2642 383 2674 male
407 2641 556 2683 olentia,
575 2641 620 2675 de
639 2654 696 2675 me
714 2655 832 2687 poenas

158 2702 192 2726 et
224 2692 366 2739 quidem
401 2694 634 2729 acerbissimas
668 2704 828 2729 sumeret.

898 2324 982 2359 Vid.
999 2325 1059 2358 lib.
1074 2326 1164 2369 VH,
1176 2326 1285 2371 epigr.
1305 2339 1382 2368 xcv,
1401 2339 1435 2360 v.
1451 2332 1470 2368 4
1489 2337 1522 2361 et
1537 2328 1570 2363 5.

901 2396 913 2408 u
934 2380 987 2411 Ita
1006 2380 1196 2412 Artemona
1215 2379 1273 2411 illa
1296 2378 1389 2426 apud
1407 2380 1568 2415 Plautum

895 2431 932 2463 in
954 2431 1136 2464 Asinaria:
1165 2449 1177 2461 «
1199 2431 1288 2464 Nam
1306 2431 1333 2465 si
1355 2432 1500 2466 domum
1516 2448 1571 2468 re-

895 2483 1001 2517 dieris
1019 2483 1149 2525 hodie,
1177 2484 1368 2518 osculando
1392 2499 1455 2531 ego
1484 2488 1570 2521 ulci-

893 2549 968 2570 scar
1002 2537 1236 2582 potissimum.
1267 2555 1279 2567 »ι
1317 2539 1435 2579 Quum
1473 2542 1571 2585 prius

892 2589 1033 2623 dixisset
1057 2591 1277 2624 Demaenetus
1293 2618 1301 2630 ,
1329 2593 1420 2624 malle
1438 2606 1469 2625 se
1488 2607 1567 2626 mue-

893 2651 973 2675 team
995 2643 1112 2682 bibere,
1134 2657 1226 2690 quam
1246 2645 1331 2677 illam
1351 2646 1496 2679 osculari.

948 2701 980 2736 4.
993 2697 1064 2729 Has
1077 2697 1236 2730 ostendere
1249 2697 1435 2731 basiationes
1448 2699 1570 2733 Bever-
