2061 3288
851 210 913 253 M.
942 211 1084 255 VAL.
1125 214 1524 260 MARTIALIS

1017 361 1361 420 LXXXVI.

940 516 1010 544 AD
1057 500 1428 548 cLAssicUM.*

687 642 828 696 QUOD
851 657 933 685 nec
955 643 1149 686 carmine
1170 642 1334 704 glorior
1356 644 1535 705 supino,

686 712 777 754 Nec
798 721 916 755 retro
938 711 1036 774 lego
1058 714 1249 758 Sotaden
1271 714 1484 759 cinaedum
1502 751 1513 770 ‚

532 843 546 856 ⁴¹
569 845 700 881 Irridet
714 849 833 884 critica
845 862 989 885 censura
1002 865 1157 886 errorem

479 899 673 933 multorum
685 927 693 941 ‚
708 903 768 946 qui
779 904 978 938 existimant
992 918 1157 950 magnum

476 950 646 995 quiddam
661 956 817 999 praestari
829 958 871 990 ab
888 957 959 995 his,
981 959 1042 1004 qui
1063 957 1157 991 diffi-

476 1005 606 1038 cillima
630 1007 789 1041 scribunt
809 1019 991 1055 poemata,
1013 1024 1086 1044 non
1111 1013 1157 1045 ob

475 1058 695 1093 reconditam
723 1061 957 1096 eruditionem
974 1090 983 1106 ,
1010 1078 1083 1097 non
1111 1066 1157 1099 oh

475 1122 671 1147 accuratam
701 1114 961 1159 elocutionem,
990 1117 1051 1151 sed
1080 1126 1156 1151 tan-

477 1172 552 1197 tum
569 1167 614 1199 ob
634 1167 785 1202 intorto‘s
804 1169 973 1214 quosdam
992 1184 1157 1205 numeros

473 1225 508 1250 et
526 1228 676 1256 coactos,
689 1222 820 1266 quibus
831 1223 921 1256 nihil
932 1224 1153 1258 laboriosius.

477 1271 584 1312 Quod
618 1272 778 1308 videmus
808 1288 872 1309 nec
906 1277 1063 1319 Graecos,
1090 1290 1156 1312 nec

474 1324 618 1359 Latinos
655 1327 808 1362 celebres
847 1338 966 1375 poetas
1000 1344 1155 1376 unquam

474 1385 635 1412 tentasse.
658 1380 720 1413 Est
736 1381 829 1414 enim
847 1384 992 1428 puerilis
1013 1383 1155 1429 quidam

476 1429 575 1463 labor
592 1432 627 1465 in
642 1432 696 1466 his
713 1434 836 1468 naeniis
851 1437 1057 1478 collocatus,
1071 1450 1155 1482 quas

474 1493 575 1528 poeta
594 1487 850 1531 appositissime
868 1501 977 1534 nugas
994 1489 1154 1524 difficiles

474 1537 644 1582 appellat,
667 1547 701 1572 et
726 1540 876 1586 ineptias
901 1541 1019 1576 studio
1045 1552 1079 1576 et
1105 1544 1154 1577 la-

472 1590 558 1624 bore
598 1602 808 1638 compactas.
849 1595 1053 1629 Ramiresius.
1098 1619 1150 1623 —

475 1642 533 1676 Sic
550 1644 635 1677 olim
649 1671 657 1686 ,
674 1646 769 1692 apud
785 1656 956 1682 nostrates
967 1675 976 1690 ‚
991 1650 1066 1682 laus
1082 1659 1155 1683 erat

473 1705 586 1742 poetae
605 1699 666 1743 qui
688 1700 844 1734 versibus
867 1702 1062 1736 minoribus
1081 1715 1154 1736 ma-

470 1750 681 1796 joribusque
704 1754 890 1787 artificiose
916 1755 1127 1790 intermixtis
1145 1782 1153 1798 ‚

472 1815 612 1837 carmen
632 1804 788 1839 ediderat
805 1807 902 1853 quod
914 1822 980 1842 arae
996 1835 1004 1850 ‚
1021 1809 1075 1842 vel
1091 1822 1152 1855 po·

473 1856 543 1889 culi
560 1882 569 1898 ‚
590 1859 645 1891 vel
664 1859 744 1900 alae,
764 1861 820 1893 vel
840 1862 951 1895 crucis
971 1862 1082 1896 oculis
1098 1875 1154 1895 re-

472 1920 697 1954 praesentaret
722 1913 935 1959 iinaginem3
964 1915 1012 1948 sic
1039 1914 1156 1949 arduis

473 1963 576 1996 metri
612 1966 816 2011 amhagibus
836 1993 845 2009 ‚
881 1977 915 2001 et
951 1968 1155 2002 continuata

472 2028 592 2050 versus
613 2026 672 2052 aut
694 2032 883 2062 mensurae,
906 2030 964 2054 aut
985 2023 1073 2054 rima>
1093 2034 1154 2056 cu-

471 2068 607 2114 jusdam
636 2084 775 2118 semper
801 2073 981 2120 redeuntis
1006 2075 1154 2108 necessi-

471 2130 540 2156 tate
562 2123 844 2169 impediebantur
866 2127 1007 2173 antiqua
1030 2128 1154 2161 carmi-

474 2188 561 2208 num
607 2190 734 2222 genera
771 2179 863 2225 apud
899 2181 1018 2214 Gallos
1053 2194 1153 2214 usur-

472 2237 550 2273 pata
567 2243 575 2271 ;
605 2231 632 2263 le
667 2232 712 2264 lai
727 2260 734 2272 ,
765 2233 793 2265 le
825 2234 941 2266 vit-elai
952 2261 960 2274 ‚
998 2235 1026 2266 le
1059 2235 1154 2267 clmnt

474 2284 566 2329 royal
586 2310 593 2322 ,
634 2285 664 2316 la
702 2285 827 2319 hallacle
847 2315 854 2327 ‚

472 2343 536 2368 etc.
556 2336 623 2370 En.

898 2287 929 2319 Ια
963 2288 1127 2320 vlllanelle
1141 2312 1151 2328 ‚

531 2401 543 2421 x
553 2415 560 2421 .
579 2390 609 2423 C
608 2394 726 2424 armine
732 2393 855 2436 glorior
864 2396 984 2438 supino.
1000 2394 1153 2440 Supinus

475 2453 596 2475 cursus
623 2452 673 2477 est
692 2445 751 2478 ille
774 2446 833 2491 qui
855 2455 950 2480 retro
971 2447 1023 2480 fit.
1047 2446 1152 2480 Ovid.

475 2492 518 2526 de
535 2495 647 2529 Ponto
664 2523 673 2538 ‚
690 2498 750 2531 lib.
768 2500 833 2540 IV,
857 2501 940 2544 eleg.
968 2501 985 2533 5
1006 2513 1014 2533 ε
1040 2518 1052 2529 «
1072 2500 1153 2533 Flu-

474 2547 640 2594 minaque
668 2550 703 2582 in
728 2551 841 2585 sontes
867 2565 968 2586 cursu
995 2553 1153 2586 reditura

474 2601 608 2645 supino.
635 2621 647 2632 »
672 2604 794 2649 Itaque
820 2618 961 2639 carmen
988 2607 1152 2651 supinum

476 2653 628 2699 intellige
652 2656 738 2688 illud
756 2683 763 2696 ‚
788 2658 882 2701 quod
910 2667 1019 2691 metro
1043 2668 1154 2693 stante

1216 853 1266 886 sic
1285 853 1436 886 recurrit
1448 879 1458 895 ‚
1471 862 1510 887 ut
1524 864 1639 898 neque
1649 853 1759 887 literis
1773 853 1894 895 motis,

1216 918 1282 939 nec
1317 906 1534 952 transpositis
1556 932 1565 947 ‚
1597 905 1893 951 quemadmodum

1215 959 1259 992 ab
1279 959 1382 993 initio
1402 959 1446 992 ad
1463 960 1570 992 finem
1586 985 1595 1000 ,
1614 960 1663 992 sie
1684 972 1702 992 a
1720 959 1791 992 fine
1808 960 1896 993 rele-

1215 1020 1316 1058 gatur
1347 1011 1389 1045 ad
1415 1011 1577 1053 initium3
1612 1012 1714 1057 quale
1745 1020 1796 1046 est
1823 1012 1893 1046 hoc

1216 1065 1395 1099 distichon
1411 1077 1418 1099 :
1443 1083 1456 1096 «
1473 1066 1579 1111 Signa
1592 1073 1624 1098 te
1635 1065 1745 1111 signa,
1764 1073 1895 1099 temere

1215 1132 1272 1152 me
1299 1119 1411 1164 tangis
1433 1127 1467 1152 et
1489 1119 1584 1164 angis
1597 1144 1606 1160 ,
1622 1119 1733 1152 Roma
1752 1118 1818 1152 tibi
1836 1131 1894 1152 su-

1214 1172 1290 1205 bito
1325 1172 1478 1205 motibus
1505 1172 1570 1205 ibit
1592 1184 1690 1205 amor
1709 1189 1722 1201 n
1741 1184 1751 1213 ;
1782 1180 1816 1205 et
1836 1171 1894 1205 hic

1214 1238 1334 1258 versus
1351 1237 1359 1258 ε
1384 1243 1396 1254 «
1417 1225 1498 1258 Sole
1516 1223 1657 1258 medere
1674 1224 1782 1270 pede,
1811 1223 1895 1267 ede,

1213 1277 1342 1324 perede
1374 1279 1482 1312 melos
1516 1295 1529 1308 2
1548 1290 1558 1319 ;
1592 1286 1651 1310 aut
1681 1278 1740 1311 ille
1762 1276 1894 1311 medici

1214 1330 1395 1376 cujusdam
1415 1330 1458 1364 ad
1477 1330 1738 1378 hydropicum:
1764 1348 1778 1360 «
1797 1331 1894 1364 Mitis

1213 1397 1273 1417 ero
1296 1410 1304 1424 ,
1341 1385 1455 1417 retine
1488 1384 1613 1418 leniter
1646 1396 1706 1417 ore
1743 1384 1849 1417 sitim.
1875 1401 1888 1413 1·

1214 1436 1307 1470 Vide
1324 1436 1449 1471 Sidon.
1465 1436 1527 1470 lib.
1547 1449 1566 1480 9
1578 1463 1587 1479 ‚
1603 1436 1702 1482 epist.
1723 1448 1735 1468 1
1746 1441 1779 1477 4.
1794 1437 1896 1482 Ejus-

1212 1489 1293 1523 dem
1317 1490 1453 1536 generis
1471 1498 1520 1523 est
1537 1502 1677 1523 carmen
1702 1488 1798 1535 quod
1820 1502 1892 1522 non

1212 1556 1274 1589 per
1294 1543 1411 1577 literas
1431 1542 1492 1576 sed
1514 1555 1576 1588 per
1593 1555 1693 1576 voces
1713 1550 1808 1576 retro
1823 1543 1893 1588 legi

1211 1605 1348 1642 potest,
1378 1604 1416 1629 ut
1446 1594 1535 1629 illud
1560 1596 1703 1640 Virgilii
1726 1607 1734 1629 ε
1759 1613 1772 1625 «
1794 1596 1894 1629 Musa

1212 1650 1301 1682 mihi
1323 1662 1441 1683 causas
1468 1661 1625 1681 memora
1649 1661 1719 1696 quo
1747 1648 1895 1682 numine

1212 1703 1292 1736 laeso
1306 1727 1316 1744 ‚
1339 1720 1352 1732 υ
1381 1701 1477 1748 quod
1498 1701 1643 1735 minime
1669 1700 1843 1735 claudicat
1863 1701 1891 1734 si

1211 1755 1360 1801 legimus
1379 1768 1386 1789 :
1416 1773 1429 1785 «ι
1448 1756 1546 1788 Laeso
1565 1754 1713 1788 numine
1732 1767 1804 1800 quo
1822 1766 1894 1787 me-

1212 1821 1310 1842 mora
1342 1821 1462 1842 causas
1498 1808 1610 1849 mihi,
1644 1807 1744 1841 Musa
1766 1825 1780 1837 n
1802 1820 1811 1848 ;
1838 1807 1894 1840 vel

1213 1861 1302 1895 illud
1321 1860 1417 1908 quod
1433 1861 1625 1894 iambicum
1640 1869 1710 1894 est:
1735 1877 1748 1890 n
1760 1859 1895 1893 Micant

1213 1915 1328 1948 nitore
1350 1923 1438 1948 tecta
1461 1914 1600 1947 sublimi
1619 1926 1724 1947 aurea
1742 1925 1780 1955 »ς
1803 1921 1837 1946 et
1853 1912 1894 1946 fit

1213 1976 1471 2014 pentametrum
1492 1967 1520 1999 si
1539 1967 1685 2012 legimus
1704 1978 1712 1999 :
1740 1984 1753 1996 ι
1779 1968 1894 2000 Aurea

1213 2021 1353 2055 sublimi
1377 2029 1466 2055 tecta
1487 2020 1602 2053 nitore
1624 2019 1766 2052 micant.
1784 2036 1797 2048 2»
1823 2019 1891 2052 En.

1213 2075 1395 2120 Multaque
1422 2073 1506 2115 alia,
1522 2073 1614 2106 inter
1639 2085 1716 2118 quae
1734 2072 1894 2106 Rhabani

1214 2127 1419 2161 artificiosus
1441 2125 1554 2159 dicam
1575 2139 1618 2159 an
1638 2125 1832 2159 laboriosus
1849 2126 1892 2158 li-

1213 2181 1276 2214 ber
1295 2180 1339 2213 de
1351 2179 1529 2213 Laudibus
1547 2187 1674 2213 sanctae
1692 2178 1823 2220 crucis;
1843 2186 1894 2212 at-

1214 2246 1282 2280 que
1307 2232 1463 2279 ejusdem
1482 2232 1677 2278 argumenti
1693 2232 1780 2265 alter
1792 2258 1802 2273 ‚
1820 2231 1893 2264 Pu-

1212 2287 1312 2321 blilio
1321 2287 1511 2332 Optatiano
1523 2286 1655 2331 Porph.
1675 2293 1893 2318 auctore.—

1212 2341 1296 2373 Erat
1311 2353 1451 2386 quoque
1473 2337 1566 2384 apud
1584 2346 1717 2371 veteres
1741 2337 1893 2371 Gallicos

1213 2406 1377 2427 versuum
1398 2392 1621 2434 conditores,
1643 2404 1761 2425 versus
1784 2402 1892 2435 genus

1213 2445 1311 2492 quod
1323 2447 1514 2480 vocabatur
1523 2444 1718 2489 retrograde,
1728 2452 1761 2477 et
1774 2455 1894 2488 quem·

1215 2499 1295 2532 dam
1316 2499 1485 2532 offerebat
1509 2510 1664 2538 sensum,
1690 2509 1750 2530 seu
1775 2504 1891 2535 recteq

1214 2566 1274 2586 seu
1295 2562 1390 2586 retro
1406 2553 1590 2597 legeretur.
1613 2551 1677 2582 En.

1271 2620 1303 2639 2.
1335 2607 1402 2638 Nec
1425 2614 1506 2637 retro
1533 2605 1603 2647 lego
1627 2602 1767 2634 Sotaden
1787 2604 1893 2633 reinm-

1214 2659 1296 2692 dum.
1317 2658 1357 2691 Id
1377 2666 1426 2691 est
1441 2684 1450 2699 ,
1466 2670 1529 2690 uec
1545 2657 1622 2701 lego
1640 2664 1673 2688 et
1690 2653 1806 2688 condo
1823 2666 1894 2686 car-
