2061 3288
445 255 1035 302 EPIGRAMMATUM
1074 255 1199 298 LIB.
1240 256 1324 298 lv.

1492 254 1581 318 371

319 349 560 393 Concretas
587 346 712 407 pigro
742 344 904 406 frigore
930 343 1041 387 ridet
1066 359 1223 403 aquas,

249 417 377 463 Sidus
402 416 676 478 Hyperborei
699 415 850 460 solitus
877 414 1034 458 lassare
1055 416 1202 458 Bootae
1217 449 1228 467 ,

320 491 378 533 Et
402 480 587 532 madidis
613 486 793 531 Helicen
822 485 1091 530 dissimulare
1117 486 1264 529 comis.

320 625 454 682 Ψύχεῖ
474 623 732 683 πηγνυμένων
757 624 830 664 οὐκ.
852 620 1004 682 ἀλέγων
1026 614 1207 663 ὑδάτων·

258 684 368 744 Ηθὰς
391 685 642 755 Ῠπερὲορέου
668 692 906 751 κατατρύειν
929 690 1037 751 dig-pot
1057 693 1243 744 Βοώτεω,

321 768 403 816 Τῆς
427 759 464 806 δ’
489 763 636 814 Ελίκης
661 758 780 823 διερῷ
802 762 920 823 κρατὶ
941 764 1235 822 καταφρονέειν.

181 905 287 944 atque
318 899 410 932 iuter
433 899 604 932 maximos
627 899 755 931 imbres
779 910 859 941 pro-

181 952 362 998 spectavit.
381 969 393 981 n
412 952 456 984 Et
468 951 673 997 Xiphilinus
689 963 731 984 ex
748 950 862 983 Dione

182 1004 219 1037 in
236 1006 309 1050 ejus
323 1005 549 1050 Imperatoris
565 1005 633 1038 vita
646 1030 655 1046 ‚
671 1005 770 1050 cujus
784 1015 862 1036 ver-

184 1057 228 1091 ba
260 1070 277 1090 a
309 1056 491 1103 Xylandro
527 1058 634 1090 latina
670 1057 757 1090 facta
790 1057 863 1090 haec

184 1119 265 1143 sunt
281 1123 290 1144 :
314 1128 327 1141 ε(
350 1111 521 1144 Exhibuit
536 1111 659 1144 crebra
673 1110 864 1143 certamina

185 1164 314 1209 praeliis
329 1163 490 1209 peditum
504 1176 542 1196 ac
559 1161 690 1197 deinde
706 1163 865 1208 equitum

187 1217 380 1250 commissis
402 1217 438 1249 in
460 1217 563 1251 Circo
578 1243 586 1257 ‚
607 1226 683 1250 tum
704 1217 808 1250 etiam
828 1216 865 1248 in

187 1282 279 1303 novo
319 1269 472 1315 quodam
507 1270 585 1303 loco
623 1270 715 1302 bello
752 1269 866 1302 navali

187 1324 279 1356 facto
293 1347 301 1359 ‚
332 1323 369 1356 in
397 1336 466 1368 quo
498 1335 570 1355 non
601 1323 714 1356 solum
745 1334 868 1355 omnes

188 1376 260 1409 fere
278 1376 337 1420 qui
357 1384 603 1421 pugnaverunt
619 1375 750 1408 mortui
767 1383 866 1415 sunt,

188 1426 249 1461 sed
275 1429 379 1461 etiam
402 1429 507 1462 multi
526 1441 567 1461 ex
589 1429 842 1474 spectatoribus
858 1453 867 1469 ,

188 1490 373 1527 propterea
402 1481 497 1527 quod
528 1482 680 1515 maximo
708 1482 814 1514 imbri
835 1489 869 1515 et

188 1535 387 1568 vehementi
404 1543 607 1580 tempestate
618 1543 763 1580 repente
773 1547 869 1567 com-

190 1596 284 1621 mota
306 1614 316 1629 ‚
346 1589 477 1621 nemini
508 1588 668 1634 permisit
700 1588 796 1621 abire
828 1601 868 1621 ex

190 1642 410 1686 spectaculo;
432 1650 466 1674 et
487 1654 695 1687 quamquam
718 1641 792 1686 ipse
809 1653 869 1686 pe-

191 1694 312 1726 nulam
333 1695 495 1735 mutavit,
513 1702 631 1726 tamen
651 1703 794 1728 caeteros
815 1694 870 1726 ni-

191 1745 242 1779 hil
268 1755 403 1780 mutare
426 1759 546 1793 passus
577 1755 639 1780 est.
664 1764 677 1776 »ι
708 1768 759 1773 —-
784 1748 868 1780 ,Ιοι-ἰ.

194 1800 438 1845 Quaecumque
450 1800 542 1833 fiunt
552 1801 589 1832 in
602 1798 717 1833 media
730 1801 872 1845 regione

190 1853 280 1886 aeris
295 1878 304 1894 ‚
325 1850 405 1886 Jovi
427 1853 656 1894 tribuuntur;
673 1853 782 1885 immo
806 1865 871 1898 pro

195 1906 268 1951 ipsa
293 1906 436 1951 regione
455 1905 608 1939 sumitur
622 1906 773 1951 Jupiter.
786 1904 872 1939 Vid.

196 1959 294 2004 Virg.
308 1959 437 2004 Georg.
453 1959 512 1992 lib.
525 1959 579 1999 Π,
591 1972 638 1992 vs.
651 1959 721 1993 325
734 1971 742 1992 ε
757 1959 873 1991 «Tum

196 2019 295 2057 pater
316 2013 539 2057 omnipotens
568 2010 726 2045 fecundis
750 2011 873 2044 imbri-

196 2065 264 2097 bus
297 2064 405 2098 aether
438 2065 605 2110 Conjugis
635 2064 671 2097 in
701 2065 873 2109 gremium

197 2118 283 2150 laetae
301 2116 504 2158 descendit,
529 2126 563 2150 et
583 2130 703 2151 omnes
725 2117 874 2162 Magnus

199 2170 282 2209 alit,
311 2182 438 2216 magno
463 2170 673 2204 commixtus
700 2183 874 2216 corpore,

199 2223 298 2256 fetus.
321 2241 333 2252 n
372 2224 438 2256 EI).
461 2245 514 2250 —-
541 2224 609 2256 Nec
635 2226 753 2256 ‘vertice
780 2231 874 2257 moto.

201 2276 309 2317 Quasi
328 2276 445 2309 nivem
467 2289 538 2309 non
553 2276 715 2309 sentiens.
733 2278 801 2310 En.

255 2334 289 2369 4.
307 2328 480 2362 Heraldus
506 2330 605 2362 hunc
632 2329 748 2362 locum
779 2342 876 2362 men-

201 2380 325 2415 dosum
340 2394 412 2415 esse
429 2383 644 2428 suspicatur,
668 2391 702 2415 et
722 2383 804 2427 legit
821 2383 877 2415 vel

202 2437 292 2467 reicit
310 2447 374 2479 pro
391 2437 492 2479 rejicit
503 2449 514 2473 ,·
529 2435 600 2476 vel,
615 2448 652 2467 ne
666 2439 782 2467 vertice
795 2442 877 2468 moto

206 2487 375 2520 Concretas
392 2491 487 2533 pigro
498 2489 624 2532 frigore
643 2488 748 2520 tardet
766 2501 875 2534 aquas.

204 2540 396 2574 Farnabius
412 2541 542 2574 retinet
562 2541 643 2573 ridet
655 2566 665 2582 ‚
685 2550 719 2574 et
736 2542 879 2587 exponit

205 2606 268 2625 non
279 2603 368 2625 curat
382 2621 389 2632 ‚
406 2602 446 2626 ut
460 2594 540 2628 infr.
557 2595 665 2639 epigr.
678 2607 736 2627 nx
750 2621 758 2636 ,
770 2607 803 2627 v.
821 2607 835 2628 1
848 2607 879 2628 1.

206 2667 258 2671 —
276 2646 447 2679 Concretas
467 2650 561 2691 fugi-0
585 2648 719 2691 frigore.
738 2647 807 2680 Nix
832 2656 882 2681 est

208 2710 296 2742 aqua
316 2700 443 2744 frigore
466 2709 625 2733 concreta
640 2726 648 2741 ,
668 2701 779 2733 multo
806 2713 883 2733 aere

921 895 1096 936 admixto;
1120 895 1215 929 unde
1237 895 1384 929 calidior
1400 906 1451 931 est
1475 910 1513 932 ac
1536 899 1602 932 mi-

922 962 986 983 nus
1012 948 1131 982 densa.
1157 949 1319 982 Affirmat
1347 950 1481 985 Plinius
1497 979 1506 993 ‚
1540 952 1600 986 lib.

923 1004 979 1044 ΙΙ,
1000 1014 1076 1048 cap.
1109 1006 1178 1043 60,
1204 1020 1216 1032 ιι
1234 1002 1441 1048 grandinem
1467 1006 1605 1051 congla—

923 1057 1012 1089 ciato
1027 1057 1140 1090 imbre
1154 1057 1270 1101 gigni,
1293 1065 1327 1090 et
1346 1059 1462 1091 nivem
1480 1058 1604 1093 eodem

923 1109 1074 1142 humore
1097 1110 1238 1142 mollius
1257 1118 1397 1153 coacto,
1420 1128 1434 1140 »
1457 1120 1522 1146 etc.

978 1162 1012 1195 5.
1033 1162 1129 1195 Sidus
1147 1163 1366 1209 ijerborei,
1398 1172 1462 1198 etc.
1491 1165 1605 1211 Hujus

924 1228 1042 1248 versus
1064 1224 1098 1248 et
1118 1217 1294 1262 sequentis
1311 1217 1368 1250 hic
1390 1226 1440 1251 est
1462 1231 1605 1253 sensus:

925 1268 1030 1310 Quod
1057 1270 1138 1303 facit
1168 1283 1264 1303 nunc
1292 1271 1537 1314 Domitianus,
1563 1285 1608 1306 ne

926 1322 1088 1363 mireris;
1112 1323 1170 1355 ille
1197 1323 1290 1355 enim
1306 1349 1315 1363 ‚
1336 1332 1460 1357 contra
1488 1325 1607 1359 Cattos

926 1383 959 1407 et
983 1384 1101 1420 postea
1122 1377 1236 1409 Dacos
1260 1389 1298 1409 ac
1317 1376 1489 1411 Sarmatas
1508 1391 1607 1424 paene

927 1440 1016 1473 puer
1035 1429 1214 1473 profectus
1238 1426 1411 1468 (Sueton.
1437 1443 1513 1476 cap.
1537 1445 1554 1465 2
1572 1430 1605 1473 )‚

927 1480 1053 1514 didicit
1075 1494 1134 1514 sua
1157 1482 1323 1528 patientia
1342 1484 1442 1528 quasi
1463 1485 1608 1530 fatigare

927 1535 999 1567 vim
1017 1533 1156 1580 frigoris
1168 1561 1176 1576 ‚
1198 1547 1265 1581 qua
1284 1536 1398 1581 rigent
1414 1537 1523 1583 plagae
1542 1539 1607 1571 sub

928 1586 1041 1621 sidere
1065 1589 1344 1634 septemtrionali
1372 1590 1519 1636 positae3
1550 1591 1609 1625 ille

928 1650 1082 1674 assuetus
1109 1650 1159 1675 est
1191 1641 1331 1676 nudum
1361 1651 1466 1688 caput
1486 1644 1609 1689 gelidis

929 1706 1047 1727 earum
1057 1695 1242 1739 regionum
1253 1720 1262 1736 ,
1276 1709 1411 1741 magnae
1423 1709 1510 1730 ursae
1526 1699 1608 1731 sub-

925 1748 1244 1793 jectarum,pluviis
1255 1757 1287 1782 et
1298 1749 1437 1782 nivibus
1447 1750 1610 1794 objicere,

930 1808 1035 1846 atque
1058 1800 1103 1834 ita
1133 1801 1242 1846 frigus
1266 1801 1457 1836 humidum
1480 1804 1552 1848 pati
1572 1816 1610 1837 ac

930 1852 1149 1886 dissimulare
1164 1880 1172 1895 ,
1202 1863 1241 1887 ut
1261 1866 1381 1888 sensus
1405 1868 1528 1901 expers
1557 1857 1609 1889 vi-

931 1905 1067 1939 deatur.
1089 1907 1156 1939 ΕΙ).
1173 1928 1225 1933 —-
1242 1907 1452 1952 Hyperborei.
1472 1909 1610 1955 Hyper-

931 1959 1058 1991 boreus
1069 1958 1199 1992 dieitur
1209 1967 1339 1993 tractus
1349 1960 1407 1993 ille
1418 1965 1479 2006 qui
1492 1966 1609 1996 Boreae

931 2012 1211 2057 septemtrionali
1238 2021 1347 2046 vento
1379 2014 1566 2058 objicitur3
1593 2028 1611 2048 a

932 2076 1018 2097 voce
1046 2077 1155 2110 graeca
1178 2065 1277 2110 ὑπὲρ,
1301 2066 1380 2105 sub‚·
1407 2075 1441 2100 et
1466 2070 1584 2113 Βορέας
1599 2096 1607 2109 ,

932 2118 1064 2150 Boreas.
1102 2139 1153 2144 —-
1191 2119 1335 2151 Lassare.
1380 2120 1460 2153 Non
1503 2121 1612 2167 frigus

934 2171 1034 2203 lassat
1069 2171 1261 2204 Domitiani
1293 2173 1521 2217 patientiam,
1550 2174 1611 2207 sed

935 2223 1102 2269 patientia
1134 2225 1327 2257 Domitiani
1360 2226 1463 2259 lassat
1491 2227 1610 2272 frigus.

935 2277 1002 2309 ΕΙ).
1025 2292 1077 2298 --
1099 2277 1222 2311 Bootoe.
1254 2278 1382 2311 Bootes
1403 2292 1465 2312 seu
1489 2280 1612 2313 Arcto-

936 2330 1066 2375 phylax
1104 2329 1203 2363 sidus
1240 2339 1290 2364 est
1330 2333 1616 2377 septemtrionale

936 2383 1094 2428 proxime
1114 2383 1267 2428 positum
1286 2393 1364 2429 post
1381 2386 1615 2420 constellatio-

936 2449 1032 2475 nem,
1044 2448 1120 2481 quae
1139 2436 1323 2469 Plaustrum
1335 2446 1500 2480 vocatum
1516 2440 1563 2473 ita
1577 2449 1616 2473 ut

937 2489 1135 2534 plaustrum
1163 2498 1195 2522 et
1215 2490 1320 2524 boves
1345 2491 1475 2536 agitare
1496 2492 1615 2525 videa-

939 2551 1022 2583 tur3
1049 2541 1142 2575 unde
1167 2543 1217 2575 illi
1239 2555 1368 2577 nomen
1387 2545 1515 2584 Βοώτης
1531 2571 1541 2587 ,
1560 2546 1616 2578 hu-

942 2595 1057 2627 bulcus.

997 2651 1030 2681 6.
1049 2648 1204 2682 Madidis.
1226 2649 1314 2682 Nive
1333 2650 1388 2682 vel
1413 2650 1529 2695 gelido
1555 2651 1621 2683 im-

943 2703 1016 2734 bre.
1051 2702 1116 2734 En.
1148 2724 1199 2729 —
1230 2703 1373 2735 Helicen.
1409 2703 1623 2736 Fabulantur

1404 2773 1416 2788 2

1328 2777 1389 2828 24
