2061 3288
425 232 521 279 358
797 235 857 276 M.
886 236 1028 278 VAL.
1070 236 1463 279 MARTIALIS

563 321 740 366 Gau'des
770 321 978 366 ducentas
1009 323 1238 383 nupturire
1268 333 1367 384 post
1393 333 1581 379 mortes,

562 393 807 453 Virumque
832 392 1013 437 demens
1037 393 1254 437 cineribus
1284 395 1370 438 tuis
1395 394 1550 454 quaeris

564 465 753 507 Prurire-
776 463 918 520 Quid,
939 465 1096 508 sarrire
1120 465 1153 507 si
1175 463 1281 507 velit
1303 463 1486 508 saxum?
1808 493 1838 508 20

564 535 675 592 Quis
699 535 954 595 conjugem,
975 535 1070 595 quis
1093 545 1135 579 te
1160 535 1337 579 vocabit
1360 551 1542 579 uxorem
1558 571 1569 591 ,

563 603 831 649 Philomelus
860 606 1001 649 aviam
1032 622 1163 666 quain
1186 616 1422 650 vocaverat
1446 605 1614 666 nuper?

569 675 701 732 Quod
734 677 768 720 si
791 676 979 721 cadaver
1005 678 1139 737 exigis
1169 686 1293 720 tuum
1321 676 1478 737 scalpi3

564 748 792 790 Sternatur
818 763 843 790 a
868 746 1043 791 Coricle
1070 747 1225 791 clinico
1255 747 1391 791 lectus
1407 783 1418 803 ,

565 816 894 861 Thalassionem
921 820 994 878 qui
1018 828 1142 862 tuum
1167 818 1293 862 decet
1317 817 1432 862 solus
1449 854 1460 873 ,
1810 835 1841 858 25

425 979 476 1003 est
502 983 563 1003 suo
588 971 715 1015 frigore
730 997 738 1011 ,
759 971 817 1003 vix
835 970 950 1003 media
973 972 1103 1015 regela-

426 1031 483 1055 tur
505 1031 630 1056 aestate.
648 1040 662 1053 »
693 1023 736 1056 Et
756 1024 882 1056 Juven.
910 1032 972 1057 sat.
997 1025 1050 1064 X,
1071 1037 1102 1057 v.

427 1076 490 1108 218
514 1088 523 1108 :
547 1094 561 1106 a
589 1076 700 1109 Febre
722 1076 810 1109 calet
828 1077 910 1110 sola.
936 1094 949 1106 u

484 1131 542 1163 18.
566 1130 607 1161 In
633 1127 714 1163 edd.
737 1137 821 1163 vett.
843 1129 973 1164 Gaudes
994 1130 1107 1162 ducen—

427 1191 475 1214 tas
498 1190 626 1227 nuptum
647 1185 691 1215 ire
708 1191 782 1228 post
802 1191 914 1216 mortes
925 1196 937 1223 ,·
957 1184 994 1216 in
1011 1183 1083 1216 aliis
1095 1208 1106 1224 ‚

430 1235 561 1268 Gaudes
594 1235 744 1268 ducentas
776 1245 905 1281 nuptum
937 1239 1004 1276 iri,
1039 1244 1105 1269 etc.

426 1288 586 1322 Pulman.
610 1290 701 1335 conj.
733 1288 865 1323 Gaudes
888 1290 1037 1322 ducentas
1064 1292 1107 1322 ire

426 1349 581 1386 nuptum;
605 1350 639 1374 at
666 1343 714 1375 sic
737 1352 788 1376 est
811 1343 849 1375 in
875 1341 956 1376 Ald.
989 1342 1105 1376 1550:

427 1397 588 1438 nuptm-ire
612 1403 712 1428 vetus
731 1394 842 1428 codex
864 1395 1037 1440 Cagnerii.
1055 1416 1107 1421 -

427 1447 590 1479 Dua-enta,-
617 1456 691 1492 post
731 1456 842 1480 mortes
869 1449 1105 1488 maritorum3

429 1500 669 1545 hyperbolice.
688 1499 772 1533 Vid.
807 1501 869 1533 lib.
896 1501 969 1543 IX,
998 1500 1107 1545 epigr.

430 1565 547 1586 Lxxw.

487 1618 544 1649 19.
577 1606 749 1651 Virumque
771 1606 914 1645 demens,
943 1614 1008 1639 ete.
1032 1606 1109 1639 Ma-

429 1658 538 1692 ritum
553 1659 680 1704 quaeris
698 1658 761 1703 qui
775 1659 910 1703 pruriat
922 1658 959 1691 in
975 1666 1021 1700 te,
1032 1671 1109 1704 quae

428 1712 497 1755 jain
522 1712 612 1744 nihil
630 1711 727 1745 aliud
746 1724 781 1744 es
804 1724 911 1757 quani
937 1711 1109 1753 cadaver,

429 1764 485 1797 vel
504 1764 603 1798 cinis.

486 1830 543 1849 20.
567 1817 658 1861 Quid
681 1820 808 1850 sarrire.
837 1817 909 1858 Qui
935 1818 1040 1850 vellet
1063 1829 1113 1851 sa-

430 1882 513 1902 xum
526 1870 652 1903 sarrire
669 1883 743 1903 non
757 1870 865 1915 magis
878 1883 1021 1916 operam
1032 1883 1111 1915 per·

433 1922 531 1957 deret
551 1935 656 1968 quam
679 1923 743 1968 qui
765 1924 869 1957 vellet
891 1932 925 1957 te
939 1949 948 1963 ‚
976 1936 1112 1957 saxeam

433 1988 604 2009 exercere.
626 1975 713 2010 Vid.
744 1976 855 2022 epigr.
886 1989 986 2010 xxxn
1012 1990 1112 2022 supr.

433 2041 483 2062 vs.
510 2033 542 2069 4.
563 2029 690 2062 Sam-ire
716 2030 863 2075 proprie
891 2039 942 2064 est
970 2030 1112 2063 sarculis

434 2082 580 2114 humum
606 2081 748 2122 fodere,
775 2095 886 2128 quum
913 2096 1039 2128 nempe
1069 2084 1112 2116 ab

434 2135 634 2168 infelicibus
658 2144 693 2168 et
711 2136 825 2168 noxiis
847 2136 967 2169 herbis
987 2136 1112 2171 leviter

433 2187 622 2233 scalpendo
641 2197 839 2233 purgantur
853 2198 994 2233 segetes.

490 2253 545 2274 21.
566 2242 705 2274 Thuan.
724 2250 757 2274 et
776 2242 890 2275 Vatic.
916 2251 944 2273 te
966 2245 1034 2287 quis
1054 2256 1112 2273 vo-

435 2293 529 2325 cubit.

491 2347 878 2387 22.Pl1il0mecusaviam‚
895 2356 959 2380 etc.
978 2347 1022 2380 Et
1037 2348 1112 2392 ipse

435 2410 556 2440 senex,
572 2411 675 2444 quem
689 2400 894 2433 maritorum
907 2413 1112 2445 supremum

436 2451 599 2484 extulisti.

492 2509 551 2543 24.
575 2505 743 2538 Sternatur
755 2520 773 2538 a
796 2506 911 2540 Coride
928 2510 959 2539 ιἰι
978 2507 1113 2539 triclinio

438 2558 474 2589 in
497 2556 706 2601 quibusdam
729 2567 812 2593 vett.
838 2560 1010 2604 probante
1036 2560 1114 2593 Mu-

435 2611 638 2643 sambertio:
652 2611 965 2645 SternaturAcoride
979 2613 1111 2645 triclinio

430 2664 472 2697 in
485 2661 562 2696 Ald.
582 2664 681 2697 Junt.
700 2672 802 2712 atque
816 2665 930 2698 Colin.
946 2666 1113 2700 Stet-natm·

1163 972 1286 1004 Aclzori
1306 972 1343 1003 de
1371 971 1507 1002 triclinio
1529 970 1613 1015 legit
1636 968 1842 1014 Cagnerius.

1163 1024 1328 1057 Nostram
1365 1024 1550 1057 lectionem
1587 1030 1700 1056 servat
1733 1020 1843 1055 editio

1164 1076 1303 1122 Gryph.
1326 1075 1420 1109 Vide
1448 1076 1593 1122 Joseph.
1621 1074 1746 1120 Scalig.
1775 1075 1846 1107 Au-

1164 1130 1294 1164 soniar.
1323 1130 1420 1163 Lect.
1446 1130 1509 1163 lib.
1540 1130 1599 1171 II,
1625 1141 1702 1174 cap.
1731 1132 1767 1168 4.
1792 1128 1845 1160 De

1165 1183 1426 1228 permutatione
1453 1183 1485 1214 cl
1509 1191 1542 1216 et
1561 1182 1585 1214 d
1600 1183 1672 1227 jam
1691 1180 1843 1215 diximus

1164 1235 1208 1269 ad
1229 1236 1290 1268 lib.
1313 1237 1329 1268 I
1344 1262 1353 1276 ,
1379 1236 1488 1281 epigr.
1514 1248 1606 1268 xctx.
1629 1235 1798 1268 Sternatur
1825 1246 1845 1266 a

1167 1288 1293 1322 Coriole
1325 1290 1460 1321 triclinio
1490 1301 1532 1321 ex
1559 1288 1710 1333 antiquis
1738 1285 1840 1320 codd.

1165 1342 1299 1387 profert
1316 1342 1598 1375 Musambertius.
1612 1362 1664 1368 ——
1678 1341 1847 1374 Sternatur

1165 1408 1185 1426 ιι
1209 1394 1344 1427 Com-le.
1364 1395 1446 1428 Tibi
1467 1395 1601 1427 nubere
1616 1392 1749 1426 volenti
1769 1405 1843 1425 non

1165 1447 1308 1491 genialis
1333 1448 1462 1489 lectus,
1490 1446 1550 1480 sed
1587 1446 1757 1479 feretrum
1789 1446 1846 1479 vel

1165 1499 1345 1545 sandapila
1363 1498 1517 1545 paranda
1537 1507 1589 1533 est
1603 1525 1612 1540 ‚
1634 1499 1705 1532 imo
1730 1499 1842 1532 lectus

1167 1554 1228 1586 ubi
1248 1553 1379 1586 mortui
1410 1554 1446 1586 in
1479 1553 1596 1594 atriis,
1624 1551 1772 1597 pedibus
1801 1550 1846 1584 ad

1167 1607 1257 1639 fores
1274 1607 1444 1651 porrectis
1465 1606 1671 1639 locabantur
1682 1630 1692 1646 ,
1707 1612 1748 1637 ut
1764 1603 1847 1637 inde

1166 1659 1271 1692 simul
1284 1672 1365 1692 cum
1385 1660 1461 1705 ipso
1477 1659 1571 1692 lecto
1583 1658 1796 1691 efferrentur
1813 1665 1848 1691 et

1167 1721 1418 1746 cremarentur.
1444 1711 1537 1745 Vide
1564 1712 1627 1744 lib.
1646 1711 1680 1743 X
1696 1736 1706 1752 .,
1734 1710 1843 1756 epigr.

1167 1777 1278 1798 xcvn.
1307 1765 1401 1798 Pers.
1435 1773 1497 1798 sat.
1526 1765 1602 1805 III,
1619 1777 1721 1797 versu
1745 1762 1811 1797 103
1834 1775 1843 1797 :

1173 1834 1187 1847 α
1202 1817 1433 1863 Tandemque
1456 1817 1617 1851 beatulus
1641 1817 1712 1850 alto
1741 1816 1846 1849 Com-

1168 1871 1302 1916 positus
1337 1872 1429 1904 lecto
1447 1897 1456 1913 ,
1493 1870 1683 1915 crassisque
1716 1869 1847 1902 lutatus

1169 1925 1315 1958 amomis
1329 1950 1339 1967 ,
1359 1925 1402 1957 In
1427 1932 1566 1970 portam
1588 1921 1719 1967 rigidos
1738 1922 1847 1956 calces

1168 1976 1336 2010 extendit.
1350 1995 1364 2006 n
1379 1999 1427 2004 —
1443 1975 1699 2016 Clinico.1dest‚
1710 1974 1849 2020 Vespil-

1169 2030 1250 2063 lone
1266 2043 1372 2075 quem
1385 2030 1541 2062 irrisorie
1554 2029 1719 2062 clinicum
1733 2036 1848 2070 vocat,

1169 2084 1259 2116 sicut
1288 2095 1414 2128 snpra,
1448 2083 1508 2116 lib.
1538 2083 1575 2123 l,
1598 2082 1847 2127 epigrammate

1171 2148 1275 2169 xxxi:
1299 2154 1311 2165 «
1333 2135 1526 2181 Chirurgus
1539 2135 1668 2175 fuerat,
1686 2146 1782 2168 nunc
1797 2140 1849 2167 est

1169 2189 1316 2234 vespillo
1353 2189 1523 2222 Diaulus:
1550 2188 1664 2233 Coepit
1686 2200 1757 2233 quo
1782 2199 1846 2232 po·

1171 2250 1259 2274 terat
1281 2242 1426 2276 clinicus
1446 2255 1517 2275 esse
1538 2239 1657 2274 modo.
1677 2257 1690 2270 ιι

1228 2308 1244 2327 2
1253 2294 1281 2327 5,
1297 2296 1328 2328 T
1327 2295 1542 2328 lmlassionem.
1555 2294 1704 2328 Carmen
1715 2293 1847 2338 nuptiis

1172 2347 1326 2381 solemne
1344 2347 1437 2393 apud
1450 2349 1626 2380 Romanos
1638 2371 1647 2387 ‚
1665 2355 1705 2379 ut
1718 2346 1847 2391 Hyme-

1172 2413 1266 2434 naeus
1297 2400 1393 2446 apud
1425 2401 1576 2434 Graecos.
1606 2398 1689 2432 Vid.
1720 2398 1781 2431 lib.
1802 2399 1847 2440 I,

1173 2454 1282 2499 epigr.
1306 2466 1409 2487 xxxv1
1425 2480 1434 2494 ,
1452 2466 1501 2486 vs.
1525 2451 1729 2486 6.—Solus.
1750 2451 1846 2483 Tha-

1173 2507 1274 2540 lassio
1293 2506 1363 2540 dici
1382 2507 1513 2540 solebat
1531 2519 1549 2538 a
1568 2505 1707 2545 inultis,
1720 2515 1847 2548 nempe

1174 2560 1217 2593 ad
1236 2560 1375 2605 nuptias
1395 2559 1526 2593 vocatis
1542 2573 1548 2590 z
1569 2559 1652 2591 solus
1669 2569 1751 2590 vero
1769 2567 1846 2590 ves·

1171 2613 1257 2658 pillo
1278 2622 1378 2658 aptus
1397 2621 1470 2646 erat
1493 2612 1553 2656 qui
1572 2610 1609 2643 id
1629 2621 1769 2643 carmen
1790 2620 1845 2642 ca·-

1172 2675 1270 2699 neret
1287 2665 1492 2699 Vetustillae.
1513 2665 1665 2707 Langius.
