2061 3288
425 256 505 285 xv1
649 241 735 284 DE
772 242 836 285 M.
858 242 995 286 VAL.
1034 244 1423 289 MARTIALIS
1460 247 1622 290 VITA

424 331 504 383 IV,
536 327 747 373 Caracalli
774 345 1018 391 percussor.
1048 331 1115 373 De
1134 330 1327 376 kalendis
1351 334 1520 377 Martiis
1543 336 1685 378 Poetae
1712 345 1830 379 nata-

424 398 523 443 litiis
546 401 606 444 ita
629 401 693 456 X,
722 402 809 456 24,
833 399 1046 444 Martialis
1067 401 1158 462 ipse
1180 402 1296 445 canit
1312 436 1324 456 ,

683 510 839 547 Natales
860 509 954 546 mihi
976 510 1124 548 Martiae
1145 511 1350 559 Kalendae,

683 575 767 609 Lux
789 572 993 609 formosior
1015 571 1192 610 omnihus
1213 573 1407 611 Kalendis.

421 690 465 725 et
489 679 561 726 lib.
585 679 759 736 eodem,
786 680 922 741 epigr.
946 695 1044 725 xcn
1064 697 1073 723 :

627 793 792 827 Martem
811 802 982 827 mearum
1001 789 1215 840 principem
1233 790 1505 829 Kalendarum.

490 899 669 959 Coquus
694 897 815 941 audit
835 897 951 958 apud
981 897 1284 959 Lampridium
1306 899 1351 942 in
1374 898 1621 942 Alexandro
1642 900 1824 944 Severo:

424 989 445 1010 «
473 970 536 1013 Ut
556 968 769 1012 Martialis
790 968 954 1029 Coqui,
977 971 1135 1028 inquit,
1157 969 1426 1029 epigramma
1450 970 1689 1031 significat,
1709 971 1827 1030 quod

418 1050 572 1084 contra
592 1039 825 1100 quamdam
846 1037 1028 1083 Gelliam
1050 1039 1221 1099 scripsit
1239 1039 1487 1099 hujusmodi
1507 1057 1514 1082 :
1539 1040 1688 1096 Quum
1714 1040 1826 1102 lepo-

418 1128 508 1155 rem
538 1111 685 1155 mittis.
712 1130 732 1150 »
764 1111 966 1170 Coquum
987 1109 1089 1152 item
1115 1108 1304 1170 appellat
1326 1111 1515 1153 Joannes
1539 1110 1824 1154 Sarisberien-

417 1183 494 1238 sis,
524 1180 594 1225 lib.
621 1181 759 1234 VIII,
789 1179 1002 1239 Polycrat.
1035 1195 1128 1240 cap.
1159 1178 1188 1223 6
1221 1189 1264 1223 et
1300 1178 1356 1225 13
1376 1215 1388 1236 ,
1410 1190 1453 1224 et
1478 1190 1630 1224 auctor
1655 1181 1823 1241 Sopho-

417 1252 542 1312 logii,
558 1252 645 1294 VII
659 1286 669 1305 ,
701 1267 714 1294 1
730 1268 754 1294 2
772 1286 782 1306 ,
803 1259 960 1311 praeter
979 1248 1086 1293 alios
1106 1249 1318 1310 quosdam
1333 1284 1343 1303 ,
1364 1252 1438 1310 qui
1459 1252 1592 1294 vitam
1612 1251 1824 1296 Martialis

415 1323 780 1382 conscripserunt.
812 1320 945 1377 Quod
967 1336 1128 1363 nomen
1157 1336 1212 1363 an
1234 1319 1490 1381 gentilitium
1514 1322 1589 1376 sit,
1618 1338 1673 1364 an
1698 1332 1822 1382 post-

415 1393 600 1437 humum
633 1402 676 1436 et
699 1392 926 1436 hominum
952 1389 1094 1434 studio
1122 1390 1306 1434 inditum
1323 1426 1334 1447 ,
1367 1408 1456 1434 non
1484 1391 1685 1435 decerno.
1713 1393 1824 1436 Sunt

415 1465 489 1525 qui
509 1472 714 1508 censeant
735 1479 758 1506 a
773 1462 985 1507 conviviis
1000 1497 1011 1517 ,
1031 1477 1125 1521 quae
1143 1460 1393 1521 frequenter
1414 1460 1626 1518 celebrat,
1648 1463 1821 1516 Xeni1s‚

414 1534 795 1596 Apophoretisque
815 1533 901 1576 hoc
924 1531 983 1574 illi
1013 1548 1173 1575 nomen
1199 1532 1420 1575 conditum
1442 1549 1451 1574 :
1475 1531 1545 1575 alii
1567 1549 1613 1576 re
1637 1533 1729 1593 ipsa
1748 1550 1822 1577 co-

414 1623 550 1666 quum
570 1606 706 1665 egisse
737 1603 948 1665 principio
978 1603 1233 1646 existimant.
1260 1603 1415 1658 Titius,
1441 1604 1549 1658 VII,
1579 1619 1654 1647 21.
1677 1604 1715 1646 A
1737 1619 1821 1647 ma-

409 1677 578 1737 joribus
601 1675 829 1719 adhaesisse
850 1672 909 1717 illi
928 1674 1071 1734 potius
1095 1673 1356 1727 existimem,
1379 1689 1455 1716 seu
1476 1690 1633 1734 parens
1656 1690 1823 1734 coquus

414 1748 468 1791 ab
488 1746 673 1790 artificio
695 1745 852 1800 audiit,
876 1761 951 1787 seu
976 1760 1000 1787 a
1025 1743 1261 1803 majoribus
1283 1744 1461 1804 accepit.
1484 1744 1556 1787 Ob
1575 1753 1663 1788 tam
1683 1760 1822 1804 pauca

413 1820 728 1878 epigrammata
748 1853 759 1872 ,
786 1815 941 1876 quibus
968 1815 1167 1858 convivia
1197 1813 1388 1857 celebrat
1405 1850 1416 1869 ,
1446 1814 1819 1858 nomenclaturam

413 1889 528 1933 hanc
559 1888 784 1949 indeptum
823 1902 915 1930 esse
954 1902 1043 1928 non
1081 1894 1145 1928 est
1178 1901 1284 1928 vero
1316 1884 1462 1928 simile.
1500 1887 1565 1928 Ex
1600 1885 1821 1928 hodiernis

414 1959 698 2020 scriptoribus
728 1957 1011 2002 Casaubonus
1026 1990 1037 2011 ,
1058 1955 1168 1999 Roh.
1191 1956 1326 1998 Titius
1343 1991 1353 2011 ,
1380 1955 1586 1998 Claudius
1603 1991 1614 2011 ,
1632 1956 1821 1998 Musam-

414 2031 577 2075 bertius
604 2045 678 2073 seu
704 2026 929 2072 Marcilius
947 2062 958 2081 ,
982 2027 1140 2070 iterum
1164 2042 1353 2086 coquum
1374 2025 1631 2085 indigitant:
1655 2024 1724 2068 alii
1744 2041 1819 2068 ne-

413 2111 544 2162 gant3
578 2110 815 2160 natumque
850 2113 1043 2142 errorem
1083 2097 1202 2139 hunc
1239 2112 1291 2138 ex
1334 2105 1541 2155 corrupto
1578 2095 1819 2155 Lampridii

414 2172 563 2216 codice
582 2207 593 2226 ‚
620 2170 878 2230 conjiciunt,
908 2184 1037 2228 quem
1064 2167 1124 2209 ita
1152 2165 1328 2225 legunt:
1350 2176 1401 2208 at
1426 2166 1661 2209 Martialis
1686 2182 1814 2220 eoce,

412 2260 493 2304 pro
519 2258 707 2303 quoque.
739 2241 809 2284 Sic
837 2239 951 2282 enim
984 2238 1123 2298 prisce
1155 2235 1452 2279 scribebatur:
1485 2235 1600 2279 unde
1625 2239 1724 2279 coci
1744 2252 1818 2279 seu

413 2316 547 2374 coqui
581 2328 667 2355 vox
706 2310 900 2354 derivata
932 2324 982 2351 ac
1022 2307 1270 2368 depravata.
1313 2306 1530 2349 Meursius
1564 2306 1617 2349 de
1656 2305 1817 2366 gloria,

413 2384 638 2429 Claverius
659 2382 703 2424 in
727 2382 817 2424 vita
836 2379 993 2434 Persii,
1017 2378 1282 2421 Ramiresius
1300 2376 1353 2420 ad
1373 2377 1497 2438 prim.
1516 2377 1649 2437 epigr.
1673 2377 1813 2435 Spect.

411 2454 496 2499 Sed
525 2470 606 2514 ego
630 2451 823 2496 codicem
853 2449 973 2493 illum
1002 2449 1227 2509 antiquum
1258 2447 1495 2508 Lampridii
1526 2457 1721 2506 optarem
1752 2447 1810 2488 in-

414 2526 603 2586 spicere,
630 2532 672 2566 et
701 2523 744 2565 in
770 2537 859 2564 rem
881 2529 1136 2581 praesentem
1162 2519 1321 2562 venire.
1349 2517 1467 2574 Quid
1493 2515 1642 2559 enim?
1667 2517 1709 2559 in
1732 2516 1815 2559 hac

414 2596 504 2641 sola
530 2610 638 2638 voce
669 2601 871 2636 errarunt
891 2590 1077 2646 librarii,
1108 2591 1151 2632 in
1180 2589 1344 2633 caeteris
1376 2586 1602 2630 emendate
1628 2587 1814 2646 scripse-

412 2665 547 2711 runt?
576 2663 701 2707 Aliud
724 2671 813 2718 est,
838 2661 955 2722 quod
986 2677 1054 2705 me
1081 2669 1247 2713 movet,
1275 2668 1323 2702 ut
1350 2674 1445 2702 eam
1472 2659 1732 2717 scripturam
1758 2655 1815 2722 ita
