2061 3288
454 261 517 307 70

828 246 890 289 Μ.
914 245 1055 290 VAL.
1096 245 1489 289 MARTIALIS

1054 392 1270 448 XXII.

676 543 741 572 DE
779 543 1028 572 PORSENA
1065 542 1127 571 ET

1166 541 1338 571 MUCIO
1376 541 1643 572 SCAEVOLA.

523 662 676 719 QUEM
701 671 873 723 peteret
895 678 1043 723 regem
1069 661 1254 722 decepta
1278 659 1460 705 satellite
1483 660 1658 717 dextra,

592 733 780 794 Ingessit
809 733 942 777 sacris
970 749 1014 776 se
1046 733 1239 793 peritura
1264 731 1388 776 focis.

525 802 611 848 Sed
639 813 729 848 tam
754 820 868 848 saeva
894 804 991 864 pius
1015 802 1228 846 miracula
1255 819 1345 846 non
1369 801 1470 846 tulit
1492 802 1651 858 hostis,

595 875 654 918 Et
676 884 852 936 raptum
874 874 1060 919 flammis
1078 873 1206 934 jussit
1229 873 1347 917 abire
1372 873 1528 917 virum.

523 945 667 989 Urere
696 960 828 1006 quam
859 946 1004 1006 potuit
1032 953 1287 1005 contempto
1312 944 1488 988 Mucius
1515 944 1642 1005 igne,
1859 963 1875 987 5

595 1017 721 1060 Hanc
751 1025 947 1077 spectare
977 1031 1157 1060 manum
1182 1017 1375 1059 Porsena
1399 1031 1489 1058 non
1518 1014 1675 1075 potuit.

524 1086 671 1146 Major
700 1086 892 1148 deceptae
922 1086 1039 1131 fama
1063 1095 1128 1130 est
1154 1095 1196 1130 et
1222 1084 1359 1147 gloria
1384 1085 1546 1130 dextrae
1567 1101 1576 1128 :

590 1158 635 1201 Si
660 1174 749 1201 non
774 1169 983 1213 errasset,
1009 1157 1174 1202 fecerat
1197 1155 1269 1201 illa
1293 1157 1449 1202 minus.

510 1297 525 1317 1
535 1311 542 1318 .
554 1285 640 1318 Dum
650 1293 771 1331 peteret
784 1284 864 1319 Ald.
878 1286 899 1318 J
904 1293 978 1320 unt.
991 1285 1131 1332 Gryph.

454 1337 573 1372 Colin.
589 1338 705 1373 Pulm.
718 1339 802 1372 Jun.
822 1338 965 1384 aliaeque
979 1347 1064 1372 vett.
1080 1359 1133 1365 —

456 1392 563 1436 Quum
572 1400 702 1437 peteret.
717 1391 800 1424 Haec
816 1392 960 1424 historia
971 1391 1133 1424 Porsenae

456 1452 492 1478 et
513 1444 627 1478 Mucii
643 1443 803 1479 Scaevolae
819 1444 897 1477 satis
917 1452 999 1477 nota
1021 1452 1071 1477 est
1091 1455 1133 1476 ex

454 1497 577 1538 Livio,
598 1497 660 1530 lib.
684 1499 738 1538 113
762 1496 833 1531 vid.
862 1508 1002 1542 quoque
1026 1496 1133 1529 Sene-

454 1561 531 1583 cam
543 1576 552 1591 ‚
563 1551 670 1596 epigr.
682 1562 832 1584 xmv.—-
841 1550 996 1583 Satellz'te.
1015 1549 1132 1582 Scriba

454 1602 608 1645 scilicet,
629 1616 733 1649 quern
755 1615 835 1636 cum
853 1615 935 1648 rege
954 1600 1134 1635 sedentem

454 1656 532 1701 pari
553 1657 625 1690 fere
647 1664 775 1690 ornatu
792 1682 802 1697 ‚
825 1656 1059 1689 obtruncavit.

513 1722 546 1742 2.
564 1710 678 1750 Infecit
689 1708 767 1742 Ald.
787 1710 886 1742 Junt.
907 1709 1047 1756 Gryph.
1066 1708 1133 1742 Co-

453 1761 518 1795 lin.
541 1762 657 1796 Pulm.
684 1763 769 1795 Jun.
798 1763 943 1807 aliaeque
969 1769 1051 1794 vett.
1082 1782 1134 1787 —

452 1814 562 1848 Sacris
571 1817 656 1858 focis
668 1828 681 1855 ;
700 1827 844 1849 accenso
865 1814 908 1849 ad
924 1814 1134 1848 sacrificium

452 1868 583 1901 foculo.

507 1921 540 1954 3.
557 1921 649 1954 Saeva
669 1922 834 1955 miracala.
853 1921 1057 1955 Mirabilem
1066 1920 1134 1953 viri

450 1974 631 2019 generosi,
654 1983 687 2008 at
708 1987 832 2008 saevam
853 1983 886 2008 et
911 1974 1052 2008 noxiam
1075 1972 1135 2006 do-

449 2028 568 2069 mino,
593 2027 852 2061 fortitudinem.
873 2047 927 2054 -—·
942 2028 1033 2061 Pius.
1054 2027 1131 2060 Cle-

448 2080 603 2114 mentior
620 2093 700 2126 erga
721 2081 902 2121 Mucium,
928 2093 1034 2126 quam
1056 2079 1130 2125 ipse

447 2132 588 2168 Mucius
604 2146 685 2178 erga
702 2146 750 2168 se.

1247 1287 1280 1320 8.
1297 1286 1432 1319 Fecerat
1449 1285 1507 1317 illa
1527 1286 1638 1317 minus.
1662 1283 1730 1316 Pro
1743 1284 1873 1326 fecisset

1191 1350 1290 1371 more
1329 1336 1500 1384 loquendi
1539 1349 1661 1382 graeco.
1702 1336 1873 1369 Similiter

1193 1391 1323 1424 Seneca
1341 1403 1348 1424 ε
1374 1408 1388 1420 «ι
1408 1391 1569 1425 Confecit
1582 1389 1713 1423 bellum
1728 1389 1871 1422 inermis

1192 1457 1232 1477 ac
1249 1456 1393 1477 mancus
1407 1470 1415 1487 ‚
1430 1452 1463 1477 et
1484 1443 1542 1476 illa
1561 1451 1683 1476 trunca
1697 1455 1802 1475 manu
1815 1455 1871 1475 re-

1192 1509 1251 1541 ges
1273 1495 1360 1529 duos
1382 1497 1484 1537 vicit,
1511 1497 1699 1529 Porsenam
1729 1503 1763 1528 et
1783 1496 1870 1528 Tar-

1193 1549 1366 1593 quinium.
1388 1567 1400 1579 n
1422 1550 1525 1582 Enim
1544 1561 1628 1582 vero
1641 1549 1669 1581 si
1685 1560 1801 1593 regem
1815 1560 1872 1581 oc-

1194 1601 1334 1636 cidisset
1355 1602 1510 1640 Mucius,
1536 1602 1653 1635 forsan
1672 1602 1732 1647 qui
1754 1613 1873 1647 super-

1193 1663 1292 1687 erant
1313 1681 1322 1694 ,
1356 1667 1435 1689 eum
1467 1656 1573 1688 ulturi
1600 1655 1872 1699 permansissent

1194 1719 1307 1752 usque
1337 1707 1381 1740 ad
1411 1709 1520 1741 Urbis
1541 1708 1866 1753 expugnationem:

1193 1761 1311 1793 effecit
1342 1773 1462 1801 error,
1483 1769 1521 1794 ut
1548 1761 1721 1800 Porsena,
1751 1759 1870 1794 audita

1193 1813 1305 1846 Mucii
1336 1813 1513 1852 oratione,
1541 1814 1700 1847 timuerit
1725 1822 1757 1846 et
1793 1814 1870 1846 abs-

1194 1867 1352 1907 cesserit3
1385 1879 1466 1911 ergo
1491 1866 1606 1900 minus
1632 1867 1766 1900 fecisset
1794 1866 1869 1899 haec

1194 1919 1315 1952 dextra
1327 1946 1335 1961 ‚
1349 1919 1544 1952 occidendo
1556 1932 1671 1964 regem
1682 1945 1690 1959 ‚
1702 1931 1807 1964 quain
1819 1931 1871 1951 er—

1194 1972 1308 2006 rando
1326 1983 1359 2006 et
1379 1973 1494 2018 ignem
1512 1971 1677 2016 deinceps
1696 1973 1870 2016 patienter

1194 2025 1390 2059 tolerando.
1408 2024 1501 2058 Vide
1515 2051 1524 2066 ‚
1542 2025 1603 2058 lib.
1618 2026 1708 2057 VIII
1723 2048 1733 2065 ‚
1756 2025 1867 2070 epigr.

1189 2091 1276 2121 xxx;
1306 2087 1339 2111 et
1364 2079 1425 2112 lib.
1448 2079 1500 2119 X,
1528 2078 1637 2124 epigr.
1660 2089 1748 2118 xxv,
1769 2078 1869 2111 fictos

1190 2132 1360 2165 Scaevolas
1380 2131 1417 2164 in
1436 2131 1639 2177 spectaculis
1658 2131 1841 2164 exhibitos.

1029 2251 1286 2307 XXIII.

837 2392 902 2419 DE
940 2391 1115 2419 LEONE
1154 2389 1216 2418 ET
1255 2390 1480 2418 LEPORE.

518 2506 646 2562 QUID
677 2524 767 2551 non
798 2522 911 2551 saeva
938 2506 1052 2567 fugis
1083 2505 1266 2567 placidi,
1297 2503 1448 2566 lepus,
1478 2519 1555 2548 ora
1582 2500 1750 2546 leonis.3

495 2646 524 2666 1.
558 2633 648 2677 Quid
673 2646 734 2666 non
763 2647 846 2666 autera
870 2635 906 2667 in
933 2633 1115 2667 nonnullis

438 2686 715 2732 exemplaribus3
749 2700 821 2720 non
852 2687 970 2730 male,
1000 2686 1115 2732 inquit

1175 2633 1406 2673 Pulmannus,
1434 2638 1581 2676 propter
1603 2629 1725 2674 placidi
1760 2628 1858 2674 quod

1184 2686 1371 2732 sequitur;
1393 2683 1452 2719 alii
1475 2697 1556 2718 nunc
1578 2697 1659 2717 sceva
1677 2697 1689 2717 :
1712 2691 1860 2728 utraque
