2061 3288
467 238 1060 285 EPIGRAMMATUM
1099 237 1223 280 LIB.
1262 237 1296 278 Ι.

1497 232 1587 279 165

387 329 521 388 Quod
544 329 699 391 quaeris
715 364 726 384 ,
754 328 935 389 propius
959 335 1081 388 petas
1107 323 1253 369 licebit
1276 341 1284 366 ;

384 401 490 462 Argi
516 417 673 461 nempe
700 398 811 444 soles
841 398 987 443 subire
1017 396 1165 441 letum.

385 473 553 515 Contra
583 472 768 516 Caesaris
797 480 862 514 est
892 469 1035 513 forum
1068 467 1272 521 taberna,

388 542 569 603 Scriptis
596 541 792 602 postibus
815 541 918 584 hinc
945 549 988 584 et
1011 533 1110 582 inde
1137 538 1263 590 totis,

389 614 556 656 Omnes
584 622 633 655 ut
658 613 744 656 cito
773 610 969 673 perlegas
996 612 1162 654 Poetas.

385 681 512 727 Illinc
542 700 611 727 me
639 693 757 745 pete3
788 699 857 727 me
884 697 1009 742 roges
1035 681 1264 724 Atrectum
1289 696 1296 722 :

385 755 482 798 Hoc
512 771 673 798 nomen
703 754 905 799 dominus
934 753 1045 814 gerit
1070 751 1273 795 tabernae.

382 826 451 868 De
475 826 617 886 primo
648 825 789 881 dabit,
815 824 1007 869 alterove
1033 822 1160 876 nido,

384 896 549 940 Rasum
579 898 752 957 pumice
767 932 779 953 ‚
802 910 1084 957 purpuraque
1110 892 1301 948 cultum,

387 967 592 1011 Denariis
619 968 696 1012 tibi
722 968 912 1029 quinque
939 964 1198 1009 Martialem.

385 1038 512 1082 Tanti
543 1055 632 1082 non
660 1056 728 1094 es,
754 1036 846 1082 ais?
875 1038 1014 1098 sapis,
1042 1038 1256 1097 Luperce.

175 1188 224 1209 vs.
245 1188 264 1221 7
278 1190 286 1216 ;
302 1184 336 1209 et
352 1176 413 1210 lib.
427 1177 496 1218 LX,
516 1177 626 1223 epigr.
641 1189 717 1210 xrn
728 1203 736 1217 ,
755 1189 804 1210 vs.
819 1176 852 1209 3.

229 1244 262 1273 9.
281 1229 369 1274 Argi
385 1230 489 1263 letum.
505 1230 640 1263 Tmesis
658 1238 707 1263 est
721 1242 780 1263 seu
800 1229 854 1262 di-

175 1282 263 1315 visio
275 1293 283 1314 :
298 1283 478 1327 Argiletum
491 1291 541 1316 est
551 1283 647 1328 regio
660 1283 757 1316 urbis
768 1309 776 1323 ‚
792 1283 853 1315 ubi

174 1334 353 1368 habitabat
370 1335 561 1381 bibliopola
580 1338 753 1369 Atrectus.
772 1336 856 1380 Epi-

174 1399 320 1432 gramm.
359 1400 397 1421 1v
423 1401 529 1435 supra
559 1400 567 1421 :
599 1406 612 1419 α
640 1389 855 1434 Argiletanas

175 1441 284 1473 mavis
301 1440 458 1475 habitare
475 1442 645 1476 tabernas.
669 1459 682 1471 »
707 1441 792 1474 Vid.
810 1441 855 1474 ad

175 1493 244 1527 hoc
263 1494 372 1540 epigr.
395 1508 428 1529 v.
450 1507 481 1536 1,
503 1508 579 1540 quae
599 1494 852 1528 adnotavimus.

234 1559 292 1580 10.
313 1547 459 1580 Caesaris.
478 1549 593 1581 Julius
610 1549 724 1582 Caesar
739 1560 854 1581 aream

177 1599 356 1645 ingentem
372 1600 456 1634 emit
478 1601 514 1634 in
534 1602 650 1642 Urbe,
668 1601 704 1634 in
720 1614 787 1646 qua
805 1602 855 1634 fo-

178 1665 257 1685 rum
277 1654 456 1687 exstruxit.
469 1653 562 1687 Vide
574 1667 650 1700 quae
672 1653 853 1687 adnotavi-

177 1717 255 1738 mus
268 1718 373 1751 supra
389 1706 430 1740 ad
448 1707 555 1752 epigr.
577 1720 697 1740 Lxxvn
711 1734 720 1749 ‚
738 1720 771 1740 v.
796 1720 808 1740 1
820 1721 851 1740 2.

237 1771 250 1791 1
264 1771 293 1792 1.
320 1759 454 1804 Scriptis
476 1760 627 1805 postibus.
658 1761 699 1792 In
727 1761 854 1805 quibus

178 1823 305 1856 nempe
315 1812 482 1858 inscripta
496 1821 594 1846 erant
608 1813 782 1845 librorum
800 1826 856 1846 ve-

179 1864 313 1898 nalium
327 1865 531 1907 nomina‚ut
545 1865 651 1898 hodie
666 1865 760 1911 apud
777 1878 853 1898 nos.

179 1937 231 1943 —-
247 1918 374 1952 Poetas.
393 1919 580 1952 Poetarum
605 1919 765 1952 omnium
791 1931 854 1951 no-

179 1970 273 2003 mina
295 1984 368 2005 uno
389 1972 520 2005 intuitu
540 1971 671 2005 videas.

238 2035 252 2055 1
262 2023 295 2057 3.
309 2025 396 2066 Alii,
409 2038 446 2056 ne
460 2038 561 2070 roges.
581 2024 720 2070 Lipsius
738 2032 772 2057 et
787 2026 854 2057 Ra·-

181 2077 297 2110 mires.
306 2076 350 2110 de
358 2077 472 2111 Prado
483 2077 703 2111 contendunt
709 2077 853 2110 omnino

180 2141 253 2162 esse
272 2129 474 2175 legendum,
494 2144 540 2163 me
566 2144 656 2175 rog-es
677 2132 852 2164 Atrectum.

182 2181 329 2215 Gruteri
356 2183 458 2217 codd.
487 2197 541 2216 nec
572 2197 671 2229 roges,
704 2186 784 2216 Ant.
816 2184 854 2216 de

182 2235 271 2281 Rooy
288 2238 378 2281 conj.
405 2249 451 2268 me
477 2250 571 2280 rogas
596 2238 779 2277 Atrectum,
800 2237 854 2269 in-

181 2289 316 2321 tellecta
332 2288 561 2322 conditionali
573 2292 618 2331 si,
634 2298 672 2322 ut
687 2290 778 2322 infra
791 2290 851 2322 lib.

181 2341 235 2374 III
251 2368 259 2383 ‚
279 2342 391 2387 epigr.
408 2354 443 2374 1v
457 2369 465 2384 ,
480 2355 511 2375 v.
537 2343 578 2375 5:
601 2361 614 2372 u
629 2344 701 2376 Cur
723 2342 853 2386 absim,

181 2403 324 2439 quaeret.
335 2412 347 2424 »
356 2394 447 2428 Vide
455 2395 519 2428 San
526 2403 570 2428 ct.
580 2395 729 2428 Minerv.
740 2395 805 2436 IV,
818 2408 850 2440 7,

182 2456 218 2481 et
227 2448 382 2481 Broukh.
397 2447 440 2481 ad
453 2448 585 2481 Tibull.
602 2449 636 2486 Ι,
656 2461 690 2492 7,
705 2447 852 2488 43.Vel:

183 2513 229 2532 me
250 2514 344 2545 rogas
365 2503 559 2534 Atrectum?
579 2509 617 2534 ut
636 2501 733 2546 quasi
747 2502 854 2546 jacta-

181 2553 321 2587 bundus
333 2580 342 2595 ‚
359 2562 393 2587 et
411 2566 490 2587 cum
510 2554 684 2599 emphasi,
707 2554 855 2587 alterum

183 2619 229 2638 me
243 2606 376 2641 efferat.
395 2608 475 2640 Illuc
491 2621 535 2640 me
545 2615 615 2651 pete
626 2635 632 2646 ,
656 2621 692 2639 ne
711 2620 799 2651 roges
819 2608 855 2640 in

914 1176 1012 1208 Junt.
1030 1183 1064 1209 et
1075 1172 1303 1208 Golia—Me
1316 1186 1405 1218 roges
1417 1172 1596 1205 Atrectum.

916 1228 992 1261 Hoc
1007 1236 1074 1269 est,
1088 1239 1145 1260 me
1155 1235 1250 1272 petas
1262 1238 1278 1258 a
1290 1225 1483 1271 bibliopola
1498 1225 1598 1257 Atre-

915 1281 1122 1314 cto.--Alii
1136 1281 1256 1325 legunt
1272 1293 1309 1311 ne
1323 1292 1412 1324 rog-es
1424 1305 1431 1317 ‚
1444 1286 1478 1310 et
1493 1277 1596 1310 intel-

914 1334 1046 1379 ligunt:
1064 1346 1108 1366 ne
1122 1334 1164 1366 sit
1183 1346 1270 1379 opus
1289 1344 1412 1378 rogare
1430 1331 1513 1363 alios
1529 1343 1593 1363 no-

916 1399 994 1420 men
1015 1387 1232 1432 bibliopolae3
1254 1388 1416 1418 Atrectus
1435 1392 1592 1417 vocatur.

974 1440 1029 1473 15.
1056 1441 1107 1472 De
1130 1442 1232 1485 primo
1259 1439 1372 1478 dabit,
1399 1446 1463 1470 etc.
1485 1437 1595 1469 Erant

914 1505 1023 1538 capsae
1062 1493 1097 1525 in
1134 1493 1262 1539 pluteis
1298 1491 1594 1525 bibliothecarum

914 1545 1086 1580 distinctae
1106 1546 1280 1585 numeris,
1305 1558 1388 1591 quas
1409 1543 1595 1588 metapho-

914 1600 986 1632 rice
1012 1599 1101 1632 nidos
1120 1600 1311 1639 vocabant3
1335 1597 1460 1631 ordine
1479 1605 1594 1629 autem

913 1651 1176 1697 praecedebant,
1194 1652 1276 1685 libri
1292 1651 1517 1697 pretiosiores
1535 1657 1594 1682 aut

914 1706 1068 1738 novitate
1105 1704 1340 1739 commendati
1359 1718 1367 1746 ;
1402 1705 1518 1748 itaque
1555 1710 1593 1735 ut

914 1758 1112 1792 ostenderet
1129 1771 1274 1792 suorum
1289 1759 1486 1792 libellorum
1500 1754 1593 1800 apud

914 1813 1093 1845 Atrectum
1113 1812 1375 1845 aestimationem
1388 1837 1396 1851 ‚
1416 1809 1460 1843 de
1479 1809 1594 1854 primo

913 1865 969 1897 vel
987 1863 1142 1897 secundo
1170 1863 1335 1898 daturum
1369 1863 1457 1896 dixit
1477 1874 1484 1895 t
1506 1874 1592 1907 quos

914 1917 1006 1949 enim
1023 1918 1123 1963 parvi
1142 1918 1312 1950 faciebant
1322 1943 1330 1958 ‚
1344 1917 1378 1949 in
1392 1916 1524 1948 ultimis
1538 1915 1592 1947 ni-

913 1969 967 2003 dis
980 1971 1175 2015 ponebant;
1187 1979 1282 2015 patet
1292 1971 1359 2002 hoc
1372 1982 1412 2001 ex
1428 1969 1488 2001 lib.
1502 1968 1589 2007 VII,

913 2024 1021 2069 epigr.
1046 2036 1142 2063 xvn,
1166 2036 1198 2056 v.
1222 2023 1238 2056 5
1261 2035 1268 2056 ε
1289 2023 1390 2055 «Hos
1406 2020 1491 2053 nido
1509 2021 1590 2053 licet

915 2077 1045 2109 inseras
1066 2077 1119 2108 vel
1135 2076 1207 2108 imo
1222 2101 1231 2118 ‚
1255 2076 1394 2120 Septem
1413 2086 1499 2119 quos
1524 2073 1588 2106 tibi

913 2129 1069 2162 misimus
1092 2129 1238 2162 libellos.
1258 2147 1270 2157 n

972 2186 1028 2216 16.
1042 2184 1160 2215 Rasum
1172 2184 1314 2227 pumice,
1337 2189 1401 2213 etc.
1419 2178 1501 2212 Vid.
1520 2180 1592 2223 epi-

913 2249 1066 2281 gramma
1088 2248 1184 2268 van
1208 2247 1332 2279 supra,
1352 2247 1384 2266 v.
1411 2246 1462 2265 1o.

972 2292 1029 2323 18.
1058 2289 1154 2321 Tanti
1181 2302 1243 2320 non
1270 2302 1312 2320 es.
1341 2287 1417 2318 Hoc
1445 2294 1515 2326 est,
1538 2287 1587 2319 tui

914 2342 994 2374 libri
1016 2355 1087 2374 non
1108 2342 1223 2374 valent
1242 2341 1400 2386 quinque
1427 2338 1591 2373 denariis.

914 2416 965 2420 —-
991 2395 1095 2440 Sapis.
1119 2394 1199 2427 Non
1227 2402 1297 2426 tam
1322 2391 1440 2425 laudat
1455 2393 1591 2437 Luper-

914 2460 994 2481 cum
1007 2475 1014 2489 ,
1026 2460 1129 2493 quam
1144 2446 1264 2480 sordes
1277 2448 1349 2491 ejus
1362 2455 1395 2479 et.
1411 2445 1589 2478 avaritiam

914 2499 1050 2534 irridet.
1070 2499 1155 2532 Vid.
1179 2500 1238 2533 lib,
1259 2500 1327 2541 IV,
1347 2499 1454 2544 epigr.
1474 2511 1591 2539 Lxxn3

915 2554 951 2586 in
973 2567 1043 2599 quo
1063 2553 1238 2594 Quintum
1254 2552 1337 2585 huic
1363 2553 1523 2597 Luperco
1548 2553 1590 2584 si-

915 2607 1100 2639 millimum
1122 2605 1245 2639 eodem
1265 2604 1370 2638 modo
1387 2605 1508 2650 carpit.
1524 2605 1589 2637 En.

1304 2742 1383 2794 11³
