2061 3288
444 197 540 254 3¹4

823 204 883 245 M.
910 204 1051 247 VAL.
1092 203 1485 247 MARTIALIS

1085 357 1200 412 LV.

909 515 1002 543 =1N
1050 493 1356 544 GELLIAM.*

509 636 650 693 QUOD
673 652 949 698 quacumque
973 640 1120 693 venis,
1144 639 1357 682 Cosmum
1379 638 1568 698 migrare
1589 647 1818 699 putamus,

580 708 640 751 Et
664 707 799 752 fluere
821 725 1004 753 excusso
1025 709 1228 753 cinnama
1249 708 1346 753 fusa
1368 708 1508 752 vitro:

511 778 552 820 N
556 777 627 822 olo
651 780 890 840 peregrinis
915 779 1088 841 placeas
1112 766 1214 835 tibi}
1241 778 1405 835 Gellia,
1431 779 1571 840 nugis.

581 849 697 906 Scis,
727 860 862 910 puto,
888 867 1016 911 posse
1046 867 1194 895 meum
1220 851 1280 894 sic
1306 850 1418 894 bene
1444 848 1560 894 olere
1587 864 1755 893 canem.

492 982 507 997 '
527 987 678 1021 Gelliam
705 988 855 1022 nimium
882 988 950 1022 sibi
977 989 1121 1034 placen-

440 1049 530 1083 tem,
555 1040 652 1087 quod
673 1042 818 1076 exoticis
844 1040 1012 1076 odoribus
1033 1041 1122 1076 deli-

440 1095 524 1128 buta
544 1106 766 1141 quacumque
784 1094 963 1129 incederet
975 1122 984 1137 ‚
1004 1104 1123 1130 monet

441 1160 562 1181 canem
573 1149 764 1194 quemlibet
776 1149 845 1183 hoc
858 1148 1007 1182 artificio
1024 1161 1123 1195 posse

440 1202 530 1235 bene
552 1202 658 1235 olere.

498 1267 529 1288 1.
560 1255 659 1299 Quod
674 1282 681 1293 ,
703 1262 766 1289 etc.
791 1253 1008 1289 Subauditur
1029 1267 1037 1288 ε
1060 1256 1122 1289 Ni-

440 1310 533 1340 mium
556 1308 614 1341 tibi
628 1309 736 1354 places
752 1335 760 1348 ,
780 1307 878 1354 quod
901 1321 1124 1354 quacumque

441 1361 508 1394 iter
544 1361 628 1395 facis
645 1388 654 1402 ,
691 1370 762 1394 tam
802 1374 943 1395 suavem
977 1361 1124 1396 odorem

441 1415 587 1460 spargis,
602 1423 641 1448 ut
660 1413 823 1449 videatur
839 1415 989 1448 Cosmus
1008 1427 1125 1460 myro-

441 1468 521 1513 pola
534 1481 613 1501 cum
629 1481 689 1502 sua
704 1476 776 1501 tota
790 1468 934 1501 officina
944 1467 1124 1509 incedere3

443 1530 477 1555 et
487 1533 505 1554 e
520 1521 646 1566 phialis
661 1521 782 1554 vitreis
795 1521 904 1554 effusa
922 1521 1030 1555 fluere
1042 1532 1124 1553 aro-

442 1582 534 1607 mata
560 1573 761 1608 videantur.
786 1595 838 1600 —-
865 1574 1024 1609 Cosmum.
1047 1575 1123 1607 Un-

441 1628 664 1672 guentarium
678 1654 687 1669 ‚
709 1629 809 1672 cujus
825 1627 1045 1660 mentionem
1063 1640 1123 1661 sae-

442 1694 487 1726 pe
509 1681 592 1715 facit
610 1681 740 1722 Poeta3
763 1689 801 1713 ut
818 1688 851 1713 et
869 1680 929 1713 lib.
950 1681 966 1713 I
981 1706 991 1722 ‚
1012 1681 1124 1726 epigr.

444 1745 627 1775 Lxxxx-111,
648 1747 681 1767 v.
704 1747 736 1767 2.

499 1800 531 1821 2.
550 1787 708 1820 Excusso.
723 1786 895 1820 Succusso
907 1813 916 1829 ‚
934 1787 987 1819 vel
1002 1786 1123 1820 fracto.

444 1861 495 1866 >—-
513 1840 669 1874 Cinnama
687 1867 695 1879 ‚
715 1849 781 1874 etc.
802 1840 930 1873 Oleum
948 1840 1124 1874 Cinnami.

442 1892 658 1927 Cinnamum
687 1893 780 1926 enim
807 1902 840 1927 et
859 1894 1123 1926 cinnamomum

445 1946 538 1980 idem
570 1955 726 1980 asserunt
757 1946 932 1979 nonnulli.
964 1946 1100 1980 Plinius
1115 1972 1124 1988 ,

442 1999 502 2033 lib.
525 2001 605 2040 XV,
627 2012 703 2046 cap.
735 2013 768 2045 7.
797 2000 1010 2034 Cinnamum
1026 2026 1033 2039 ,
1062 2013 1122 2034 seu

1183 989 1445 1024 cinnamomum
1477 989 1592 1022 frutex
1625 987 1792 1022 odoratus
1823 1001 1863 1022 ex

1184 1042 1266 1076 Asia
1285 1041 1544 1084 devehebatur3
1567 1054 1608 1074 eo
1633 1040 1864 1075 condiebatur

1184 1108 1275 1142 aqua
1296 1095 1413 1129 odoris
1433 1094 1641 1129 suavissimi.

1242 1148 1273 1182 3.
1293 1150 1489 1194 PeregriniS.
1515 1147 1696 1182 Odoribus
1719 1147 1841 1182 alienis
1854 1173 1863 1189 ,

1184 1211 1219 1236 et
1251 1202 1356 1248 longe
1380 1202 1510 1248 petitis.
1538 1201 1628 1235 Sunt
1662 1201 1728 1234 tibi
1764 1200 1864 1234 dotes

1185 1255 1293 1289 animi
1307 1264 1341 1289 et
1360 1255 1539 1301 corporis,
1560 1255 1691 1296 virtus,
1703 1254 1863 1300 pulchri-

1184 1308 1271 1343 tudo
1283 1336 1291 1350 ‚
1316 1317 1382 1342 etc.
1397 1318 1437 1342 ut
1453 1321 1525 1341 non
1544 1321 1641 1354 egeas
1660 1307 1705 1341 ad
1724 1307 1790 1340 tibi
1808 1320 1863 1340 sa-

1185 1361 1431 1396 tisfaciendum
1458 1361 1593 1395 auxiliis
1612 1359 1755 1394 aliunde
1776 1372 1862 1394 con-

1185 1414 1335 1461 quisitis,
1349 1423 1382 1448 et
1393 1427 1469 1460 quae
1481 1427 1600 1447 omnes
1613 1414 1774 1447 homines
1786 1439 1795 1454 ,
1808 1412 1864 1445 vel

1185 1476 1288 1501 etiam
1316 1480 1410 1501 canis
1431 1480 1546 1503 meus,
1574 1480 1610 1500 in
1634 1479 1737 1500 suum
1762 1479 1864 1499 usum

1184 1529 1388 1556 convertere
1409 1529 1566 1566 possunt.
1588 1521 1655 1553 En.
1678 1541 1729 1546 —
1746 1519 1863 1564 Nugc's.

1184 1575 1302 1619 Nugas
1327 1574 1498 1620 appellat,
1519 1581 1714 1618 unguenta,
1743 1585 1864 1618 quem-

1185 1627 1376 1661 admodum
1396 1627 1512 1660 omnia
1528 1652 1537 1668 ‚
1562 1626 1689 1672 quibus
1711 1625 1785 1659 sine
1809 1626 1865 1658 in-

1184 1680 1376 1715 commodo
1411 1692 1529 1713 carere
1566 1691 1753 1725 possumus
1777 1691 1785 1712 z
1815 1678 1864 1712 sie

1183 1747 1303 1768 versus
1320 1746 1421 1778 nugas
1442 1741 1543 1766 vocat
1562 1744 1663 1778 saepe.
1683 1733 1837 1765 Ramires.

1239 1791 1274 1827 4.
1296 1787 1350 1820 Sic
1370 1794 1449 1831 puto
1465 1799 1556 1831 posse
1576 1799 1692 1825 meum,
1716 1787 1778 1826 sic,
1798 1793 1863 1818 etc.

1185 1841 1222 1873 in
1250 1840 1331 1873 Ald.
1356 1840 1454 1873 Junt.
1489 1839 1602 1873 Colin.
1632 1838 1770 1883 Gryph.
1798 1845 1862 1871 etc.

1184 1906 1290 1939 quam
1309 1893 1495 1927 lectionem
1509 1900 1623 1925 servat
1636 1891 1739 1925 etiam
1753 1889 1863 1923 codex

1184 1947 1290 1980 Palat.
1312 1955 1375 1978 tam
1395 1946 1468 1978 bene
1486 1943 1695 1978 Beverlandi
1718 1942 1795 1976 MS.
1811 1963 1863 1968 -—

1185 2000 1238 2034 Sic
1254 2000 1327 2032 bene
1342 2000 1434 2032 olere.
1459 1996 1540 2031 Vid.
1562 1998 1621 2031 lib.
1642 1998 1675 2029 II
1691 2022 1699 2037 ,
1723 2008 1776 2042 ep.
1796 2007 1862 2029 ΧΠ.
