2061 3288
427 221 524 284 ‘378
800 227 861 269 M.
886 227 1026 270 VAL.
1066 228 1460 274 MARTIALIS

638 313 789 369 Quum
811 315 867 358 sis
889 315 1151 376 improbior,
1177 315 1425 373 Malisiane,

636 383 783 440 Quam
809 386 883 445 qui
908 387 1173 446 compositos
1195 397 1336 431 metro
1359 387 1543 446 Tibulli,

637 455 690 497 In
715 454 856 499 Stellae
883 457 1036 501 recitat
1061 456 1192 501 domo
1218 457 1396 503 libellos.
1825 484 1839 509 ⁵

424 590 600 636 improbi,
621 591 719 627 durae
747 593 874 627 frontis
901 595 1005 640 vulgo
1031 608 1102 629 esse

423 643 593 678 dicuntur
613 658 622 687 ;
646 645 795 680 modesti
822 660 907 680 vero
932 656 967 681 et
995 649 1101 690 casti,

427 705 540 730 tenet-ce
552 725 561 738 ,
580 699 661 744 quia
681 700 781 733 facile
801 702 1032 742 erubescunt,
1048 702 1102 735 vel

425 750 508 795 quia
529 751 659 786 similes
679 762 760 787 sunt
779 753 972 788 infantibus
985 781 994 797 ,
1014 768 1102 801 quo-

424 816 506 836 rum
524 805 620 839 frons
642 807 755 840 mollis
774 815 808 840 et
830 815 958 841 tenera.

480 857 515 891 3.
531 858 703 892 Macilz'ane
723 859 806 893 citat
821 860 1010 902 Heraldus;
1029 861 1102 894 Μα-

425 911 536 943 lisiane
555 911 764 946 Beverlandi
781 913 857 947 MS.

480 968 514 1004 4.
531 964 635 1009 Quam
655 969 709 1012 qui
722 969 906 1011 compositos
921 994 931 1007 ,
953 975 1019 1002 etc.
1039 967 1105 1002 Hic

424 1016 644 1052 recitatorem
673 1019 860 1065 quemdam
883 1021 1107 1066 perstringit,

423 1071 524 1116 cujus
558 1084 686 1106 nomeu
724 1073 962 1118 quaesiverunt
996 1074 1103 1108 iuter-

425 1131 541 1168 pretes
558 1136 565 1157 :
581 1125 649 1159 hoc
671 1125 821 1171 intelligi
846 1127 1035 1161 voluerunt
1060 1126 1104 1161 de

424 1177 555 1222 Argiuo
570 1202 579 1219 ‚
600 1179 754 1212 formoso
775 1180 889 1214 Stellae
907 1193 1036 1226 puero,
1059 1180 1104 1214 de

423 1242 493 1274 quo
518 1230 580 1264 lib.
602 1232 697 1269 VII,
729 1232 838 1278 epigr.
867 1246 924 1275 xv,
953 1234 1013 1280 qui
1040 1233 1104 1267 do-

424 1295 514 1316 mini
552 1295 672 1319 versus
703 1294 852 1320 recitare
888 1295 993 1332 atque
1020 1300 1102 1321 assi-

424 1335 495 1369 due
510 1338 689 1372 cantillare
702 1340 839 1373 soleret.
851 1340 972 1381 Quum
986 1350 1103 1374 autem

425 1389 515 1423 nihil
542 1391 610 1424 hoc
634 1394 785 1438 probare
812 1394 944 1439 possit,
967 1403 1001 1427 et
1024 1394 1104 1427 inu-

423 1442 492 1477 tilis
510 1444 555 1478 sit
568 1444 789 1491 investigatio
801 1472 810 1488 ‚
825 1446 998 1493 quidquid
1011 1448 1106 1481 volet

1161 597 1333 630 lectorem
1351 609 1492 631 censere
1513 598 1675 633 sinemus.
1699 599 1765 632 En.
1788 620 1842 626 —

1162 650 1268 684 Metro
1298 650 1428 684 Tibulli.
1455 651 1639 697 Elegiaco,
1665 653 1722 685 vel
1750 664 1842 698 puro

1162 703 1315 736 iambico
1329 729 1340 745 ,
1358 716 1427 749 quo
1447 704 1608 738 Tibullus
1631 713 1666 738 et
1684 705 1842 750 priapeia

1162 755 1323 802 quaedam
1342 757 1490 802 scripsit.
1504 778 1556 786 ——
1576 758 1707 791 Tibulli.
1718 758 1843 791 Tibul-

1164 810 1217 843 lus
1244 808 1368 843 eodem
1395 822 1465 856 quo
1488 810 1637 845 Ovidius
1664 824 1758 844 anno
1773 836 1783 852 ,
1806 810 1842 844 id

1164 871 1215 897 est
1230 876 1249 907 7
1261 876 1273 896 1
1287 875 1301 896 1
1320 864 1362 896 ab
1379 863 1478 896 Urbe
1492 863 1646 905 condita,
1661 872 1712 897 est
1728 871 1841 897 natus.

1220 916 1252 949 5.
1274 917 1314 949 In
1332 916 1441 950 Stellae
1458 919 1569 949 recitat
1591 917 1695 950 domo.
1718 916 1844 957 Stella,

1164 968 1208 1003 de
1238 982 1309 1014 quo
1335 969 1467 1003 mentio
1492 969 1589 1015 apud
1619 969 1788 1007 Statium,
1810 978 1844 1003 et

1165 1021 1260 1067 apud
1277 1022 1446 1056 Nostrum
1458 1049 1467 1065 ,
1484 1022 1546 1057 lib.
1565 1023 1601 1064 I,
1621 1023 1733 1069 epigr.
1753 1034 1842 1063 V111,

1163 1083 1230 1109 etc.
1250 1074 1396 1109 domum
1415 1088 1511 1109 suam
1523 1101 1533 1118 ‚
1553 1088 1620 1121 pro
1637 1088 1735 1109 more
1751 1075 1843 1109 divi-

1164 1137 1257 1171 tum,
1277 1129 1505 1162 recitantibus
1523 1128 1767 1163 commodabat
1780 1154 1789 1170 ,
1805 1137 1844 1162 ut

1164 1182 1297 1215 Fronto
1309 1208 1318 1223 ,
1333 1182 1462 1216 Juven.
1485 1191 1546 1216 sat.
1567 1183 1584 1215 I
1599 1209 1608 1223 ,
1632 1190 1667 1215 et
1688 1181 1844 1216 Maculo·

1163 1248 1252 1277 nus,
1270 1236 1395 1268 Juven.
1421 1243 1482 1269 sat.
1504 1236 1589 1269 VII.
1612 1235 1844 1281 Pauperiores

1164 1289 1225 1322 has
1243 1301 1315 1322 non
1337 1287 1610 1322 commodabant
1631 1288 1691 1322 sed
1709 1286 1845 1322 condu-

1164 1340 1293 1375 cendas
1314 1341 1468 1384 dabant;
1487 1340 1773 1387 auditoriumque
1791 1353 1846 1373 ex-

1163 1396 1362 1428 struebatur
1384 1395 1691 1439 instruebaturque
1709 1392 1843 1428 condu-

1165 1448 1228 1481 ctis
1248 1447 1433 1482 subselliis.
1452 1449 1578 1481 Juven.
1597 1446 1684 1481 ibid.

1052 1594 1198 1653 VII.

941 1759 1009 1786 AD
1048 1740 1328 1788 HYLLUM.*

495 1892 597 1933 (jun
622 1889 725 1933 here
749 1889 867 1950 quod
888 1889 1093 1945 dederas,
1117 1889 1266 1945 hodie,
1291 1906 1401 1952 puer
1427 1889 1554 1951 Hylle
1571 1926 1583 1945 ,
1604 1889 1803 1951 negasti?

564 1962 714 2004 Durus
744 1970 833 2004 tam
861 1960 1029 2017 subito,
1055 1961 1129 2021 qui
1152 1961 1285 2005 modo
1310 1961 1424 2004 mitis
1447 1959 1575 2004 eras?

495 2030 582 2074 Sed
603 2031 694 2091 jam
719 2032 912 2076 causaris
933 2031 1223 2092 barbamque,
1245 2048 1491 2092 annosque,
1513 2030 1714 2092 pilosque
1737 2049 1746 2075 ε

566 2103 607 2145 Ο
639 2119 727 2146 nox
757 2119 887 2163 quam
914 2101 1044 2163 longa
1075 2119 1144 2159 es,
1167 2119 1262 2162 quae
1291 2101 1395 2147 facis
1425 2118 1512 2146 una
1539 2099 1708 2146 senem!

479 2244 494 2258 ⁴¹
514 2247 661 2281 Accusat
691 2248 838 2294 Hyllum
865 2260 1016 2294 puerum
1048 2248 1104 2280 in-

424 2300 645 2343 constantiae,
664 2299 852 2347 qui,qu0d
874 2313 945 2334 uno
967 2299 1022 2334 die
1039 2299 1101 2333 de-

424 2351 541 2394 derat,
553 2354 712 2399 sequenti
726 2354 864 2400 negavit
875 2367 884 2396 ;
898 2354 1105 2388 causabatur

424 2419 533 2439 annos
555 2407 791 2453 barbamque,
819 2420 895 2453 quae
920 2407 1106 2440 emeritum

422 2459 493 2503 jam
511 2459 622 2493 facere
639 2459 813 2494 debebant
836 2473 927 2494 eum.
953 2460 1031 2494 Hoc
1055 2461 1105 2493 fa-

424 2520 520 2544 ctum
548 2525 620 2545 esse
646 2526 715 2547 una
742 2522 846 2547 nocte
870 2513 963 2547 ridet
990 2522 1103 2559 poeta.

426 2565 578 2598 Rama-es.

477 2617 597 2651 ——Ad
606 2619 727 2663 Hylam
739 2620 988 2654 inscribiturin
1001 2619 1103 2653 editis

427 2684 439 2703 ι
450 2671 616 2704 otei-ibus.

1221 2259 1252 2280 1.
1275 2247 1374 2280 Here.
1398 2246 1496 2280 Heri.
1517 2246 1596 2280 Lib.
1614 2247 1651 2289 I,
1674 2246 1840 2293 epigram.

1163 2312 1260 2342 xuv,
1277 2313 1327 2334 vs.
1353 2312 1393 2342 23
1409 2308 1443 2333 et
1463 2299 1526 2333 lib.
1548 2300 1622 2341 III,
1635 2300 1745 2346 epigr.
1766 2312 1821 2333 xn
1835 2325 1845 2341 ,

1164 2366 1266 2387 versu
1289 2366 1322 2386 2.
1337 2353 1497 2397 —Quod
1513 2352 1644 2385 dederas
1658 2379 1666 2393 ‚
1685 2361 1750 2386 etc.
1772 2353 1843 2386 Tui

1165 2407 1303 2452 copiam
1326 2418 1335 2439 :
1368 2406 1435 2439 nisi
1470 2405 1568 2439 malis
1601 2417 1674 2439 esse
1706 2414 1843 2439 tantum

1165 2472 1272 2493 unam
1286 2459 1516 2493 basiationem
1531 2485 1540 2500 ‚
1556 2471 1661 2504 quam
1681 2458 1712 2492 ei
1729 2457 1843 2503 pridie

1164 2513 1315 2546 libenter
1343 2511 1487 2545 dederat
1513 2524 1632 2545 reeens
1659 2523 1677 2543 a
1702 2519 1843 2544 tonsore

1163 2565 1353 2611 laevigatus.
1371 2565 1437 2598 En.

1221 2619 1254 2652 3.
1269 2619 1487 2663 Barbamquc,
1503 2630 1660 2662 annosque
1670 2643 1678 2655 ,
1687 2616 1842 2662 pilosque.

1167 2672 1252 2712 Quae
1273 2681 1305 2705 te
1328 2671 1509 2704 emeritum
1531 2667 1761 2703 reddiderint.
