2061 3288
443 282 474 309 11
868 265 1201 308 EDITORIS
1238 266 1411 309 NOVI

506 373 609 414 Haec
641 370 838 432 equidem
870 386 972 414 vera
1001 369 1134 414 nolim
1175 370 1350 414 diffiteri
1375 387 1382 412 :
1409 385 1655 430 quanquam
1680 407 1691 427 ,
1728 374 1841 433 quod

434 452 708 496 obscuritatis
745 468 920 497 causam
958 468 1047 495 non
1084 452 1316 512 perspicias
1353 461 1396 495 et
1431 453 1620 513 assignes
1642 489 1654 510 ,
1690 470 1742 497 ex
1792 471 1843 498 eo

434 551 521 579 non
548 536 742 595 sequitur
762 535 1005 578 necessario
1032 535 1168 578 inesse
1195 534 1530 589 obscuritatem3
1552 551 1717 595 neque,
1739 536 1841 580 dum

433 633 479 660 re
518 632 622 660 vera
656 616 957 661 immorabitur
999 617 1151 676 saepius
1189 625 1233 659 et
1260 616 1475 660 haesitabit
1504 617 1577 677 qui
1613 615 1843 678 legendum

433 701 677 746 Martialem
708 699 939 759 suscipiet,
961 698 1057 757 jure
1087 697 1270 751 dixeris,
1301 713 1381 741 nec
1412 698 1732 742 immorandum
1757 716 1841 743 un-

432 800 562 846 quam
588 799 699 837 esse,
733 797 813 824 nec
839 779 1141 825 haesitandum.
1165 778 1249 823 Sed
1275 795 1329 822 ne
1359 778 1484 840 plura
1506 780 1549 823 in
1571 781 1717 836 irrito,
1748 797 1843 825 eam

430 882 604 911 causam
623 862 746 908 facile
767 863 956 924 reperire
977 872 1062 915 est,
1079 878 1173 922 quae
1194 862 1334 905 minus
1355 863 1606 922 perspicuos
1620 863 1845 923 Epigram-

428 949 598 993 matarii
626 947 762 991 nostri
774 947 897 1006 jocos
917 961 1028 1006 saepe
1046 944 1171 1000 facit,
1195 943 1434 988 dummodo
1454 944 1603 988 sedulo
1627 947 1817 989 excutias
1831 981 1843 999 ,

428 1042 471 1075 et
499 1030 624 1092 quale
656 1031 711 1073 sit
745 1027 804 1072 illi
838 1028 1000 1089 ingenii
1032 1042 1187 1088 genus,
1224 1035 1266 1070 et
1295 1026 1451 1087 quibus
1485 1027 1706 1087 ingenium
1738 1027 1842 1071 illud

429 1129 555 1157 suum
580 1110 797 1172 applicare
828 1109 1113 1153 consueverit

495 1193 689 1254 Nempe,
722 1201 770 1235 ut
806 1191 935 1235 facies
969 1199 1011 1233 et
1046 1199 1211 1233 statura
1240 1190 1496 1243 hominum,
1534 1190 1593 1233 ita
1619 1191 1837 1251 ingenium

425 1274 651 1336 multiplex
668 1272 886 1334 quoddam
913 1282 955 1315 et
977 1273 1145 1315 varium
1170 1280 1244 1315 est.
1273 1274 1329 1314 At
1344 1287 1423 1326 ne,
1447 1273 1490 1313 in
1514 1271 1774 1332 multiplices
1799 1283 1841 1316 et

424 1375 561 1420 prope
601 1359 880 1410 innumeras,
921 1354 1039 1414 quod
1076 1354 1225 1408 aiunt,
1266 1352 1552 1413 specialitates
1589 1355 1623 1397 si
1664 1354 1842 1416 degredi

422 1440 658 1493 acciderit,
694 1437 799 1481 nihil
831 1439 920 1497 jam
964 1446 1228 1489 secernatur,
1257 1444 1299 1479 et
1334 1446 1596 1480 evanescant
1633 1438 1840 1498 praecipui

422 1528 690 1583 χαρακτῆρες,
712 1518 871 1580 duplex
890 1528 1059 1562 tantum
1081 1518 1240 1578 ingenii
1265 1533 1399 1578 genus
1420 1517 1711 1578 distinguitur.
1727 1518 1839 1563 Illud

422 1603 663 1656 excelsum,
685 1612 727 1645 et
750 1611 920 1644 vastum
937 1635 948 1653 ,
971 1610 1013 1643 et
1038 1598 1241 1653 sublime,
1269 1598 1357 1641 «nil
1384 1615 1569 1659 parvum
1592 1609 1667 1644 aut
1688 1599 1838 1643 humili

423 1687 554 1732 modo
570 1721 580 1740 ,
607 1684 665 1728 nil
693 1682 913 1728 mortale»
933 1691 1086 1737 sonat3
1116 1681 1300 1725 alterum
1325 1690 1552 1742 argutum,
1578 1681 1758 1739 subtile,
1784 1684 1839 1725 vi-

420 1769 569 1812 vidum
590 1804 600 1822 ‚
628 1766 874 1826 lepidissimi
907 1764 1116 1808 acuminis
1136 1794 1150 1819 7
1185 1762 1464 1824 rapidissimae
1507 1765 1707 1825 nequitiae
1742 1765 1838 1825 plus

422 1851 564 1894 habet.
590 1848 653 1892 Illi
674 1847 815 1909 placet
839 1862 973 1907 regna
992 1856 1035 1889 et
1060 1861 1204 1907 reges,
1234 1845 1465 1906 magnifice
1490 1855 1635 1907 gesta,
1660 1861 1838 1908 magnas

422 1931 564 1976 clades
590 1930 842 1992 gravissima
865 1944 972 1971 voce
1003 1926 1143 1987 loqui3
1170 1926 1274 1970 huic
1299 1943 1404 1970 vero
1432 1943 1454 1970 e
1477 1929 1653 1971 summis
1681 1929 1724 1971 in
1752 1930 1836 1971 ima

422 2014 542 2074 quasi
560 2010 838 2056 desultatoria
859 2025 1001 2070 penna
1015 2007 1195 2051 volitare
1208 2042 1219 2063 ,
1240 2017 1282 2051 et
1301 2007 1408 2051 sales
1423 2024 1645 2069 spargere,
1662 2019 1705 2053 et
1724 2009 1834 2054 face-

423 2097 526 2151 tias,
555 2103 598 2139 et
622 2095 758 2154 jocos.
784 2094 1001 2136 Homerus
1029 2101 1072 2134 et
1092 2090 1264 2150 Tragici
1295 2099 1338 2133 et
1361 2089 1701 2151 Dithyrambicae
1727 2108 1835 2152 poe-

423 2194 517 2221 scos
554 2176 756 2237 princeps
792 2172 1002 2217 Pindarus
1033 2170 1105 2216 illo
1135 2170 1362 2227 claruere;
1391 2171 1476 2215 hoc
1505 2173 1834 2234 Σατυρογράφους

421 2269 465 2303 ct
489 2259 717 2311 Comicos,
749 2257 834 2300 hoc
868 2254 1202 2315 Aristophanem
1232 2263 1274 2297 et
1298 2254 1541 2297 Lucianum
1574 2254 1690 2315 apud
1721 2256 1835 2300 Grae-

423 2357 520 2393 cos,
552 2340 595 2382 in
618 2338 742 2382 Italia
772 2336 972 2381 Plautum
1003 2345 1046 2379 et
1073 2333 1342 2390 Martialem,
1371 2335 1704 2380 commendavit.

495 2423 548 2464 At
569 2420 662 2464 haec
681 2419 735 2463 de
757 2419 914 2480 quibus
935 2418 1158 2478 jocantur,
1180 2415 1321 2477 qualia
1346 2433 1436 2461 esse
1456 2433 1572 2461 nunc
1595 2427 1797 2477 putemus
1815 2418 1832 2461 'z'

427 2502 597 2547 Scilicet
618 2518 686 2544 res
708 2501 806 2545 vitae
831 2500 1066 2543 levissimas
1085 2508 1128 2542 et
1153 2499 1480 2555 minutissimas,
1501 2508 1550 2542 ut
1571 2499 1754 2544 civitatis
1776 2503 1829 2543 ri-

426 2582 555 2627 diculi
580 2599 743 2636 mores,
771 2578 955 2624 vestium
980 2580 1119 2624 forma
1144 2590 1187 2624 et
1213 2579 1352 2636 color,
1380 2579 1625 2624 convivales
1654 2597 1832 2642 appara-

427 2676 514 2720 tus,
546 2666 766 2708 amatoriae
802 2663 1028 2722 nequitiae,
1068 2661 1241 2723 religio,
1275 2662 1406 2715 aedes,
1437 2661 1548 2715 ludi,
1586 2662 1670 2706 (loli
1709 2673 1750 2707 et
1785 2663 1827 2706 id
