2061 3288
584 199 674 242 DE
713 199 1201 245 SPECTACULIS.
1576 216 1601 259 7

830 362 949 417 III.

283 542 341 579 121]
380 538 598 569 GENTIUM
637 538 887 570 CONFLUXU
926 539 983 568 ΕΤ
1022 537 1499 568 CONGRATULATIONB.

181 664 320 702 Caesari
336 663 564 714 gratulatur,
582 663 687 714 quod
702 677 750 700 ex
764 664 868 700 omni
883 662 990 700 orbis
1008 671 1137 714 parto,
1154 661 1202 699 ad
1222 675 1337 712 qnam
1352 662 1516 699 Romani
1534 666 1603 699 Po-

234 729 315 780 puli
346 741 485 766 nomen
514 737 770 779 pervenerat,
797 727 1053 764 confluxerint
1081 734 1235 776 gentes,
1263 726 1459 776 spectandi
1491 727 1604 764 ludos

233 794 498 845 salutandique
526 794 606 845 ejus
629 793 775 841 studi03
799 793 981 844 quodque
1003 792 1171 845 generali
1193 793 1465 831 acclamatione
1495 793 1607 830 illum

233 864 383 900 Patrem
406 861 543 897 Patriae
567 860 828 898 salutaverint.
844 862 914 898 En.

250 991 367 1048 QUAE
391 1000 481 1034 tam
505 990 694 1051 seposita
719 999 808 1045 est,
831 1005 928 1050 quae
951 1005 1058 1050 gens
1080 998 1170 1032 tam
1194 987 1405 1042 barbara,
1429 990 1603 1043 Caesar⁷

321 1063 388 1105 Ex
411 1076 498 1121 qua
521 1069 742 1121 spectator
764 1075 854 1103 non
878 1060 933 1103 sit
956 1061 1001 1102 in
1024 1058 1133 1103 urbe
1156 1058 1263 1103 tua?

250 1132 384 1176 Venit
406 1132 460 1175 ab
486 1132 669 1192 Orpheo
693 1129 836 1176 cultor
859 1129 1146 1190 Rhodopeius
1170 1132 1347 1183 Haemo,

319 1203 454 1246 Venit
479 1211 523 1246 et
551 1211 682 1263 epoto
707 1203 906 1246 Sarmata
932 1209 1081 1262 pastus
1106 1216 1243 1261 equo;

248 1330 332 1373 Καὶ
357 1330 399 1373 τί
424 1330 542 1374 7τόσον
571 1330 782 1390 τηλουρὸν,
809 1324 928 1382 ἅναξ,
957 1328 1024 1371 καὶ
1053 1325 1255 1389 βάρέαρον
1282 1329 1411 1382 ἔθνος,

319 1391 379 1452 Εξ
402 1403 499 1444 ὅτου
522 1403 598 1460 οὐχ
618 1401 718 1461 ἵςωρ
742 1402 784 1450 ἐς,
807 1400 896 1442 τεὸν
921 1397 999 1449 σ’ίςυ
1023 1406 1181 1460 παρῆν;

248 1463 451 1523 Ενναέτγις
475 1461 663 1522 ῥοδόπης
686 1470 836 1516 λείπων
864 1460 1042 1530 Ορφῆῖον
1067 1466 1195 1530 Αἷμον

318 1529 421 1587 flm’
449 1542 705 1604 ἱππημολγός
731 1543 769 1584 τ’
796 1535 935 1585 ἐνθάδε
965 1541 1244 1601 Σαυρομάτης.

232 1677 247 1691 *
262 1682 304 1714 In
327 1680 406 1715 cod.
426 1680 527 1715 Bodl.
551 1680 755 1715 inscribitur
774 1692 782 1714 :
806 1682 859 1717 De

179 1737 339 1767 nationum
349 1748 514 1768 consensu:
523 1735 544 1767 J
548 1743 624 1768 unt.
635 1735 670 1768 A
672 1735 696 1766 d
705 1735 832 1767 eundem
847 1747 858 1767 .-

179 1788 214 1822 in
238 1788 314 1821 aliis
342 1796 425 1821 vett.
451 1788 512 1822 Ad
534 1788 662 1822 eundem
689 1787 856 1820 Caesarem.

238 1853 270 1874 1.
297 1841 454 1886 Seposita.
485 1841 698 1874 Caeterarum
722 1853 741 1873 a
761 1853 859 1874 com·

180 1893 311 1928 mercio
330 1907 394 1940 per
409 1894 702 1940 longinquitatem
721 1892 859 1939 disjun-

180 1955 247 1980 cta.
266 1948 333 1981 En.
346 1969 399 1973 --
414 1948 575 1980 Bar-bara.
591 1947 641 1981 Ex
654 1947 859 1980 Graecorum

179 1998 354 2034 divisione
369 1999 514 2043 mundi,
528 2001 654 2046 quibus
669 2012 789 2033 omnes
801 2000 860 2033 alii

179 2054 321 2089 Barbari
338 2052 434 2087 dicti.

235 2119 268 2139 2.
293 2106 470 2151 Spectator.
490 2107 601 2140 Multa
622 2115 696 2140 erat
716 2105 859 2139 advenis

179 2158 310 2203 cupido
329 2158 464 2192 visendi
484 2160 700 2204 spectacula,
719 2168 757 2193 ut
773 2159 859 2203 legi-

180 2224 257 2245 mus
276 2211 370 2257 apud
390 2213 532 2245 Sueton.
550 2212 584 2244 in
605 2213 690 2246 Caes.
709 2212 769 2256 39.
790 2213 856 2246 En.

234 2265 267 2296 3.
291 2266 397 2297 l'enit.
422 2266 563 2299 Venere
585 2273 796 2310 spectatores
817 2266 859 2297 ab

179 2318 342 2351 omnihus
370 2326 540 2351 terrarum
566 2318 748 2363 partibus,
767 2317 859 2351 scili-

179 2379 233 2403 cet
249 2384 266 2403 a
283 2371 544 2416 Septelutrione
556 2371 738 2412 Sarmatae3
753 2383 771 2402 a
784 2371 860 2403 Me-

178 2423 267 2457 ridie
302 2425 422 2458 ineolae
456 2424 526 2457 Nili
543 2437 551 2465 3
590 2425 631 2456 ab
665 2422 857 2456 Occidente

178 2477 323 2522 Hispani
347 2477 401 2510 vel
427 2477 607 2517 Britanni;
637 2477 680 2509 ab
711 2476 857 2508 Oriente

180 2530 320 2562 Arabes.
343 2531 410 2563 ΕΙ).
440 2551 491 2555 --
523 2530 662 2574 Orpheo.
684 2527 857 2574 Rhodope

181 2590 215 2614 et
245 2582 384 2616 Haemus
416 2592 552 2616 montes
581 2591 661 2615 sunt
687 2582 855 2615 Thraeiae.

181 2634 348 2684 Orpheus
370 2626 510 2671 Haemus
535 2635 685 2676 dicitur,
706 2635 795 2681 quia.
813 2633 858 2668 ad

918 1692 999 1715 eum
1021 1679 1228 1715 habitarunt
1252 1689 1414 1726 parentes
1440 1681 1601 1727 Orphei;

918 1732 1000 1767 vide
1028 1733 1204 1775 Plinium,
1229 1734 1292 1768 lib.
1316 1735 1382 1775 IV,
1411 1747 1487 1780 cap.
1522 1747 1534 1768 1
1565 1743 1599 1768 et

922 1800 939 1819 2
955 1813 964 1828 ‚
982 1787 1043 1819 ubi
1063 1787 1132 1832 agit
1150 1786 1194 1820 de
1212 1787 1324 1832 patria
1344 1787 1491 1833 Orphei.

974 1844 1008 1880 4.
1030 1840 1130 1872 Venit
1148 1848 1178 1875 et
1195 1854 1213 1872 e.
1229 1848 1307 1885 poto
1324 1841 1426 1874 Junt.
1446 1862 1497 1866 -—
1519 1841 1599 1874 Sar-

919 1900 1004 1925 mata
1023 1901 1136 1937 pastus
1157 1906 1247 1939 equo.
1273 1893 1443 1927 Sarmatia
1469 1892 1600 1939 duplex

919 1953 989 1986 est,
1015 1946 1187 1992 Europaea
1220 1954 1254 1979 et
1290 1946 1462 1980 Asia-tica:
1483 1947 1597 1979 Euro-

920 2011 1029 2044 poeam
1045 2024 1054 2040 ,
1086 2000 1231 2031 Russiam
1247 2025 1257 2038 ,
1285 2008 1389 2032 vocat·
1416 1999 1570 2033 ortelius
1587 2026 1596 2041 ,

920 2052 1104 2085 Asiaticam
1119 2064 1204 2085 vero
1225 2052 1418 2086 Tartariam.
1435 2067 1448 2079 «
1466 2052 1602 2086 Sarma-

920 2113 1033 2138 tarum
1054 2117 1198 2151 quoque
1221 2113 1341 2150 gentes
1363 2105 1430 2139 hae
1452 2108 1600 2140 maxime

919 2158 1019 2203 pulte
1049 2159 1191 2192 aluntur
1207 2184 1216 2197 ‚
1237 2166 1272 2191 et
1292 2157 1401 2191 cruda
1423 2159 1528 2192 etiam
1549 2159 1598 2192 fa-

918 2211 995 2247 rina
1010 2237 1024 2252 „
1046 2212 1177 2257 equino
1206 2211 1315 2253 lacte,
1343 2212 1399 2244 vel
1428 2212 1599 2257 sanguine

919 2277 938 2297 e
956 2264 1068 2297 cruris
1089 2264 1186 2297 venis
1208 2263 1374 2297 admixto.
1399 2282 1411 2292 »
1438 2264 1574 2298 Plinius
1589 2290 1599 2305 ,

919 2317 980 2351 lib.
1017 2317 1163 2358 XVIII,
1194 2329 1271 2363 cap.
1310 2330 1351 2350 10
1379 2318 1443 2349 sub
1479 2318 1598 2352 finem.

921 2369 1021 2402 Idem
1047 2382 1111 2403 nos
1135 2369 1239 2403 docet
1255 2369 1401 2415 Dionys.
1420 2370 1600 2416 Perieges:

916 2424 1017 2455 ἵππου
1036 2423 1159 2467 Αἶμᾳτι
1189 2424 1359 2468 μίσγοντες
1385 2425 1492 2456 λευκὸν
1515 2425 1602 2468 γάλα

918 2473 1023 2508 δαῖτα,
1035 2475 1288 2521 τιθεῖσι.νίι’ςὶ1.
1300 2476 1344 2509 G.
1357 2476 1422 2509 III.
1432 2476 1600 2518 Gelonus,

924 2546 936 2557 «
954 2529 1073 2569 Quum
1091 2528 1178 2573 fugit
1198 2529 1234 2562 in
1252 2528 1453 2573 Rhodopen
1467 2555 1477 2569 ‚
1499 2539 1604 2575 atque

919 2581 956 2614 in
972 2580 1109 2614 deserta
1124 2581 1292 2614 Getarum
1306 2607 1315 2622 .‚
1333 2582 1376 2614 Et
1389 2583 1440 2615 lac
1457 2595 1599 2616 concre¹

919 2643 992 2668 tum
1012 2647 1093 2671 cum
1112 2636 1281 2680 sanguine
1304 2643 1402 2681 potat
1423 2636 1564 2680 equino,
1584 2653 1600 2666 ιι

1346 2699 1395 2746 1ιί
