2061 3288
490 199 1080 246 EPIGRAMMATUM
1119 200 1242 242 LIB.
1284 200 1370 242 IV.

1520 198 1609 253 461

341 290 477 334 Duxit
506 299 549 332 et
577 298 746 333 aestates
774 287 988 349 synthesis
1019 302 1106 329 una
1137 285 1303 330 decem.

272 360 415 405 Saltus
436 376 615 421 aprum,
629 375 810 420 campus
832 358 1024 420 leporem
1047 357 1124 401 tibi
1152 358 1267 400 misit
1287 358 1552 418 inemptum;

341 431 471 492 Sylva
501 447 656 492 graves
685 429 837 474 turdos
868 429 1084 490 exagitata
1109 427 1240 471 dedit.

271 503 440 563 Raptus
469 501 678 545 flumineo
706 502 825 545 venit
853 500 906 544 de
931 500 1104 561 gurgite
1130 499 1284 559 piscis;

342 574 456 616 Vina
487 572 648 616 rubens
676 571 788 615 fudit
813 587 902 615 non
930 571 1163 632 peregrina
1187 568 1333 614 cadus.

270 644 364 688 Nec
390 653 512 688 tener
533 642 735 704 Argolica
761 643 916 686 missus
942 641 996 685 de
1024 650 1152 702 gente
1174 641 1391 696 minister,

343 714 429 758 Sed
459 714 578 758 stetit
600 712 751 758 inculti
775 713 936 757 rustica
962 712 1091 756 turba
1119 711 1219 770 foci.

272 784 429 829 Villica
458 784 525 828 vel
556 784 653 828 duri
685 799 934 845 compressa
958 792 1023 827 est
1046 792 1184 844 nupta
1210 780 1376 835 coloni,

206 924 351 957 Romani
363 925 551 970 repositam
570 925 747 958 habebant
764 933 881 970 togam

204 990 308 1023 quani
337 979 519 1012 sumebant
538 978 714 1011 rarissime
734 978 885 1011 solenni·

205 1031 267 1063 bus
284 1031 319 1063 in
338 1031 431 1064 festis
446 1046 454 1071 3
477 1044 583 1076 quum
598 1029 755 1064 kalendae
769 1040 884 1064 autem

202 1083 360 1124 Junoni‚
383 1083 460 1117 idus
475 1085 555 1117 Jovi
574 1096 678 1118 sacrae
692 1093 828 1126 essent,
847 1092 885 1117 ut

205 1137 253 1170 ait
283 1136 460 1179 Ovidius,
488 1138 580 1171 Fast.
614 1138 653 1178 I,
683 1155 696 1167 α
716 1137 886 1171 Vindicat

207 1190 378 1223 Ausonias
401 1191 552 1224 Junonis
580 1203 666 1224 cura
696 1190 884 1231 kalendas;

206 1242 328 1276 Idibus
344 1243 419 1277 alba
438 1244 520 1277 Jovi
540 1243 709 1289 grandior
726 1256 811 1289 agna
828 1257 884 1277 ca-

207 1295 259 1329 dit
277 1309 319 1338 n;
349 1295 392 1329 ad
421 1309 516 1330 sacra
548 1296 707 1342 quaedam
745 1297 885 1342 publica

207 1350 359 1395 populus
389 1350 618 1383 conveniebat
648 1359 785 1395 togatus
814 1362 821 1383 :
849 1350 884 1383 in

206 1402 407 1448 municipiis
423 1411 541 1436 autem
557 1403 670 1436 rarior
687 1411 776 1448 togae
791 1415 883 1437 usus.

205 1456 333 1489 Juven.
361 1464 425 1489 sat.
453 1457 529 1497 III,
548 1469 598 1490 vs.
633 1468 699 1500 171
726 1468 734 1490 :
767 1474 781 1487 ιε
802 1457 885 1490 Pars

206 1520 329 1553 inagna
355 1509 486 1550 Italiae,
512 1510 539 1542 si
569 1522 692 1542 verum
728 1507 885 1543 admitti-

207 1574 305 1602 mus,
327 1562 364 1594 in
389 1575 457 1607 qna
486 1562 599 1596 Nemo
632 1571 748 1607 togam
780 1563 886 1596 sumit

208 1614 274 1647 nisi
302 1623 472 1648 mortuus.
500 1632 513 1645 n
541 1614 628 1649 Vid.
653 1624 687 1649 et
708 1616 801 1650 Plin.
824 1616 883 1649 lib.

209 1668 280 1699 VH
298 1693 307 1706 ,
328 1668 429 1712 epist.
451 1669 484 1701 8.
506 1691 558 1695 —
579 1669 738 1702 Emissa.
763 1670 885 1711 Quum

207 1719 409 1753 educuntur
444 1729 553 1754 vestes
585 1734 626 1754 ex
662 1721 790 1755 arculis
823 1722 886 1755 ubi

209 1782 411 1815 servantur,
431 1776 545 1807 solent
563 1774 680 1807 excuti
706 1773 748 1807 ad
768 1776 888 1820 pulve-

209 1839 282 1859 rem
318 1827 572 1872 purgandum3
602 1836 636 1860 et
674 1840 745 1873 quo
775 1828 887 1862 rarius

210 1878 422 1913 educebatur
440 1880 519 1913 Lini
543 1888 619 1925 toga
636 1906 644 1921 ‚
667 1893 707 1914 eo
721 1881 887 1925 pulverea

210 1933 329 1978 magis,
349 1934 416 1966 En.

266 1990 299 2026 4.
331 1986 504 2031 SJ-Jztlcesis.
537 1987 653 2020 Vestis
682 1987 886 2029 coenatoria,

210 2037 254 2071 de
282 2051 349 2085 qua
371 2040 443 2085 jam
474 2040 583 2073 multa
615 2040 760 2073 mentio.
794 2040 887 2075 Vide

211 2104 314 2137 supra
340 2093 450 2138 epigr.
474 2105 578 2134 me,
602 2106 652 2127 vs.
683 2093 741 2127 15.
766 2094 885 2135 Quum

211 2145 403 2190 synthesim
429 2158 502 2178 non
525 2154 676 2179 mutaret
697 2147 826 2189 Linus,
849 2157 886 2181 ut

212 2197 349 2238 Zoilus,
371 2198 432 2232 lib.
459 2200 505 2239 V,
536 2199 644 2244 epigr.
670 2212 796 2239 Lxxlx,
821 2213 886 2235 nec

213 2249 370 2295 quotidie
383 2250 474 2296 apud
495 2252 622 2285 amicos
634 2262 784 2286 coenaret
798 2277 806 2293 ‚
824 2253 886 2287 diu

213 2301 333 2336 eadem
355 2304 510 2349 synthesi
531 2305 707 2338 utebatur.
725 2306 792 2339 En.

268 2356 303 2391 5.
316 2356 423 2390 Saltus
436 2370 557 2402 aprum.
573 2358 650 2391 Hoc
665 2366 728 2395 est,
740 2359 887 2401 venaris,

212 2409 355 2454 piscaris
373 2436 382 2451 ,
409 2418 442 2443 et
471 2408 665 2444 vindemias
694 2411 826 2456 colligis
850 2412 887 2445 in

214 2462 284 2494 tuis
311 2461 480 2507 praediis;
514 2462 595 2496 inde
631 2464 790 2509 pecuniae
822 2473 889 2498 tuae

215 2528 379 2560 parcens,
401 2528 512 2561 quum
529 2517 703 2550 esculenta
725 2525 758 2550 et
777 2529 889 2563 pocu-

217 2569 306 2601 lenta
326 2569 442 2602 omnia
461 2569 586 2603 habeas
602 2578 662 2603 tua
674 2595 683 2610 ‚
703 2571 800 2603 nullo
814 2583 893 2616 pre-

216 2622 264 2653 tio
274 2631 544 2667 eomparata.—-
560 2624 741 2667 Inemptum.
756 2625 892 2657 Labore

946 923 1142 957 venationis
1157 931 1305 963 tantum,
1320 935 1393 956 non
1407 923 1521 968 pretio
1537 936 1628 969 quae-

946 977 1063 1010 situm.
1092 994 1105 1007 α
1126 977 1284 1022 Dapibus
1302 989 1436 1010 mensas
1457 978 1625 1010 onerabat

947 1030 1111 1076 inemptis
1132 1048 1160 1069 u,
1184 1031 1284 1076 Virg.
1306 1030 1435 1075 Georg.
1458 1031 1521 1063 [V.

1001 1083 1159 1130 &Sylva
1187 1083 1253 1117 Hic
1280 1084 1394 1116 notari
1423 1092 1538 1129 potest
1565 1096 1626 1116 vo-

947 1149 1025 1170 cum
1040 1138 1130 1181 sylva
1151 1145 1185 1170 et
1204 1137 1305 1169 saltus
1324 1136 1513 1170 discrimen
1532 1138 1628 1170 :No-

946 1199 1018 1223 stro
1029 1190 1088 1223 hic
1102 1190 1272 1230 ferarum,
1284 1190 1342 1223 illa
1359 1190 1556 1223 volucrium
1576 1199 1628 1224 est

947 1242 1084 1276 domus.
1101 1244 1169 1276 En.
1185 1265 1237 1270 ——
1254 1243 1388 1277 Graves.
1400 1244 1562 1289 Pingues.
1574 1266 1627 1270 —-

948 1297 1142 1341 Exagitata.
1162 1296 1234 1330 Tui
1252 1296 1411 1330 venantis
1433 1296 1627 1342 indagatio-

947 1362 1008 1391 ne,
1031 1358 1064 1383 et
1082 1362 1210 1383 canum
1230 1350 1455 1384 clamoribus.
1479 1351 1546 1384 Ει).

1000 1403 1033 1436 8.
1055 1403 1190 1437 Rubens.
1220 1404 1266 1436 Et
1293 1415 1312 1436 a
1336 1403 1412 1436 vini
1432 1403 1572 1444 colore,
1592 1412 1627 1437 et

947 1469 965 1489 a
990 1456 1107 1490 colore
1132 1464 1227 1490 testae
1254 1456 1335 1502 igne
1366 1464 1491 1498 coctae3
1513 1469 1554 1490 ex
1572 1470 1628 1490 ar·

945 1509 1027 1554 gilla
1051 1509 1144 1542 enim
1166 1510 1298 1543 fiebant
1324 1510 1429 1554 vulgo
1449 1509 1555 1544 dolia.
1575 1532 1626 1537 —

947 1563 1022 1596 Non
1051 1566 1232 1608 peregrina.
1262 1564 1423 1608 Inempta
1460 1575 1602 1609 quoque
1617 1590 1626 1605 ,

946 1623 1026 1649 nata
1048 1616 1085 1649 in
1104 1616 1217 1649 vineis
1237 1616 1317 1650 tuis.
1337 1617 1404 1649 En.

1001 1682 1034 1714 9.
1064 1670 1133 1703 Nec
1164 1677 1247 1701 tenet
1267 1668 1322 1703 ed.
1350 1669 1500 1703 Juntina
1532 1682 1627 1703 anno

952 1734 966 1755 1
978 1723 995 1756 5
1006 1735 1018 1755 1
1031 1735 1063 1756 2.
1077 1744 1128 1748 ——-
1144 1723 1213 1756 Nec
1228 1730 1311 1755 tener
1328 1723 1498 1767 Argolica.
1513 1723 1626 1757 Graeci

947 1775 1047 1820 pueri
1085 1774 1225 1809 delicati
1257 1776 1392 1821 ingenti
1426 1776 1542 1822 pretio
1571 1788 1629 1809 ve-

946 1827 1220 1870 nundabantur,
1242 1829 1279 1861 in
1299 1841 1368 1874 quo
1390 1829 1551 1875 plerique
1572 1830 1629 1862 in-

948 1881 1129 1914 saniebant
1146 1908 1154 1921 ,
1191 1882 1239 1915 ita
1269 1891 1307 1915 ut
1336 1881 1560 1915 effunderent
1591 1883 1627 1916 in

948 1947 1140 1979 puerorum
1181 1934 1292 1980 pretia
1334 1935 1491 1980 ingentes
1531 1948 1626 1981 opes.

949 1987 1004 2021 Sic
1020 1988 1080 2021 lib.
1099 1990 1136 2029 Ι,
1155 1988 1264 2034 epigr.
1286 2000 1345 2021 nx
1362 2000 1370 2022 :
1397 2006 1410 2018 «
1431 1988 1543 2022 Millia
1559 2002 1627 2034 pro

947 2053 1059 2086 puero
1073 2051 1215 2075 centum
1232 2054 1288 2075 me
1303 2054 1430 2087 mango
1446 2043 1625 2088 poposcit;

948 2094 1020 2127 Risi
1037 2107 1121 2139 ego,
1141 2093 1202 2128 sed
1216 2095 1370 2128 Phoehus
1389 2095 1552 2140 protinus
1568 2096 1627 2129 illa

947 2146 1046 2181 dedit
1065 2165 1078 2176 w
1096 2161 1104 2189 3
1122 2156 1155 2181 et
1169 2148 1228 2182 lib.
1246 2149 1318 2181 XII
1333 2170 1342 2187 ‚
1362 2148 1471 2194 epigr.
1488 2161 1626 2183 xxx111:

953 2219 964 2230 a
989 2201 1038 2234 Ut
1057 2213 1185 2246 pueros
1201 2210 1331 2234 emeret
1348 2202 1525 2235 Labienus
1540 2215 1626 2235 ven-

947 2253 1038 2287 didit
1055 2254 1187 2288 hortos.
1204 2271 1216 2283 »
1241 2255 1286 2287 At
1307 2255 1403 2288 nulla
1431 2254 1513 2288 inde
1534 2255 1626 2288 Lino

945 2307 1158 2352 paupertatis
1176 2307 1325 2341 occasio.

1005 2373 1061 2393 10.
1083 2361 1188 2393 Stetit.
1212 2361 1242 2392 A
1270 2359 1432 2405 pedibus.
1454 2360 1537 2395 Vid.
1561 2362 1626 2395 lib.

948 2413 1002 2445 III
1023 2438 1032 2453 ‚
1064 2413 1173 2458 epigr.
1212 2424 1304 2446 xxn1
1326 2426 1336 2454 ;
1368 2413 1424 2446 vel
1456 2426 1527 2447 non
1562 2416 1626 2448 tibi

948 2474 1065 2499 rectus
1079 2465 1214 2499 adstitit
1230 2466 1389 2500 minister
1407 2475 1440 2500 et
1457 2467 1627 2512 pincerna

950 2519 1138 2560 formosus,
1159 2518 1219 2552 sed
1232 2546 1240 2560 ‚
1259 2528 1324 2553 etc.
1346 2520 1411 2552 ED.
1430 2541 1480 2545 —
1498 2521 1627 2553 Rustica

953 2572 1131 2615 turbasocc'.
1148 2572 1267 2606 Villici
1282 2574 1384 2619 pueri
1400 2584 1526 2606 vernae.
1542 2573 1625 2606 Yid.

951 2625 1012 2657 lib.
1032 2626 1066 2664 Ι,
1093 2626 1201 2670 epigr.
1227 2640 1267 2667 L,
1289 2639 1337 2659 vs.
1365 2639 1409 2670 27
1433 2634 1467 2658 et
1489 2627 1548 2659 28.
