2061 3288
438 236 535 263 an
672 221 1138 268 DISSERTATIO
1176 228 1265 270 DE
1304 229 1616 274 INGENIO

595 306 832 344 Hexametris
851 308 1084 358 epigramma
1106 310 1220 347 sacis?
1241 311 1319 347 scio
1339 311 1465 349 dicere
1482 316 1668 350 Tuccam:

675 373 818 418 Tucca,
836 373 932 409 solet
951 373 1049 418 ficri,
1068 373 1231 424 denique
1255 379 1403 422 Tucca,
1423 377 1522 414 licet.
1539 386 1547 400 ¹
1569 382 1581 424 )
1598 393 1608 424 3

431 477 603 523 aliunde
623 481 797 526 tandem
822 499 1028 528 versuum
1049 502 1282 530 numerum
1304 488 1394 531 sine
1414 487 1548 532 limite
1567 498 1704 545 certo,
1716 505 1849 549 quan-

431 565 562 609 quain
589 552 820 596 Parmenio
840 571 848 596 :

587 675 672 719 Φημὶ
695 677 901 720 πολυστιχίην
923 678 1171 723 ἐπιγράμματος
1192 680 1226 711 οὐ
1247 679 1335 712 κατὰ
1356 681 1478 725 μούσας

666 724 756 761 Εἶναι
773 744 779 750 ·

429 843 471 877 ct
495 834 684 895 Cyrillus
702 854 710 878 :

585 959 755 1003 Ηυξ-(καλόν
775 962 846 993 ἐστ’
865 962 1059 1006 ἐπίγραμμα.
1080 963 1115 995 τὸ
1136 960 1281 1006 δίστιχον
1299 978 1306 984 ·
1321 964 1357 999 ἢν
1377 961 1415 998 δὲ
1434 966 1593 1009 παρέλθῃς

666 1013 745 1051 Τοὺς
762 1015 864 1058 τρεῖς,
881 1012 1061 1059 ῥαψῳδεῖς,
1085 1016 1162 1048 κούκ
1179 1016 1372 1062 ἐπίγραιμμχ
1388 1018 1491 1062 λέγεις
1511 1043 1520 1058 ,

426 1135 561 1178 quum
580 1155 590 1175 ,
616 1121 815 1180 inquam,
846 1122 993 1165 omnia
1026 1122 1118 1167 haec
1149 1139 1290 1184 neque
1315 1123 1519 1180 definita,
1553 1140 1694 1184 neque
1725 1140 1840 1185 prae-

427 1190 590 1250 scripta
619 1191 726 1247 sint,
753 1191 859 1252 quid
891 1202 956 1236 est
990 1194 1219 1254 proprium
1257 1195 1607 1256 epigrammatis,
1637 1211 1732 1255 quae
1763 1194 1842 1238 dos

425 1259 675 1321 singularis,
697 1263 793 1322 quis
822 1266 1057 1323 χαρακτ·ήρ;
1088 1264 1201 1308 hanc
1224 1265 1527 1309 difficultatem
1556 1282 1690 1326 quum
1716 1264 1841 1308 intel-

425 1329 595 1375 lexisset
614 1332 846 1388 Martialis,
872 1343 1027 1378 caetera
1053 1345 1206 1379 acutus
1237 1345 1280 1379 et
1308 1336 1511 1392 mordax,
1539 1346 1582 1379 et
1606 1336 1693 1380 hoc
1725 1345 1839 1379 tem-

424 1418 555 1462 pore,
582 1403 666 1447 hoc
693 1403 790 1448 loco
811 1405 986 1459 vivens,
1018 1422 1105 1466 quo
1136 1407 1346 1450 acuminis
1371 1406 1497 1450 laude
1524 1405 1670 1467 plures
1701 1405 1840 1449 multo

424 1472 630 1517 florerent
660 1491 791 1535 quam
830 1485 931 1519 ante
962 1475 1226 1532 floruerant,
1257 1487 1299 1520 et
1337 1476 1459 1537 plebs
1498 1478 1627 1521 etiam
1672 1477 1841 1520 urbana

424 1542 645 1588 literarum
680 1545 798 1589 haud
824 1545 951 1607 plane
989 1547 1107 1591 rudis
1136 1557 1271 1603 esset,
1297 1549 1419 1608 quasi
1444 1549 1489 1591 in
1517 1564 1614 1591 aere
1641 1549 1735 1609 ipso
1764 1548 1838 1590 At·

423 1615 558 1659 ticum
590 1616 810 1676 quoddam
840 1627 883 1661 et
914 1619 1179 1661 concinnum
1217 1619 1402 1679 spiraret
1432 1635 1482 1663 ac
1514 1617 1836 1662 circumfunde-

422 1695 562 1742 retur,
598 1703 774 1732 necesse
813 1689 1106 1742 existimavit,
1140 1699 1187 1733 ut
1232 1689 1418 1734 difficilis
1455 1689 1604 1750 judicii
1639 1689 1837 1733 homines

422 1757 744 1811 detinerentur,
784 1760 971 1803 emicare
1009 1761 1328 1804 amarissimum
1368 1770 1443 1804 aut
1482 1759 1837 1804 delicatissimum

422 1828 641 1888 quoddam
679 1831 723 1872 in
753 1829 864 1885 fine,
900 1840 943 1874 et
975 1840 1171 1874 extremo
1211 1830 1423 1891 opusculo
1456 1830 1642 1875 vividius
1676 1829 1838 1873 titillari

420 1909 494 1942 aut
524 1902 679 1961 pungi,
699 1898 812 1944 allici
842 1911 917 1945 aut
944 1900 1138 1946 vellicari
1165 1901 1435 1946 audientium
1468 1918 1606 1945 aures.
1639 1903 1735 1944 Hoc
1769 1901 1836 1943 in-

421 1970 614 2014 auditum
656 1981 782 2015 antea
822 1988 957 2032 genus
995 1972 1213 2016 scribendi
1242 1972 1359 2033 quod
1390 1974 1433 2016 in
1471 1971 1611 2016 soluta
1642 1971 1838 2015 oratione

420 2041 747 2103 apophthegma
774 2053 849 2087 aut
874 2043 1188 2104 epiphonema,
1216 2053 1403 2099 vocant,
1425 2052 1468 2087 et
1497 2059 1584 2103 quo
1605 2041 1717 2086 fiunt
1736 2058 1837 2084 vere

419 2113 756 2173 epigrammata,
799 2123 917 2157 recte
959 2131 1059 2158 cum
1097 2115 1272 2158 Radero
1307 2114 1633 2175 comparaveris
1662 2132 1682 2153 c<
1720 2128 1837 2155 nunc

420 2184 627 2243 pugioni,
656 2201 742 2245 quo
773 2185 971 2245 punctim
998 2184 1151 2229 feritur
1183 2185 1341 2240 hostis,
1367 2201 1484 2228 nunc
1518 2184 1738 2245 scorpioni
1764 2184 1835 2243 qui

419 2254 556 2297 cauda
582 2256 674 2310 icit,
702 2255 834 2299 modo
863 2253 1003 2316 piperi
1035 2255 1153 2316 quod
1184 2257 1422 2300 acrimonia
1454 2271 1530 2299 sua
1558 2254 1731 2298 mordet
1757 2252 1834 2296 lin-

419 2341 547 2384 guam
564 2361 575 2381 ,
598 2343 715 2370 nunc
738 2325 824 2370 felli
847 2326 964 2387 quod
993 2327 1328 2371 amarissimum.
1358 2347 1380 2368 »
1404 2326 1415 2340 ²
1439 2328 1576 2370 Porro
1607 2326 1711 2368 hinc
1737 2340 1831 2367 eve-

418 2395 504 2451 nit,
540 2406 587 2439 ut
621 2398 745 2441 vivus
780 2397 923 2441 adhuc
955 2396 1129 2443 Catullo
1164 2398 1304 2459 maj0r
1333 2407 1563 2442 caneretur
1593 2393 1833 2446 Martialis,

418 2483 558 2527 neque
592 2484 672 2511 nos
701 2469 774 2527 qui
809 2470 982 2513 Maroni
1012 2470 1267 2524 Lucanum,
1288 2467 1430 2512 Tullio
1467 2470 1675 2511 Senecam
1714 2475 1829 2525 post-

476 2618 505 2637 1,
525 2599 673 2649 Ᾰνθοὶῃγ.

473 2672 503 2690 2.
525 2656 650 2691 Radcr.
669 2657 856 2691 Prolemm.
875 2658 917 2691 ad
934 2659 1082 2692 Maniai.
1099 2671 1172 2703 cap.
1194 2661 1224 2691 5,
