2061 3288
434 237 498 290 4ο

815 236 876 280 Μ.
899 238 1039 280 VAL.
1079 237 1465 280 MARTIALIS

574 323 632 366 Et
661 323 781 366 vario
808 322 955 367 faciles
982 323 1133 366 ordine
1157 324 1298 384 pinxit
1322 338 1468 384 aquas.

503 393 689 437 Fuscina
719 392 847 437 dente
879 395 1047 449 minax,
1079 410 1192 437 nexu
1223 393 1306 437 fuit
1329 393 1524 438 anchora
1549 411 1685 440 curvo
1709 412 1717 438 .·

575 463 850 507 Credidimus
876 481 1069 519 remum,
1096 463 1446 525 credidimusque
1477 473 1637 522 ratem3

503 534 561 577 Et
590 544 764 595 gratum
791 535 934 578 nautis
959 534 1074 579 sidus
1102 534 1267 595 fulgere
1293 536 1542 590 Laconum,

572 606 769 666 Lataque
795 606 1028 666 perspicuo
1055 604 1150 649 vela
1176 614 1344 648 tumere
1370 606 1479 649 sinu.

502 676 611 732 Quis
636 685 778 720 tantas
803 675 974 736 liquidis
1001 686 1113 720 artes
1136 676 1300 719 invenit
1324 676 1369 719 in
1394 675 1552 720 undis?

572 747 661 790 Aut
685 746 833 791 docuit
858 745 976 790 lusus
1000 747 1081 790 hos
1104 746 1276 801 Thetis,
1302 755 1379 790 aut
1402 746 1563 791 didicit.

573 875 758 934 Σχήμασι
784 873 1003 918 ποικίλλων
1029 877 1193 934 κύματα
1218 869 1508 925 παντοδαποῖς.

501 934 557 985 Ἑν
583 943 658 1005 γὰρ
687 945 794 988 ἔϊκτο
813 944 960 1005 ,τρίαιν’
986 947 1141 1007 ἀγκύρια
1166 947 1204 988 τ’
1227 944 1527 1006 ἀγκυλοχείλης·

573 1016 756 1074 Ταρσοὺς
781 1017 1017 1074 νητρεκέας,
1049 1016 1115 1058 καὶ
1141 1015 1292 1074 σκάφος
1323 1015 1502 1074 ᾠόμεθα·

502 1084 584 1127 Καὶ
618 1079 807 1144 Διδύμων
838 1083 976 1144 Εἰς-ρον,
1006 1086 1174 1146 τερπνὸν
1204 1088 1392 1146 ναύτῃσιν
1423 1086 1578 1147 ὄνειαρ,

570 1153 665 1205 Ιςία
692 1156 731 1197 γτ’

758 1156 900 1215 ἀκραεῖ
923 1158 1122 1216 πνεύματι
1149 1157 1370 1217 τεινάμενοι.

500 1224 571 1276 Τίς
601 1226 709 1284 μέσῳ
731 1228 768 1268 ἐν
792 1226 958 1287 πελάγει
986 1227 1090 1269 τόσα
1113 1229 1272 1286 μήσατο
1297 1226 1462 1287 παίγνια
1489 1228 1634 1286 τέχνης

571 1298 738 1339 Τοιαῦτ’
764 1296 786 1344 ἢ
815 1291 971 1346 ἐδίδαξ’
1001 1299 1193 1358 -ἡ-Θέτις,
1223 1297 1246 1344 ἦ
1277 1297 1412 1356 ἔμαθε.

428 1438 512 1463 runt
532 1437 710 1463 natatores
732 1429 924 1463 Domitiani
945 1430 982 1462 iu
1011 1430 1108 1475 aquis

429 1482 598 1516 ludentes.
628 1504 678 1510 -—
708 1483 842 1516 Docilis.
866 1482 1019 1516 Natandi
1048 1496 1108 1528 pe-

430 1536 518 1569 ritus
530 1561 539 1577 ‚
558 1536 767 1582 respicitque
779 1538 932 1580 juvenes;
950 1536 1004 1569 vel
1023 1535 1106 1569 edo-

429 1597 505 1622 ctus
526 1601 544 1622 a
563 1588 848 1622 chorodidascalo
861 1614 870 1630 ‚
890 1589 945 1621 vel
971 1601 989 1621 a
1015 1590 1108 1622 The-

431 1641 503 1675 tide
528 1650 586 1675 aut
612 1643 768 1683 Caesare,
791 1650 829 1675 ut
854 1642 979 1674 ultimo
1006 1654 1107 1675 versu

430 1695 535 1740 hujus
552 1695 659 1741 epigr.
680 1717 731 1721 —
753 1694 884 1728 Chorus.
909 1695 1109 1740 Agmen.—-

430 1748 578 1793 AEquore
597 1775 606 1789 ‚
639 1756 704 1782 etc.
735 1749 776 1780 In
809 1748 1109 1793 amphitheatrum

431 1800 592 1833 inducto.

488 1867 521 1887 α.
537 1854 673 1887 Faciles.
691 1854 806 1887 Facile
824 1853 1040 1887 natatoribus
1058 1866 1110 1888 ce-

432 1905 565 1941 dentes.
585 1928 638 1935 —-
653 1907 777 1939 Pinxit.
800 1906 908 1947 Quod
928 1907 1030 1940 variis
1046 1919 1109 1940 ne-

432 1961 534 1993 xibus
546 1960 756 2006 complicati,
766 1960 802 1993 hi
816 1968 989 1993 natatores
998 1961 1110 1994 varias

433 2025 553 2046 rerum
582 2013 708 2058 figuras
737 2013 773 2046 in
801 2026 897 2058 aquae
925 2014 1110 2058 superficie

433 2066 690 2111 exprimebant,
704 2075 737 2099 et
752 2066 860 2099 veluti
873 2066 982 2112 pictas
998 2067 1109 2100 oculis

433 2120 728 2164 repraesentabant
748 2131 756 2152 :
780 2131 860 2152 nam
882 2119 1108 2164 quemadmo-

433 2170 517 2204 dum
553 2184 628 2216 quae
657 2173 872 2218 pinguntur,
895 2172 1109 2217 objiciuntur

436 2225 547 2258 oculis
557 2224 600 2257 ad
616 2224 735 2257 vivum
748 2251 756 2267 ‚
770 2224 813 2257 ad
829 2224 992 2258 eumdem
1010 2238 1107 2270 pror-

433 2289 492 2310 sus
513 2276 659 2311 modum
677 2278 714 2311 hi
737 2286 911 2311 natatores
926 2278 1036 2311 varias
1053 2291 1106 2311 re-

433 2342 512 2363 rum
528 2331 659 2375 species
676 2331 786 2364 oculis
800 2331 1005 2375 objecerunt
1017 2356 1025 2371 ,
1042 2331 1106 2364 sci·

1165 1430 1246 1463 licet
1272 1428 1436 1462 tridentis
1464 1430 1640 1475 Neptuni,
1661 1431 1771 1471 remi,
1793 1444 1847 1464 ra-

1166 1483 1231 1522 tis,
1261 1481 1419 1516 siderum
1439 1482 1591 1517 Castoris
1614 1493 1649 1517 et
1671 1483 1846 1525 Pollucis,

1168 1545 1236 1569 etc.
1256 1537 1321 1569 En.

1225 1588 1256 1622 3.
1276 1590 1416 1622 Fuscina
1437 1588 1527 1621 dente
1544 1591 1661 1622 minax.
1682 1590 1782 1631 Non,
1807 1597 1847 1623 ut

1167 1641 1312 1686 quidam
1331 1642 1597 1683 intellexerunt,
1617 1650 1755 1675 natator
1770 1643 1848 1688 qui-

1168 1694 1248 1727 dam
1276 1707 1355 1727 cum
1383 1695 1536 1737 fuscina,
1565 1695 1652 1728 alter
1676 1708 1755 1728 cum
1787 1708 1848 1728 an-

1168 1747 1272 1780 chora
1283 1773 1292 1787 ,
1307 1756 1386 1789 etc.‚
1398 1747 1457 1781 sed
1473 1749 1546 1793 ipsa
1561 1749 1756 1781 natantium
1767 1750 1848 1794 jun-

1168 1808 1265 1834 ctura
1294 1810 1328 1834 et
1358 1800 1588 1846 dispositione
1618 1801 1848 1846 effingebatur

1169 1854 1320 1887 anchora
1334 1879 1343 1893 ‚
1369 1853 1669 1900 quemadmodum
1692 1855 1728 1887 in
1751 1867 1848 1887 exer-

1168 1907 1391 1940 citationibus
1406 1907 1633 1948 militaribus,
1651 1906 1694 1939 ad
1709 1907 1846 1952 signum

1170 1959 1287 2001 ducis,
1309 1960 1435 2006 figuras
1459 1960 1572 1993 omnis
1596 1960 1729 2005 generis
1759 1961 1847 1993 acies

1169 2012 1262 2054 edit,
1282 2013 1495 2058 triangulum
1508 2039 1517 2055 ‚
1537 2011 1818 2058 quadrangulum
1838 2039 1847 2055 ‚

1169 2078 1321 2100 cuneum
1334 2093 1343 2108 ‚
1364 2074 1428 2099 etc.

1223 2122 1256 2152 6.
1281 2120 1423 2165 Lataque
1440 2121 1604 2164 conspicuo
1623 2119 1706 2164 legit
1720 2119 1847 2153 Bever-

1167 2171 1302 2205 landus¹

1223 2227 1255 2258 8.
1291 2225 1362 2258 Aut
1395 2225 1501 2257 docuit
1516 2252 1524 2265 ,
1557 2234 1623 2258 etc.
1657 2224 1848 2270 Accepitne

1166 2278 1264 2311 lusus
1283 2278 1389 2311 hosce
1410 2279 1523 2312 Caesar
1547 2291 1565 2311 a
1585 2272 1736 2311 Thetide
1750 2303 1759 2316 ,
1788 2285 1848 2310 aut

1168 2330 1240 2376 ipsa
1262 2331 1378 2376 potius
1396 2344 1416 2365 a
1438 2330 1571 2364 Caesare
1593 2329 1697 2364 docta
1719 2329 1794 2364 est?
