2061 3288
435 214 1019 259 EPIGRAMMATUM
1057 213 1182 257 LIB.
1221 213 1255 255 1.
1484 211 1544 256 61

209 304 323 350 Nolo
345 304 486 347 virum
502 338 513 358 ‚
537 302 651 347 facili
672 302 844 346 redimit
868 303 941 363 qui
962 302 1172 362 sanguine
1193 299 1353 344 famam
1371 318 1380 343 :

282 377 410 418 Hunc
437 373 558 429 volo,
580 373 747 418 laudari
776 374 848 434 qui
876 374 964 417 sine
988 381 1130 417 morte
1153 381 1310 432 potest.

210 504 357 554 Μισῶ,
395 501 437 552 ὃς
474 502 662 551 εὐτελέως
701 500 831 561 ψυχῆς
869 503 1052 549 ὠνήσατο
1087 494 1228 550 δόξαν·

280 572 415 627 Αἰνῶ,
454 571 495 623 ὃς
527 571 716 615 αἰνεῖσθαι
750 575 865 631 νόσφι
899 572 1022 633 μόρου
1055 565 1238 614 δύναται.

198 713 231 748 5.
255 714 340 747 Nolo
360 716 486 754 airum,
510 721 569 746 etc.
591 713 671 746 Non
700 714 815 759 probo
875 712 1021 746 facilius.
1050 711 1154 745 Hunc
1172 712 1287 758 probo
1305 711 1363 757 qui
1390 722 1464 744 eam
1483 709 1553 743 vita

142 766 269 809 virum,
280 767 339 812 qui
354 767 478 800 famam
493 767 692 800 constantiae
704 775 738 800 et
749 767 818 800 for·
876 773 1014 807 sancte,
1037 773 1077 798 ut
1100 765 1182 799 facis
1197 790 1207 807 ,
1227 774 1299 799 acta
1327 764 1553 810 consequitur

142 819 302 854 titudinis
331 820 415 855 emit
446 828 578 861 morte3
604 820 693 853 nihil
724 819 817 853 enim
878 827 1117 864 mereturque.

804 965 877 1021 X.

660 1133 715 1161 IN
767 1111 1045 1161 corsuum*

219 1262 402 1303 BELLUS
422 1258 555 1301 homo
580 1267 623 1301 et
645 1273 829 1318 magnus
852 1258 917 1301 vis
940 1257 1079 1312 idem,
1101 1258 1255 1313 Cotta,
1277 1257 1414 1301 videri
1442 1276 1450 1301 :

285 1328 370 1372 Sed
395 1329 468 1390 qui
491 1327 629 1372 bellus
652 1328 787 1371 homo
810 1337 897 1381 est,
924 1329 1079 1384 Cotta,
1104 1327 1284 1388 pusillus
1310 1329 1444 1372 homo
1468 1338 1544 1373 est.

196 1466 210 1479 '
238 1471 279 1502 In
310 1468 432 1502 eadem
459 1469 479 1501 J
484 1478 558 1502 unt.
587 1467 791 1502 inscribitur
810 1481 818 1500 :
882 1468 917 1501 in
930 1469 1062 1514 magnis
1076 1480 1148 1502 esse
1166 1469 1300 1514 nequit.
1317 1470 1419 1503 Cotta
1435 1470 1559 1515 igitur,

143 1523 278 1556 „locatur
299 1525 330 1555 in
355 1530 484 1555 coctam.
511 1522 596 1554 Mox
611 1548 619 1563 ‚
644 1521 743 1555 Cocta
768 1523 820 1554 wi·
881 1521 909 1555 si
925 1521 1039 1555 bellus
1054 1521 1163 1555 homo
1177 1523 1221 1555 sit
1232 1548 1241 1564 ‚
1256 1536 1327 1555 non
1344 1531 1395 1556 est
1414 1536 1559 1569 magnus

144 1576 230 1615 deri,
251 1584 285 1609 et
303 1583 390 1608 cocta
409 1575 543 1620 pusillus
562 1575 652 1607 lzomo
669 1582 725 1608 est.
881 1575 988 1608 homo
1000 1601 1009 1617 ‚
1028 1574 1088 1608 sed
1107 1575 1254 1621 pusillus
1274 1585 1307 1609 et
1325 1577 1451 1610 tenuis.
1466 1576 1559 1610 Vide

202 1641 233 1661 1.
253 1629 375 1662 Bellus.
393 1628 654 1661 Diminutivum
670 1641 688 1660 a
704 1628 820 1669 bon03
880 1628 942 1661 lib.
964 1629 999 1661 ΙΙ
1012 1654 1020 1669 ,
1037 1628 1148 1673 epigr.
1166 1641 1241 1670 vn3
1260 1629 1321 1662 lib.
1337 1630 1428 1670 XII,
1447 1631 1556 1675 epigr.

144 1681 357 1714 vocabulum
381 1681 478 1713 bellus
499 1680 542 1713 de
562 1682 665 1714 rebus
683 1681 821 1726 pusillis
882 1693 988 1714 xxxtx
999 1707 1008 1722 ‚
1024 1690 1058 1714 et
1075 1682 1135 1715 lib.
1150 1683 1223 1724 ΙΙΙ,
1235 1682 1344 1728 epigr.
1359 1695 1464 1716 LXIII.
1477 1683 1560 1716 Gal-

147 1733 287 1767 dicitur.
306 1734 364 1766 Ait
383 1734 608 1775 Aristoteles,
624 1745 679 1767 res
700 1746 822 1779 parvas
882 1734 964 1774 lice,
989 1735 1216 1779 bellus,j0li;
1237 1748 1384 1781 magnus
1397 1762 1405 1778 ,
1426 1737 1560 1781 grand:

145 1795 306 1820 venustas
324 1799 395 1820 esse
415 1799 534 1831 posse,
549 1799 621 1819 non
636 1787 823 1832 pulchras,
875 1787 939 1832 joli
974 1795 1008 1820 et
1037 1787 1146 1832 grand
1172 1801 1244 1821 non
1279 1797 1426 1834 possunt
1458 1789 1562 1823 simul

146 1839 228 1885 quia
249 1839 478 1885 pulchritudo
503 1848 536 1873 et
559 1839 731 1885 dignitas,
757 1839 824 1873 nisi
882 1840 1071 1874 convenire
1088 1841 1126 1873 in
1141 1853 1179 1875 re
1198 1840 1331 1876 eadem.
1351 1843 1419 1876 ED.

799 1989 917 2044 XI.

411 2157 476 2184 DE
518 2156 791 2186 GEMELLO
830 2157 894 2185 ET
933 2158 1296 2187 MARONILLA.

285 2280 426 2323 PETIT
452 2276 675 2322 Gemellus
701 2280 874 2339 nuptias
904 2279 1172 2335 Maronillae,

287 2351 345 2393 Et
372 2349 513 2410 cupit,
543 2357 586 2392 et
615 2349 769 2402 instat,
798 2359 842 2392 et
870 2360 1096 2410 precatur,
1126 2360 1168 2394 et
1198 2350 1344 2396 donat.

203 2500 234 2521 1.
266 2488 353 2520 Petit
384 2487 540 2519 Venustus
575 2486 609 2519 in
643 2485 822 2518 nonnullis
882 2486 1037 2520 favorem
1065 2488 1333 2534 aucupandum;
1356 2493 1486 2538 majora
1506 2503 1558 2528 te-

146 2539 249 2573 codd.
279 2541 326 2574 ait
348 2540 504 2573 Ramires
531 2537 575 2571 de
595 2537 710 2571 Prado
725 2564 735 2581 ,
756 2538 822 2571 im·
881 2548 1052 2573 stameuto
1078 2551 1291 2588 accepturus·
1310 2570 1319 2585 ‚
1341 2557 1412 2590 quo
1441 2555 1557 2592 sperat

145 2594 319 2638 probante
341 2593 553 2626 Musamber.
882 2604 917 2624 se
943 2604 960 2624 a
980 2593 1166 2628 Maronilla
1197 2596 1396 2631 institutum
1420 2599 1461 2632 iri
1485 2600 1555 2633 hae-

204 2658 235 2678 2.
250 2646 370 2680 Donat.
388 2646 535 2678 Munera
548 2643 674 2682 mittit,
693 2642 735 2677 ad
751 2644 823 2688 ejus
885 2644 1015 2679 redem.
1033 2647 1098 2680 En.
