2061 3288
567 199 655 241 DE
695 197 1179 241 SPECTACULIS.

1523 196 1579 240 13

820 356 920 411 VI.

335 526 399 553 DE
439 524 777 553 FEMINARUM
816 524 1001 554 PUGNA
1037 523 1150 552 CUM
1189 521 1413 551 BESTIIS.

234 653 475 696 RELLIGER
498 650 670 694 invictis
693 649 812 710 quod
834 649 956 693 Mars
981 648 1061 692 tibi
1083 649 1206 692 saevit
1227 649 1271 691 in
1293 648 1448 704 armis,

305 721 407 765 Non
430 721 532 766 satis
555 730 642 774 est,
670 722 838 775 Caesar3
865 720 987 764 saevit
1013 729 1057 763 et
1078 720 1171 781 ipsa
1195 721 1358 763 Venus.

235 853 386 912 Θοῦρος
415 839 525 912 Ᾰρης
553 854 617 894 ὅτι
643 851 707 894 τοὶ
732 856 906 912 κρυεροῖς
934 853 973 893 ἐν
1002 852 1162 917 ὅπλοισῖ.
1190 851 1378 910 μέμ-φνεν,

307 924 398 983 Οὐχ
426 923 536 977 dmg,
562 920 593 964 ὦ
621 924 802 983 Καῖσαρ·
833 921 899 964 καὶ
927 923 1083 981 Κύπρις
1111 924 1349 981 ὁπλομανεῖ.

218 1057 234 1071 ¹
255 1061 353 1096 Sicut
370 1062 480 1108 epigr.
504 1074 541 1094 1v
559 1088 568 1103 ‚
589 1074 714 1107 supra,
734 1061 841 1094 Turba

165 1117 273 1160 gravis
289 1117 386 1160 paci,
408 1124 473 1148 etc.
495 1113 728 1161 separandum
749 1127 766 1147 a
790 1127 842 1148 se-

167 1176 296 1214 quente
322 1167 556 1214 judicavimus
570 1193 579 1209 ‚
600 1168 646 1201 ita
669 1177 702 1201 et
723 1166 812 1201 illud
834 1180 842 1201 :

168 1234 249 1254 nam
285 1224 376 1254 soevit
407 1230 438 1253 et
467 1223 535 1266 ipsa
566 1220 673 1253 Venus
704 1233 843 1254 sensum

168 1275 348 1308 absolvere
382 1273 523 1307 videtur
540 1300 549 1315 ,
588 1282 622 1307 et
663 1283 714 1307 est
748 1272 845 1320 quod

167 1328 288 1374 gallice
332 1339 497 1360 vocamus
540 1340 581 1359 un
627 1329 703 1359 trait
726 1326 816 1371 final
831 1341 844 1366 ;

170 1383 318 1426 Argutas
335 1379 467 1413 scilicet
483 1380 557 1413 illas
570 1381 763 1426 brevesque
775 1380 847 1426 epi-

169 1442 386 1479 grammaton
422 1433 668 1467 conclusiones
706 1433 846 1467 assidue

169 1487 339 1521 Martialis
356 1495 454 1520 curat
469 1485 698 1520 adhibendas.
717 1487 783 1520 ΕΒ.

223 1536 238 1550 ”
253 1541 295 1574 In
315 1540 434 1574 multis
453 1539 669 1574 editionibus
688 1540 756 1573 hoc
777 1540 848 1586 epi-

168 1606 323 1639 gramma
344 1605 427 1626 cum
443 1593 640 1639 insequenti
665 1593 848 1639 conjungi-

170 1655 228 1680 tur
243 1656 276 1681 et
285 1647 492 1680 inscribitur
505 1659 513 1681 ε
529 1647 670 1680 Feminae
688 1650 719 1679 in
730 1647 850 1692 amplii-

172 1701 294 1733 theatro
312 1713 379 1733 cum
399 1700 485 1732 leone
503 1708 667 1733 certamen.
680 1722 733 1726 —
748 1701 849 1733 Blan-

171 1753 259 1786 ditur
276 1753 399 1786 Caesari
416 1753 474 1786 hic
490 1754 595 1786 etiam
615 1753 650 1786 in
667 1754 849 1787 nonnullis

172 1806 276 1840 codd.
311 1815 346 1840 et
380 1805 478 1840 editt.
508 1814 593 1840 vett.
613 1807 665 1839 De
682 1809 850 1839 venatione

173 1860 334 1893 mulierum
347 1859 483 1893 Marcil.
503 1877 515 1889 «
529 1859 718 1905 Inscriptio
728 1860 764 1892 in
771 1859 848 1894 cod.

172 1913 311 1947 Thuan.
324 1914 399 1947 haec
420 1921 470 1946 est
487 1925 495 1946 ε
516 1913 568 1945 De
579 1913 648 1945 Jul.
661 1913 774 1958 Aprel.
790 1926 852 1958 qua

173 1966 224 1998 die
247 1970 344 1999 omnis
372 1968 501 1998 venatio
521 1979 580 2011 per
607 1967 748 1999 mulieres
775 1979 850 1999 corz-

174 2020 257 2057 li‘cta
273 2028 329 2053 est.
347 2021 501 2065 Apparet
516 2018 705 2065 legendum
719 2020 771 2052 De
788 2020 854 2052 Idi·

176 2072 232 2104 bus
252 2073 430 2118 Aprilibus.
460 2071 528 2106 Sed
546 2081 640 2107 recte
658 2073 853 2106 hariolatus

176 2134 227 2158 est
257 2126 452 2159 Scriverius
479 2126 547 2159 hoc
572 2126 785 2172 epigramma
816 2127 854 2159 in

177 2177 249 2211 duo
266 2178 464 2212 secandum.
480 2179 569 2212 Nam
582 2180 740 2225 primum
753 2179 854 2213 disti-

176 2232 268 2265 chon
281 2231 411 2265 sufficit
425 2232 502 2265 sihi.
522 2233 752 2278 Sequenthus
769 2232 856 2266 duo-

176 2285 243 2318 bus
259 2285 365 2318 etiam
382 2297 515 2318 novum
533 2286 659 2318 lemma
682 2287 855 2332 praeponit

177 2338 316 2371 Thuan.
333 2338 409 2372 MS.
428 2339 480 2371 De
498 2341 657 2371 vastatrice
672 2366 682 2379 ,
703 2353 773 2384 quae
791 2340 855 2372 leo-

178 2404 245 2424 nem
256 2394 370 2437 primae
378 2393 496 2435 formae
507 2391 663 2424 venabulo
677 2394 769 2436 cepit.
782 2392 856 2425 Ubi

900 1059 1098 1094 notandum
1112 1058 1202 1093 illud
1214 1085 1222 1101 ‚
1231 1060 1467 1104 prt‘maeformae
1478 1072 1491 1098 ;
1502 1071 1583 1092 nam

901 1115 951 1148 sic
967 1114 1128 1147 Justinus
1143 1139 1152 1155 ‚
1165 1113 1228 1146 lib.
1242 1113 1321 1151 XV,
1344 1124 1419 1158 cap.
1443 1116 1462 1152 4
1477 1138 1486 1153 ,
1505 1112 1586 1144 «leo

902 1167 1056 1214 ingentis
1092 1167 1213 1200 formae
1235 1184 1264 1198 ι».
1293 1165 1434 1200 Gronov.
1465 1166 1517 1197 De
1537 1166 1589 1208 se-

903 1223 1056 1253 minarum
1068 1233 1180 1266 pugna
1196 1233 1264 1252 cum
1284 1219 1407 1259 bestiis,
1426 1217 1480 1251 ed.
1503 1219 1581 1252 Par.

909 1274 1005 1318 1754
1020 1300 1029 1315 ‚
1047 1274 1084 1306 in
1103 1285 1171 1319 qua
1187 1271 1398 1306 dividuntur
1418 1271 1490 1305 duo
1516 1271 1587 1318 epi·

903 1335 1112 1373 grammata,
1130 1339 1211 1359 cum
1228 1326 1296 1359 hoc
1314 1326 1424 1359 altero
1442 1325 1587 1358 lemma-

906 1389 961 1414 te:
984 1381 1036 1413 De
1056 1380 1174 1412 eadem.

963 1445 996 1466 1.
1028 1433 1202 1467 Gruterus
1226 1441 1297 1465 tam
1324 1432 1382 1466 hic
1395 1456 1405 1473 ‚
1425 1444 1531 1477 quam
1548 1431 1585 1464 in

905 1487 1064 1533 sequenti
1073 1499 1176 1520 versu
1187 1511 1196 1528 ,
1207 1485 1333 1532 reponi
1347 1496 1447 1531 posse
1460 1483 1585 1525 credit,

905 1543 1010 1574 servit.
1028 1559 1081 1565 —
1104 1539 1189 1573 Tibi.
1213 1540 1256 1572 In
1275 1547 1373 1572 tuam
1393 1538 1551 1585 gratiam.

963 1606 997 1628 2.
1014 1593 1112 1627 Soevit
1131 1601 1162 1625 et
1178 1595 1245 1638 ipsa
1269 1592 1388 1626 Venus.
1415 1591 1493 1625 Hoc
1512 1599 1563 1625 est
1577 1617 1587 1633 ‚

907 1659 983 1680 non
1000 1647 1067 1680 viri
1084 1656 1219 1680 tantum
1236 1646 1302 1679 tibi
1314 1654 1515 1686 venatores,
1529 1643 1589 1678 sed

909 1709 943 1733 et
956 1700 1094 1733 feminae
1110 1700 1174 1733 tibi
1189 1708 1272 1733 sunt
1284 1699 1491 1733 venatrices.
1505 1698 1591 1732 Sue-

908 1753 1025 1787 tonius
1037 1754 1074 1786 in
1089 1753 1291 1786 Domitiano
1304 1777 1313 1792 ‚
1329 1765 1407 1798 cap.
1425 1756 1459 1793 4.
1476 1751 1590 1784 «Nam

908 1807 1110 1840 venationes
1120 1805 1403 1852 gladiatoresque
1412 1832 1420 1847 ‚
1433 1813 1467 1838 et
1481 1804 1592 1838 nocti-

909 1861 974 1893 bus
1010 1859 1053 1892 ad
1082 1860 1301 1905 lychnuchos
1325 1859 1480 1904 (supple
1504 1871 1590 1890 com-

910 1906 1046 1955 misit...)
1058 1913 1131 1947 Nec
1146 1913 1302 1947 virorum
1319 1911 1425 1945 modo
1440 1924 1590 1957 pugnas,

910 1965 971 2000 sed
990 1975 1024 2000 et
1041 1966 1263 2000 feminarum.
1285 1983 1298 1995 n
1322 1966 1482 1998 Fortasse
1503 1965 1591 1997 allu-

911 2019 964 2053 dit
989 2018 1032 2052 ad
1057 2032 1171 2053 mores
1193 2018 1424 2064 gladiatorum
1447 2026 1592 2050 venato-

911 2086 1060 2118 rumque
1072 2073 1193 2106 habitu
1207 2072 1264 2106 dei
1278 2072 1420 2117 alicujus
1436 2083 1593 2116 pugnan-

913 2127 1002 2159 tium
1023 2140 1032 2167 ;
1071 2138 1155 2172 ergo
1186 2127 1250 2159 sub
1289 2125 1432 2158 nomine
1469 2123 1592 2157 Martis

913 2180 1077 2225 intelligit
1096 2188 1279 2213 venatores
1301 2179 1453 2223 speciem
1470 2177 1593 2211 Martis

914 2245 986 2279 prae
1014 2246 1050 2266 se
1080 2233 1250 2274 ferentes,
1276 2233 1340 2266 sub
1359 2231 1504 2264 nomine
1521 2232 1594 2263 Ve-

914 2286 1007 2319 neris
1020 2287 1212 2320 venatrices
1225 2299 1296 2332 prae
1308 2298 1343 2319 se
1357 2285 1505 2318 ferentes
1519 2296 1593 2330 spe-

915 2339 1005 2373 ciem
1027 2339 1194 2381 Veneris,
1216 2349 1249 2372 et
1277 2339 1313 2372 in
1333 2338 1594 2384 amphitheatro

916 2401 1037 2426 contra
1058 2393 1145 2427 feras
1164 2401 1372 2438 pugnantes.
1393 2392 1457 2425 En.
