2061 3288
794 240 849 280 M.
878 239 957 281 VA
973 240 1020 281 L.
1062 238 1458 281 MARTIALIS

1076 397 1180 452 IX.

857 572 921 599 DE
962 571 1364 600 RHINOCEROTE.
1391 550 1408 567 ⁴*

424 691 661 730 Rhinoceros
681 701 778 739 aegre
804 689 982 738 lenteque
1005 688 1195 734 irritatus,
1217 697 1356 738 praeter
1379 702 1485 739 spem
1506 690 1656 726 tandem
1679 690 1717 726 in
1741 692 1839 727 seras

565 756 735 800 irruens,
757 762 908 790 taurum
927 751 1096 802 jactabat
1118 767 1195 789 non
1220 766 1326 790 secus
1345 766 1389 790 ac
1412 761 1542 791 taurus
1562 755 1689 805 pilam.

492 888 747 930 Pnffismm
778 881 994 926 exhibitus
1023 890 1116 925 tota
1146 882 1244 937 tibi,
1274 884 1440 936 Caesar,
1470 898 1622 933 arenaq

563 956 674 1013 Quae
697 970 787 997 non
809 953 1027 1014 promisit,
1059 951 1206 1012 praelia
1229 953 1494 997 rhinoceros.

505 1077 520 1092 Y

562 1151 778 1218 Ρινοκέρως
811 1151 864 1199 δι’
893 1158 987 1198 ὅλου

477 1295 490 1309 ’
515 1296 705 1343 Inscriptio
726 1296 763 1328 in
783 1294 863 1329 cod.
888 1294 1026 1327 Thuan.
1052 1294 1102 1326 De

424 1353 626 1386 rhinocerotis
645 1352 751 1396 prima
771 1361 893 1394 pugna.
924 1346 1102 1380 Marcilius

428 1408 500 1439 vult
516 1418 524 1439 2
547 1405 598 1437 De
607 1415 718 1449 pugna
736 1404 820 1434 tauri
833 1414 870 1433 ac
885 1400 1100 1432 rhinocerotis.

482 1472 516 1492 2.
528 1458 611 1502 Quae
621 1469 681 1489 non
691 1456 837 1501 promisit
856 1466 976 1488 omnes
998 1452 1103 1486 codd.

426 1521 460 1545 et
473 1511 572 1545 editt.
585 1517 667 1542 vett.
678 1508 830 1553 Scaliger
841 1506 991 1540 correxit
1004 1531 1013 1547 ,
1023 1506 1104 1549 (hue

427 1577 489 1597 non
516 1564 673 1609 promisti.
709 1559 777 1594 Sed
791 1587 800 1602 ‚
832 1570 917 1605 pace
948 1558 1105 1591 manium

429 1617 517 1651 tanti
538 1615 604 1649 viri
632 1613 803 1654 dixerim,
823 1613 940 1657 inquit
962 1614 1045 1645 Ant.
1069 1612 1106 1644 de

427 1673 532 1716 Ιίοᾳγ,
556 1681 627 1701 non
647 1668 770 1713 placet.
798 1664 903 1698 Haud
930 1665 1106 1709 inelegan-

427 1734 480 1757 ter
491 1722 607 1756 bestiae
620 1747 628 1762 ‚
642 1721 697 1753 vel
710 1720 813 1753 etiam
826 1731 880 1752 res
894 1717 1104 1752 inanimatae.

424 1777 606 1822 promittere
633 1773 821 1812 dicuntur,
845 1770 986 1816 quando
1006 1783 1045 1803 ex
1066 1771 1106 1802 il-

428 1831 541 1862 larum
564 1835 707 1860 externo
731 1825 853 1858 habitu
875 1833 1042 1870 gestuque
1064 1822 1108 1856 de

429 1885 569 1916 interna
599 1880 653 1913 vel
681 1880 799 1912 futura
829 1878 960 1910 virtute
989 1878 1107 1922 conje÷

431 1944 566 1968 cturam
584 1933 696 1966 facere
712 1932 804 1964 licet.
822 1932 1010 1963 Promittere
1025 1942 1108 1974 ergo

431 1989 467 2021 h.
490 1988 511 2020 l.
535 1987 627 2019 valet
646 1985 785 2017 minari.
808 1982 891 2016 Vid.
916 1983 1035 2016 Barth.
1066 1981 1109 2015 ad

433 2039 557 2076 Claud.
576 2040 687 2083 Nupt.
706 2038 799 2070 Hon.
816 2049 849 2070 v.
874 2040 958 2081 247·
979 2036 1111 2069 Rhino-

432 2105 530 2127 ceros
544 2093 580 2125 in
596 2103 737 2126 arenam
754 2088 949 2137 productus
967 2089 1110 2122 fortasse

432 2160 505 2180 non
524 2157 678 2191 praeceps
692 2170 701 2186 ,
715 2153 753 2177 ut
769 2143 843 2176 aliae
856 2143 992 2185 bestiae,
1008 2142 1110 2174 simul

433 2213 472 2234 ac
503 2198 739 2233 adversarium
774 2195 1019 2241 conspexerint
1033 2220 1042 2235 ‚
1073 2194 1111 2227 in

432 2265 587 2299 pugnam
604 2251 801 2291 ferebatur3
819 2248 880 2283 sed
897 2246 1111 2293 aliquamdiu

433 2307 606 2350 impetum
641 2302 808 2349 repressit
833 2314 840 2334 t
873 2302 934 2347 qui
970 2309 1111 2334 cuncta-

433 2357 547 2391 bundi
560 2365 723 2391 externus
741 2355 880 2389 habitus
898 2367 971 2388 non
990 2353 1110 2387 admo-

435 2410 521 2444 dum
548 2411 699 2444 ferocem
723 2421 879 2455 pugnam
906 2408 1112 2454 promittere

432 2463 628 2497 videbatur.
646 2461 821 2496 Ttandem
848 2473 933 2495 vero
951 2486 961 2503 ,
990 2461 1113 2494 solutis

435 2518 495 2550 irae
507 2543 516 2559 ‚
544 2529 648 2561 quam
679 2517 863 2560 collegerat
877 2540 887 2556 ‚
912 2514 1086 2559 repagulis
1099 2539 1107 2552 ‚

435 2582 570 2615 pronus
601 2569 636 2601 in
664 2567 900 2601 adversarium
931 2567 1110 2608 irruebat,

435 2631 476 2656 ut
492 2623 546 2655 leo
569 2620 662 2667 apud
680 2622 812 2654 Lucan.
834 2620 895 2654 lib.
919 2621 936 2653 I
950 2646 959 2660 ,
979 2632 1013 2653 v.
1038 2620 1107 2653 205

432 2684 468 2709 ct
485 2687 579 2721 seqq.
599 2694 650 2702 ——-
674 2674 756 2719 Quae
775 2686 836 2706 non
846 2675 1001 2719 promisit.
1018 2673 1109 2714 Quia

492 1093 534 1132 H
564 1091 596 1149 ῥ’
622 1088 944 1147 ἀνεπαγγέλτους
978 1083 1119 1135 ἄθλους
1148 1102 1229 1138 σοι,
1256 1088 1435 1145 Καῖσαρ,
1466 1087 1626 1147 ἀγώνων

1021 1150 1123 1205 δεῖξε
1152 1156 1398 1202 κυνηνεσίου.

1258 1191 1266 1216 1

1163 1307 1233 1327 non
1265 1295 1379 1340 potuit
1403 1294 1618 1340 aliquamdiu
1638 1296 1680 1328 ab
1705 1295 1841 1341 amphi-

1164 1348 1392 1381 theatralibus
1421 1349 1594 1394 magistris
1620 1348 1762 1382 irritari.
1784 1348 1842 1382 Sic

1164 1401 1198 1433 in
1204 1401 1253 1433 fra
1264 1402 1372 1445 epigr.
1381 1413 1510 1440 xx11‚v.
1526 1401 1558 1441 33
1568 1400 1843 1446 desperabantur

1164 1454 1323 1500 promissi
1346 1454 1466 1499 praelia
1477 1455 1611 1487 Martis.
1624 1476 1676 1480 ——-
1688 1455 1841 1492 Rlzinoce÷

1165 1520 1226 1540 ros.
1244 1508 1370 1552 Ingens
1380 1507 1496 1540 bellua
1513 1506 1721 1541 fortitudine
1733 1520 1770 1541 ac
1788 1520 1843 1540 ro-

1165 1561 1250 1593 bore
1269 1572 1350 1592 cum
1373 1560 1560 1605 elephanto
1579 1559 1814 1606 comparanda
1832 1587 1841 1602 ,

1166 1612 1225 1645 sed
1240 1613 1354 1646 minus
1368 1625 1522 1658 procera.
1535 1610 1671 1658 Tergus
1688 1614 1719 1647 ei
1733 1613 1844 1647 duris-

1166 1667 1291 1699 simum
1304 1692 1312 1707 ,
1332 1666 1498 1711 colorque
1520 1667 1666 1700 buxeus.
1688 1667 1730 1699 In
1748 1679 1842 1700 sum-

1167 1719 1286 1752 mitate
1305 1719 1443 1752 narium
1461 1732 1572 1752 cornu
1591 1727 1720 1764 gestat,
1733 1721 1843 1752 forma

1167 1771 1364 1818 repandum
1387 1781 1420 1805 et
1441 1771 1570 1805 duritie
1600 1773 1732 1805 ferrum
1761 1784 1844 1805 exae-

1168 1837 1289 1870 quanS.
1314 1826 1383 1858 Diu
1409 1824 1626 1871 disputatum
1654 1825 1743 1867 fuit,
1771 1826 1845 1858 uni-

1168 1891 1250 1911 cum
1282 1891 1324 1910 an
1350 1879 1533 1923 geminum
1558 1891 1670 1911 cornu
1696 1878 1841 1911 habeat:

1169 1932 1354 1964 Pausanias
1366 1959 1374 1972 ‚
1396 1931 1455 1965 lib.
1472 1931 1524 1963 IX
1536 1956 1545 1971 ,
1565 1930 1650 1964 dicit
1669 1943 1744 1964 eam
1760 1930 1846 1964 duo-

1169 1985 1234 2017 bus
1267 1985 1430 2017 cornibus
1460 1983 1657 2017 decoratam
1686 1997 1757 2017 esse
1770 2009 1780 2025 ‚
1811 1992 1846 2016 et

1169 2036 1295 2070 exinde
1305 2037 1593 2078 nomentrahere3
1605 2036 1739 2070 Plinius
1749 2049 1846 2078 vero,

1171 2090 1281 2131 VIII,
1311 2103 1375 2130 20,
1398 2090 1543 2123 unicum
1565 2090 1712 2132 habere,
1735 2090 1845 2135 qualis

1171 2155 1260 2188 saepe
1278 2143 1360 2176 visa.
1381 2144 1448 2176 Res
1466 2155 1561 2176 nunc
1578 2143 1742 2176 omnibns
1763 2151 1845 2176 nota

1170 2204 1237 2236 θεῖς
1249 2208 1374 2242 nempe
1386 2196 1645 2229 rhinocerotem
1655 2196 1845 2232 asiaticum,

1171 2248 1243 2281 duo
1263 2262 1412 2290 cornua,
1435 2250 1639 2283 Africanum
1661 2261 1745 2282 vero
1766 2249 1846 2282 uni-

1171 2314 1251 2335 cum
1265 2302 1405 2336 habere.
1423 2301 1531 2336 Ludis
1546 2302 1768 2336 rhinocerota
1787 2313 1845 2334 ex-

1170 2355 1288 2388 hihuit
1314 2356 1450 2401 primus
1470 2355 1658 2400 Pompeius
1680 2366 1822 2400 magnus
1836 2380 1845 2396 ,

1171 2407 1300 2441 deinde
1331 2406 1513 2454 Augustus
1530 2421 1539 2450 3
1571 2416 1605 2441 et
1635 2407 1846 2454 posteriores

1172 2462 1404 2507 Imperatores
1417 2462 1495 2494 illos
1509 2460 1634 2494 imitati
1645 2468 1739 2493 sunt.
1753 2460 1846 2493 Naso

1171 2527 1302 2548 corneo
1333 2514 1565 2548 rhinocerotis
1597 2513 1633 2545 in
1664 2514 1845 2546 vasculum

1172 2568 1261 2601 facto
1272 2569 1458 2601 utebantur
1464 2566 1678 2612 potentiores
1688 2566 1765 2599 oleo
1778 2579 1848 2599 ser·

1171 2620 1286 2654 vando
1307 2621 1343 2654 in
1360 2620 1491 2654 balneis
1503 2646 1512 2662 ‚
1529 2627 1613 2652 teste
1631 2619 1652 2651 J
1655 2631 1714 2652 uv.
1736 2620 1824 2651 VIII
1836 2645 1845 2659 ,

1177 2686 1190 2706 1
1201 2672 1246 2707 3ο
1263 2682 1296 2708 et
1311 2673 1588 2713 Nost.1ib.X1V‚
1598 2672 1689 2718 epig.
1699 2682 1764 2705 Lu.
1778 2672 1845 2706 En.
