2061 3288
487 202 584 248 300

867 206 928 249 M.
952 207 1097 250 VAL.
1136 208 1523 252 MARTIALIS

617 293 684 335 Ex
714 292 869 353 opibus
897 295 1051 348 tantis,
1076 311 1182 355 quas
1213 297 1356 356 gravis
1387 312 1488 340 arca
1517 297 1700 357 premit3

549 364 655 407 Esse
687 363 761 407 tibi
791 380 975 425 magnus
992 400 1003 420 ,
1023 364 1272 422 Thdesine,
1294 366 1452 410 videris
1482 367 1660 411 amicus.

617 435 684 477 Tu
713 450 920 495 magnus,
942 434 1059 495 quod
1088 434 1192 480 das?
1216 437 1351 481 immo
1377 454 1481 497 ego,
1504 437 1623 498 quod
1648 437 1814 498 recipis.

476 577 696 621 quinquagena
710 603 718 616 ,
740 588 785 609 ne
800 575 912 609 finalis
928 575 964 608 in
972 578 1064 620 giuta
1075 590 1155 622 pro-

477 627 647 669 ducatur3
671 641 792 662 verum
818 637 868 662 est
887 641 1034 675 auceps:
1051 642 1152 676 repe-

475 681 568 714 ritur
580 681 684 726 longa
696 681 756 715 lib.
772 682 842 714 XII
854 708 862 724 ‚
879 682 986 728 epigr.
1004 694 1097 725 VI113
1119 691 1153 716 et

476 734 592 768 hrevis
604 760 614 775 ‚
630 735 693 768 lib.
710 735 781 768 XII
796 760 805 775 ‚
824 735 933 780 epigr.
950 747 1044 769 xxvx.

528 799 560 819 2.
596 788 727 820 Premit.
766 787 914 833 Stipatas
950 788 1009 821 vix
1045 789 1150 834 capit.

474 838 558 873 Vid.
577 839 638 873 lib.
657 841 695 884 Ι,
716 841 823 886 epigr.
846 854 913 875 xxx
929 866 938 882 ‚
961 854 996 875 v.
1021 845 1054 880 4.

526 896 559 932 4.
596 894 676 926 Tum
703 907 853 938 magum,
876 894 961 940 quod
983 894 1042 926 das
1060 895 1151 927 Lan-

470 944 546 989 gius
563 946 703 992 aliique.
732 948 818 980 Tun'
835 960 967 991 magnus
983 974 992 987 ‚
1017 955 1083 980 etc.
1103 948 1152 980 le-

470 997 623 1042 gendum
646 1008 763 1033 censet
785 1000 1007 1034 Ramiresius.
1028 1021 1081 1027 —
1103 1001 1152 1033 Tu

1215 590 1345 622 magnus
1363 578 1449 624 quod
1465 578 1522 610 das
1533 583 1551 610 Ρ
1568 579 1670 612 Tune
1687 591 1722 612 es
1740 577 1892 611 liberalis

1213 639 1246 663 et
1263 631 1487 676 magnificus,
1505 630 1603 676 quod
1621 638 1779 665 mutuam
1800 631 1891 664 hanc

1213 683 1299 716 mihi
1320 696 1490 717 summam
1510 682 1598 717 des?
1617 685 1731 717 Immo
1743 683 1889 730 pusillus

1213 749 1247 769 es
1265 745 1298 770 et
1313 749 1439 782 parcus
1455 762 1463 778 ,
1483 737 1563 781 qui,
1583 749 1694 782 quum
1713 736 1809 770 dives
1826 736 1890 778 sis,

1213 790 1360 835 pauperi
1382 798 1545 823 mutuum
1569 789 1652 823 dare
1672 802 1745 822 non
1765 790 1892 822 erube·

1213 854 1285 875 scas
1297 868 1305 883 ‚
1319 843 1377 875 cui
1399 855 1460 888 par
1478 850 1551 875 erat
1571 851 1604 876 te
1621 842 1752 876 donare
1773 842 1890 887 gratis.

1212 895 1288 940 Ego
1313 896 1429 940 magni
1457 895 1563 928 animi
1593 908 1673 929 sum
1689 920 1699 935 ‚
1725 896 1787 940 qui
1810 895 1892 928 licet

1211 960 1344 994 pauper
1362 961 1434 982 non
1453 947 1632 994 decoquo,
1647 947 1709 982 sed
1729 956 1890 982 mutuum

1212 1001 1276 1034 tibi
1292 1001 1399 1034 solvo.

1104 1137 1272 1192 XLI.

781 1292 835 1320 IN
887 1291 1192 1320 LACERTAM
1240 1271 1564 1321 CAELATAMf

608 1419 810 1462 INSERTA
839 1417 994 1478 phialae
1022 1419 1236 1463 Mentoris
1265 1435 1396 1462 manu
1429 1419 1559 1462 ducta

608 1491 791 1533 Lacerta
815 1490 946 1544 vivit,
972 1499 1014 1533 et
1040 1490 1218 1533 timetur
1244 1499 1487 1551 argentum.

522 1640 553 1660 1.
574 1627 729 1660 ,Μσηῐοι-ἱς
761 1640 854 1660 manu
880 1626 964 1672 ficta
999 1628 1147 1661 Juntina

465 1688 583 1713 nostra
616 1680 653 1712 in
682 1681 849 1726 margine.
879 1682 960 1713 Ant.
993 1681 1031 1713 de
1057 1682 1147 1726 Rooy

466 1732 589 1775 malit,
612 1733 767 1766 Mentoris
789 1747 882 1766 manu
909 1734 1013 1766 docta.
1039 1734 1144 1767 Conf.

467 1785 571 1818 Ovid.
599 1786 689 1819 Fast.
712 1787 765 1819 III
780 1811 788 1823 ,
815 1785 908 1825 832,
930 1787 1053 1819 Amor.
1082 1787 1140 1826 II,

464 1843 500 1879 4,
517 1841 561 1873 28
576 1839 767 1880 ;Nostrum
780 1839 862 1872 infr.
877 1839 987 1884 epigr.
1002 1851 1141 1876 LXXXII,

462 1900 496 1925 et
513 1892 575 1925 lib.
590 1892 622 1924 X
635 1918 643 1933 ,
664 1892 773 1938 epigr.
792 1904 885 1934 XC113
899 1892 1019 1925 Senec.
1038 1892 1140 1925 Herc.

463 1945 547 1978 OEt.
570 1947 642 1989 669
660 1954 668 1984 3
687 1954 720 1978 et
740 1946 861 1978 Burin.
881 1944 924 1978 ad
941 1944 1047 1978 Ovid.
1065 1947 1140 1978 Art.

462 1999 542 2031 Am.
562 1999 603 2039 I,
630 1999 713 2032 518.
735 1999 855 2031 Doctus
884 2007 918 2031 et
944 1999 1054 2030 ductas
1081 2011 1142 2031 sae-

459 2063 505 2095 pe
521 2051 626 2084 fuisse
646 2060 844 2096 permutata
857 2077 865 2091 ‚
883 2050 1025 2084 docebit
1046 2050 1141 2084 idem

461 2104 686 2138 Burmannus
698 2103 742 2137 ad
755 2103 860 2137 Ovid.
878 2103 1024 2137 Heroid.
1038 2104 1138 2150 epist.

460 2157 529 2190 XX
545 2183 554 2197 ,
579 2170 596 2190 2
607 2169 662 2190 10.

512 2211 693 2243 —Inserta
704 2237 712 2249 ,
733 2218 796 2243 etc.
819 2210 946 2243 Caelata
962 2210 998 2243 in
1015 2221 1136 2254 super-

459 2261 538 2295 ficie
554 2263 714 2308 ampullae
732 2271 899 2308 argenteae
918 2263 1045 2296 lacerta
1059 2288 1068 2303 ‚
1090 2263 1136 2295 ita

459 2323 510 2348 est
529 2316 659 2349 affabre
683 2328 841 2360 expressa
854 2341 862 2357 ‚
887 2324 926 2349 ut
946 2316 1064 2349 vivere
1083 2316 1135 2349 vi-

460 2366 584 2401 deatur
608 2378 641 2402 et
663 2369 842 2410 timeatur,
865 2369 947 2402 licet
973 2377 1134 2414 argentea

459 2420 502 2453 sit
522 2430 554 2454 et
570 2434 692 2467 expers
711 2422 845 2455 animae.
862 2422 1051 2455 ——lllentor
1069 2434 1134 2455 cae-

1207 1628 1297 1661 lator
1310 1628 1376 1661 fuit
1386 1627 1606 1661 ciarissimus.
1616 1625 1694 1658 Lib.
1709 1626 1760 1658 IX
1770 1651 1779 1666 ,
1794 1624 1883 1670 epig.

1211 1684 1282 1714 60:
1317 1698 1330 1710 «
1356 1681 1401 1715 Et
1432 1680 1460 1713 si
1493 1692 1560 1725 qua
1585 1680 1731 1712 fuerunt
1755 1678 1883 1711 Pocula

1205 1733 1387 1766 Mentorea
1412 1733 1596 1766 nobilitata
1621 1744 1736 1765 manu.
1751 1748 1764 1761 n
1791 1731 1883 1764 Plin.

1204 1787 1265 1819 lib.
1289 1787 1470 1827 XXXIII,
1500 1797 1575 1830 cap.
1610 1797 1650 1818 11
1671 1797 1679 1817 :
1714 1801 1727 1813 «
1749 1783 1879 1816 Lucius

1203 1852 1286 1872 vero
1316 1840 1458 1873 Crassus
1483 1847 1601 1871 orator
1623 1837 1710 1870 duos
1732 1836 1881 1882 scyphos

1204 1892 1375 1925 Mentoris
1393 1891 1532 1924 artificis
1550 1904 1655 1924 manu
1671 1889 1807 1923 caelatos
1819 1889 1881 1921 ha-

1201 1945 1279 1979 huit
1292 1953 1433 1978 centum
1445 1944 1608 1977 sestertiis
1617 1961 1629 1973 n
1638 1969 1647 1985 ‚
1658 1943 1789 1988 gallicae
1802 1955 1877 1974 mo-

1200 2007 1289 2032 netae
1306 2022 1316 2038 ‚
1352 1997 1489 2032 12.50o
1518 1997 1626 2029 franc.
1655 2008 1696 2029 ex
1718 1994 1875 2028 Rollino.

1201 2051 1268 2084 ΕΙ).
1282 2070 1334 2077 ——-
1350 2051 1470 2083 Ducta.
1492 2049 1682 2095 Proprium
1708 2056 1758 2081 est
1781 2048 1875 2081 caela-

1201 2112 1319 2138 torum
1331 2112 1365 2137 et
1377 2103 1594 2148 sculptorum
1608 2102 1766 2135 verbum.
1777 2101 1876 2145 Virg.

1199 2159 1278 2190 AEn.
1291 2157 1345 2189 VI
1358 2181 1367 2198 ‚
1382 2158 1453 2196 848
1471 2168 1478 2188 :
1499 2173 1512 2185 u
1531 2154 1714 2188 Excudent
1731 2153 1789 2186 alii
1808 2153 1877 2199 spi-

1198 2210 1311 2243 rantia
1339 2209 1481 2242 mollius
1512 2221 1600 2249 aera,
1631 2206 1745 2241 Credo
1776 2205 1876 2252 equi-

1197 2262 1304 2303 dem,
1334 2262 1441 2295 vivos.
1462 2260 1595 2295 ducent
1628 2259 1671 2293 de
1703 2271 1876 2293 marmore

1196 2316 1324 2350 vultus.
1345 2333 1358 2344 ι»

1253 2382 1283 2402 2.
1305 2370 1353 2401 Et
1374 2371 1508 2400 timetur.
1531 2367 1650 2407 Quum
1672 2366 1798 2399 lacerta
1819 2364 1872 2397 vi-

1194 2434 1275 2455 vere
1294 2420 1466 2455 videatur.
1486 2418 1578 2452 Vide
1601 2432 1676 2464 sup.
1698 2430 1753 2464 ep.
1771 2429 1871 2451 xxxv.
