2061 3288
451 203 1040 251 EPIGRAMMATUM
1078 204 1204 247 LIB.
1246 204 1329 246 IV.

1503 200 1603 262 459

398 296 488 339 Vos
518 310 635 337 nunc
662 293 809 336 omnia
837 307 974 353 parva
1000 291 1071 352 qui
1102 291 1286 351 putam,

400 367 599 410 Centeno
631 363 820 424 gelidum
851 362 995 424 ligone
1022 362 1179 415 Tibur,

396 435 479 480 Vel
506 437 722 479 Praeneste
753 434 956 487 domate,
986 431 1310 494 pendulamque

395 508 485 551 Uni
516 506 659 550 dedite
686 507 847 549 Setiam
876 504 1060 558 colon03

397 579 517 621 Dum
536 613 546 632 ‚
572 594 642 620 ine
666 576 813 636 judice
828 612 839 630 ‚
862 576 1152 637 praeferantur
1177 573 1268 617 istis
1576 594 1606 615 35.

396 647 481 691 Juli
505 648 661 710 jugera
691 663 831 708 pauca
857 645 1086 690 Martialis.

242 787 302 821 31.
325 789 366 820 In
388 785 596 821 Beverlandi
616 785 691 819 MS.
714 799 784 832 quae
805 798 868 830 pu-

189 844 275 873 tatis.
299 861 349 867 -—
366 841 417 873 Ite
434 852 529 873 nunc
549 852 630 879 vos,
650 853 671 872 o
691 839 777 872 lauti
802 839 864 871 ho—

188 895 299 927 mines
311 920 320 935 ‚
335 894 462 939 quibus
474 906 596 926 omnes
610 892 699 926 villae
711 890 868 932 sordent,

191 956 356 993 tanquam
388 947 540 992 exiguae,
568 959 640 992 prae
668 945 791 979 vestris
817 945 870 977 in-

188 1001 353 1046 gentibus
380 999 600 1042 latifundiis;
630 1007 723 1032 arate
750 1006 784 1031 et
811 1011 870 1032 co·

190 1055 250 1087 lite
260 1078 270 1093 ‚
283 1066 347 1099 per
360 1066 416 1087 me
431 1054 512 1087 licet
524 1079 533 1095 ,
547 1060 685 1086 centum
703 1051 825 1085 aratris
837 1059 871 1084 et

190 1115 331 1140 centum
356 1107 531 1152 ligonibus
551 1106 740 1139 Tiburtina
758 1112 873 1139 vestra

193 1159 323 1205 praedia
345 1169 379 1193 et
406 1160 641 1200 Praenestina3
664 1159 735 1192 imo
758 1167 872 1192 totum

191 1226 312 1259 agrum
334 1213 494 1246 Setinum
520 1213 694 1254 obtinete,
714 1221 748 1246 et
770 1212 832 1244 uni
855 1223 874 1244 e

191 1266 315 1300 vestris
329 1267 452 1299 villicis
466 1265 592 1299 tradite
609 1278 616 1299 ε
632 1279 694 1311 ego
710 1266 783 1299 istis
801 1277 876 1298 oin-

191 1320 295 1353 nibus
325 1332 467 1364 parvam
497 1320 584 1352 Julii
612 1319 784 1352 Martialis
809 1319 875 1351 vil-

193 1374 261 1406 lam
285 1381 474 1419 antepono.

248 1426 309 1460 32.
345 1426 482 1460 Centeno
486 1451 548 1459 .....
576 1426 690 1470 ligone.
722 1426 875 1459 Centum

193 1479 302 1513 servis
315 1479 434 1525 ligone
453 1479 644 1512 utentibus.
662 1480 729 1512 ΕΙ).
747 1500 796 1506 --
815 1478 878 1512 Ge-

195 1533 292 1565 lidum
297 1559 357 1566 .....
392 1532 505 1565 Tibur.
533 1531 619 1566 Vid.
643 1545 739 1577 supr.
765 1532 876 1577 epigr.

198 1598 273 1619 LVII
287 1612 295 1627 ‚
313 1598 365 1619 vs.
387 1590 428 1628 ὃς
447 1594 482 1618 et
497 1585 610 1630 epigr.
632 1598 679 1618 Lx
697 1611 707 1626 ‚
725 1594 791 1619 etc.
811 1594 876 1619 etc.

251 1638 311 1672 33.
335 1640 507 1672 Praeneste.
533 1639 707 1673 Praeneste
729 1647 779 1672 est
798 1639 879 1672 urbs

196 1692 314 1732 Latii,
342 1705 442 1725 nunc
472 1693 656 1724 Palestrina
674 1719 684 1733 ,
716 1692 754 1725 in
787 1692 880 1726 clivo

198 1746 261 1778 sita
278 1770 286 1783 ,
321 1753 402 1779 octo
435 1745 544 1778 leucis
582 1746 692 1778 Roma
726 1745 856 1779 distans
872 1771 881 1786 ‚

197 1798 357 1843 pulchris
380 1799 502 1843 templi
533 1798 697 1832 Fortunae
723 1798 882 1844 reliquiis

199 1851 404 1897 conspicua.
422 1852 490 1885 En.

983 785 1043 826 34.
1074 784 1137 817 Um·
1158 783 1273 817 deditis
1295 782 1398 816 ediam
1422 782 1459 815 in
1483 783 1610 815 Bever—

928 837 1027 871 laridi
1046 838 1121 871 MS.
1147 857 1199 864 --
1231 836 1298 869 Uni
1317 837 1430 869 dedice.
1457 836 1530 868 Uni
1552 847 1610 868 co-

927 891 1014 925 lono
1059 891 1220 925 Setinum
1265 902 1388 934 agrum
1423 888 1612 922 locandum

929 943 1028 986 date,
1047 944 1108 990 qui
1140 956 1220 977 eum
1252 944 1344 976 colat
1373 955 1453 976 cum
1482 942 1614 976 familia

929 1011 1002 1032 sua.
1031 1021 1085 1025 —
1106 998 1225 1030 Unum
1251 997 1419 1030 colonum
1442 995 1549 1037 dicit,
1575 1005 1615 1029 ut

930 1051 1093 1085 ostendat
1111 1051 1218 1084 fastus
1236 1049 1407 1090 divitum,
1420 1063 1508 1096 quos
1528 1049 1615 1083 allo-

931 1105 1052 1151 quitur
1066 1131 1076 1146 ,
1097 1105 1230 1150 quique
1249 1104 1310 1136 uni
1337 1112 1473 1137 tautum
1490 1116 1532 1136 ex
1546 1103 1614 1135 vil-

931 1158 1006 1193 licis
1018 1185 1026 1198 ,
1050 1171 1138 1204 quos
1157 1159 1362 1191 innumeros
1386 1157 1535 1198 habent,
1553 1156 1616 1189 Se-

932 1212 1017 1245 tiam
1037 1211 1125 1245 dent
1147 1209 1343 1245 colendam.
1363 1211 1432 1244 En.
1451 1231 1505 1236 —-
1527 1210 1616 1244 Setia

939 1265 1059 1299 civitas
1083 1274 1135 1299 est
1155 1265 1193 1298 in
1218 1273 1373 1298 extrema
1394 1263 1486 1297 Latii
1517 1271 1617 1309 parte

938 1331 1047 1364 supra
1068 1319 1201 1352 Forum
1220 1318 1325 1364 Appii
1341 1344 1350 1359 ,
1366 1316 1462 1350 unde
1481 1326 1516 1351 et
1529 1317 1619 1350 Seti-

935 1385 1021 1405 num
1044 1372 1179 1405 vinum.
1204 1372 1282 1405 Lib.
1306 1371 1414 1412 XIII,
1444 1370 1619 1416 epigram-

936 1433 1027 1458 mate
1064 1438 1140 1459 exn
1165 1438 1173 1459 :
1212 1443 1225 1455 «
1252 1423 1410 1458 Pendula
1447 1424 1620 1457 Pontinos

937 1492 1004 1524 qua
1020 1487 1152 1524 spectat
1165 1478 1259 1512 Setia
1273 1490 1426 1524 campos.
1440 1494 1454 1507 x·
1474 1476 1620 1510 Pendu-

936 1533 1005 1565 lam
1027 1531 1114 1566 dicit
1133 1558 1142 1572 ‚
1161 1532 1244 1578 quia
1263 1532 1301 1564 in
1323 1539 1443 1564 monte
1461 1530 1526 1564 sita
1546 1539 1597 1563 est
1617 1555 1626 1570 ‚

937 1584 1033 1619 unde
1049 1585 1193 1619 videtur
1209 1584 1365 1631 pendere
1378 1585 1463 1617 urbs
1481 1584 1540 1616 illa
1556 1582 1618 1616 de-

939 1652 1015 1673 cem
1032 1647 1067 1672 et
1086 1648 1167 1673 octo
1181 1639 1291 1672 leucis
1305 1637 1436 1671 distans
1454 1650 1471 1670 a
1489 1638 1600 1670 Roma
1613 1662 1622 1676 ‚

940 1691 1047 1725 hodie
1078 1692 1183 1726 Sezza
1195 1705 1208 1731 ;
1238 1692 1297 1726 hic
1329 1690 1452 1737 templi
1482 1689 1625 1723 Saturni

945 1744 1074 1780 rudera
1089 1745 1269 1780 videntur.
1281 1746 1348 1778 En.

997 1799 1058 1832 36.
1094 1799 1184 1832 Tulli
1210 1798 1290 1832 edd.
1319 1805 1404 1832 vett.
1428 1806 1467 1831 ut
1495 1809 1626 1842 supra,

941 1863 1046 1885 versu
1071 1864 1101 1885 1.

814 1986 1006 2043 LXV.

718 2152 784 2179 DE
822 2130 1122 2180 PHILAEN1.*

349 2278 517 2321 OctiLo
546 2276 748 2320 Philaenis
774 2293 948 2338 semper
970 2275 1109 2321 altero
1135 2275 1292 2337 plorat.

347 2349 450 2404 Quo
479 2347 558 2390 fiat
586 2347 723 2403 istud,
745 2348 954 2408 quaeritis,
978 2345 1143 2391 modo?
1166 2347 1289 2391 lusca
1313 2356 1389 2391 est.

263 2480 278 2494 ¹*
290 2485 331 2517 In
347 2485 415 2518 hoc
431 2485 680 2530 epigrammate
691 2483 890 2518 exhibendo

211 2551 280 2571 non
302 2539 435 2572 variant
460 2538 540 2572 libri
562 2538 679 2572 excusi
703 2547 761 2571 aut
785 2550 890 2570 manu

213 2591 350 2624 ‹emi-ati.

270 2658 302 2677 τι.
336 2645 436 2677 Lusca
471 2652 525 2678 me.
558 2645 726 2678 Miserum
760 2652 891 2677 natur-‘c

950 2484 1076 2517 vitium
1096 2485 1130 2517 in
1145 2484 1203 2517 illa
1216 2484 1364 2518 muliere
1377 2483 1499 2518 irridet
1511 2486 1631 2525 Poeta,

951 2550 1027 2582 quae
1055 2538 1158 2570 oculo
1185 2538 1295 2571 altero
1324 2538 1508 2583 plorabat,
1536 2538 1632 2584 quod

952 2591 1038 2624 alter
1057 2589 1207 2631 deessem
1226 2599 1259 2624 et
1279 2591 1445 2636 plorasset
1463 2601 1632 2637 utroque,

952 2644 979 2677 si
1001 2653 1191 2689 utrumque
1213 2645 1402 2678 habuisset.
1419 2644 1484 2678 ED.
