2061 3288
444 197 540 243 226

816 200 876 241 M.
900 200 1039 242 VAL.
1080 201 1474 245 MARTIALIS

584 286 904 346 Oppigneravit
927 285 1097 330 Claudii
1118 288 1249 332 modo
1275 288 1329 331 ad
1356 304 1549 332 mensam

584 357 669 399 Vix
694 366 794 400 octo
816 358 1006 400 nummis
1032 357 1264 415 annulum,
1289 358 1404 403 unde
1428 369 1630 403 coenaret.

498 506 535 538 7.
569 493 799 539 Oppigneravit
824 494 960 526 admodo
992 494 1122 527 Claudii

446 559 578 580 mensam
593 546 630 579 in
644 545 724 580 edd.
743 547 922 592 antiquiss.
943 559 1023 580 cum
1037 547 1119 581 Ald.

444 598 540 633 Junt.
554 600 669 633 Colin.
685 600 823 646 Gryph.
835 601 943 645 Lang.
959 601 1119 634 Pulman.

445 653 616 687 Ramires.
640 653 782 686 Junian.
807 653 934 698 Delph.
962 661 1026 687 etc.
1055 653 1123 686 Sal-

444 706 571 740 masius
590 704 778 751 legendum
791 714 908 739 censet
923 717 931 739 ε
955 707 1120 751 Oppigne-

446 762 529 793 ravit
555 759 646 791 modo
675 759 765 792 modo
789 759 835 791 ad
862 759 961 792 Cladi
989 772 1124 793 mensam

450 813 514 845 Vix
538 820 608 844 octo
632 814 743 844 mensis
765 812 913 845 annulum
929 839 938 852 ‚
963 812 1044 845 unde
1061 826 1123 846 ειε-

447 873 548 898 naret.
570 865 691 898 Lectio
715 873 834 898 nostra
860 864 1008 899 debetur
1031 865 1125 899 Gru-

448 926 523 951 tero
541 943 550 959 ‚
572 930 718 963 eamque
742 926 883 952 servant
908 918 1099 952 Scriverius
1118 945 1127 960 ‚

448 971 598 1004 Farnab.
634 970 808 1004 Schrevel.
842 971 1005 1005 Maittair.
1043 973 1128 1005 Bar-

450 1024 530 1063 bou,
562 1032 627 1057 etc.
657 1045 709 1050 —
738 1024 879 1058 Claudii.
913 1026 1132 1071 Argentarii‚

450 1077 680 1110 foeneratoris.
700 1098 753 1104 —-
770 1078 925 1112 Mensam.
944 1078 1129 1119 Pluteum‚

451 1130 631 1164 tabernam
644 1155 652 1171 ,
670 1130 791 1176 gallice
802 1156 811 1174 ‚
821 1131 956 1172 bureau,
968 1134 1130 1177 compcoir.

1236 497 1270 529 8.
1296 495 1472 529 Annulum.
1495 494 1672 530 Indicium
1699 505 1775 530 erat
1801 508 1856 530 ex-

1181 556 1298 581 tremae
1318 549 1477 593 egestatis
1492 574 1502 590 ,
1525 549 1644 582 annuli
1662 550 1718 583 vel
1737 548 1858 583 vendi-

1181 601 1230 634 tio
1250 601 1305 634 vel
1325 601 1578 647 oppigneratio.
1599 603 1680 636 Juv.
1706 602 1774 636 Sat.
1794 604 1856 636 H:

1186 654 1352 688 «Talibus
1368 666 1386 687 a
1401 654 1552 688 dominis
1562 663 1643 701 post
1655 664 1779 689 cuncta
1793 668 1858 689 no-

1181 707 1342 741 vissimus
1353 707 1421 740 exit
1431 708 1600 742 Annulus.
1610 726 1622 738 »
1640 709 1745 742 Enim
1757 721 1857 748 vero,

1184 772 1293 806 quum
1307 761 1435 793 annulo
1452 761 1570 794 omnia
1582 762 1619 794 in
1633 761 1740 795 domo
1752 762 1862 807 signa-

1183 821 1261 846 rent
1282 822 1417 847 veteres
1430 838 1441 854 ,
1461 815 1521 859 qui
1543 813 1730 848 Vendebat
1750 827 1863 848 annu-

1185 866 1259 899 lum
1287 865 1388 900 fateri
1412 866 1597 900 videbatur
1623 880 1658 900 se
1687 868 1775 900 nihil
1795 880 1865 900 am-

1187 919 1280 965 plius
1297 919 1427 953 habere
1448 919 1544 965 quod
1559 920 1730 966 signaret;
1746 933 1864 966 quem-

1190 971 1383 1005 admodum
1399 973 1518 1007 Gallus
1542 974 1601 1019 qui
1619 974 1749 1007 clavem
1766 986 1864 1006 suam

1190 1024 1359 1059 venderet
1375 1053 1384 1067 ‚
1406 1038 1442 1060 se
1461 1026 1551 1059 nihil
1569 1026 1716 1073 amplius
1736 1027 1866 1060 habere

1191 1077 1289 1112 domi
1317 1078 1579 1125 surripiendum
1595 1105 1604 1121 ‚
1640 1078 1735 1124 quod
1772 1079 1867 1113 clave

1192 1131 1331 1166 claudat
1344 1158 1354 1174 ‚
1370 1132 1589 1178 significaret.
1604 1133 1671 1166 En.

1042 1264 1276 1322 LVIII.

1003 1423 1058 1451 IN
1105 1423 1329 1453 ZOILUM.

532 1545 749 1589 PEXATUS
774 1544 957 1605 pulchre
983 1545 1096 1590 rides
1126 1562 1248 1601 mea,
1273 1547 1412 1603 Zoile,
1445 1549 1558 1592 trita.

603 1615 715 1657 Sunt
741 1615 834 1660 haec
864 1616 966 1659 trita
990 1616 1166 1676 quidem
1182 1653 1193 1668 ,
1218 1617 1360 1675 Zoile3
1383 1618 1459 1663 sed
1480 1635 1578 1663 mea
1599 1628 1712 1664 sunt.

525 1763 556 1784 1.
582 1751 724 1785 Vexatus
746 1752 954 1786 Beverlandi
971 1754 1045 1787 MS.
1067 1754 1142 1788 Cae-

470 1811 542 1836 tera
558 1829 567 1844 ‚
588 1805 683 1837 nulla
714 1806 859 1839 varietas
889 1816 939 1840 est
964 1806 1000 1840 in
1027 1819 1143 1844 exem-

471 1856 627 1901 plaribus
645 1870 753 1891 manu
781 1859 929 1894 exaratis
944 1884 953 1901 ‚
976 1868 1034 1893 aut
1051 1861 1144 1906 typis

472 1910 615 1943 excusis.
656 1931 708 1936 ——
742 1912 893 1946 Pexatus.
930 1913 1118 1947 Turnebus
1136 1940 1145 1955 ‚

471 1962 535 1996 lib.
556 1964 602 2004 V,
627 1975 703 2009 cap.
733 1969 791 2006 14.
816 1966 939 1999 Vestes
956 1966 1023 1999 illae
1051 1979 1146 2012 pexae

475 2023 556 2048 sunt
567 2041 576 2056 ‚
588 2016 623 2049 in
636 2017 762 2061 quibus
775 2030 838 2051 nec
848 2027 979 2052 stamen
994 2032 1057 2053 nec
1069 2021 1147 2053 sub-

474 2076 613 2112 tegmen
635 2079 798 2115 apparet,
816 2072 991 2118 eminente
1013 2081 1046 2105 et
1070 2073 1146 2106 telae

1201 1764 1405 1790 contextum
1414 1757 1594 1803 operiente
1603 1758 1699 1791 villo.
1709 1758 1806 1791 Hanc
1815 1758 1877 1792 vil-

1201 1809 1310 1842 losam
1325 1810 1474 1855 speciem
1488 1818 1614 1856 gerunt
1630 1812 1737 1856 panni
1748 1838 1757 1853 ,
1767 1823 1877 1856 quum

1203 1869 1360 1895 recentes
1379 1870 1460 1896 sunt
1473 1890 1482 1903 ‚
1497 1862 1648 1897 necdum
1666 1877 1730 1897 usu
1754 1863 1876 1897 attriti.

1206 1913 1275 1948 Adi
1291 1915 1437 1960 hujusce
1449 1916 1530 1949 libri
1550 1916 1760 1962 epigramma
1773 1929 1855 1950 xmv
1867 1942 1877 1959 ‚

1205 1980 1283 2013 sup.
1304 1980 1338 2002 v.
1361 1980 1392 2001 1.

1261 2033 1294 2054 2.
1317 2021 1394 2053 Mea
1409 2029 1499 2061 sunt,
1524 2033 1595 2054 non
1616 2031 1730 2057 autem
1750 2021 1879 2056 condu-

1205 2073 1299 2108 ctitia
1314 2100 1322 2118 ‚
1338 2082 1377 2107 ut
1398 2081 1454 2107 tua
1475 2086 1571 2120 pexa.
