2061 3288
443 257 502 302 72

812 241 873 284 Μ.
906 241 1047 284 VAL.
1087 240 1484 284 MARTIALIS

1041 380 1246 436 XXV.

940 519 1009 547 AD
1047 518 1352 547 DEciANUM.

507 640 696 682 ASPICIS
722 638 956 699 incomptis
981 636 1127 692 illum,
1150 638 1366 693 Deciane,
1392 635 1557 698 capillis
1573 672 1585 686 ,

577 708 715 769 Cujus
747 718 789 752 et
818 710 910 770 ipse
939 709 1063 752 times
1094 708 1215 752 triste
1244 706 1551 769 supercilium3

507 780 597 837 Qui
627 778 819 840 loquitur
850 780 1030 833 Curios,
1056 789 1380 840 assertoresque
1407 777 1648 823 Camillos?

575 849 727 895 Nolito
757 850 890 895 fronti
918 850 1121 907 credere,
1148 851 1300 911 nupsit
1322 850 1432 893 heri.

491 995 521 1016 1.
553 984 705 1029 Adspicis
732 986 896 1030 incomptis
927 985 1053 1017 Hillum
1081 984 1117 1017 in

437 1036 647 1082 quibusdam
667 1037 767 1071 libris
782 1052 791 1078 ;
808 1037 845 1070 in
863 1037 938 1070 aliis
957 1038 1053 1070 Ilum.

493 1102 526 1123 2.
550 1091 599 1123 Et
617 1093 692 1135 ipse.
712 1090 812 1124 Licet
826 1091 954 1124 stoicus
970 1090 1121 1123 severis-

435 1143 545 1176 simus
558 1157 568 1186 3
582 1142 654 1177 vid.
672 1143 783 1189 epigr.
796 1156 832 1176 lx
845 1156 950 1190 supra
965 1151 998 1176 et
1010 1143 1099 1176 infra
1111 1169 1120 1186 ‚

436 1195 642 1242 epigramm.
655 1209 711 1230 xx..
723 1218 776 1223 —
791 1198 895 1230 Triste
909 1197 1117 1242 super-ciliani.

435 1250 567 1283 Vultus
584 1263 624 1284 ac
647 1250 773 1283 frontis
794 1251 1045 1284 austeritatem.

491 1303 525 1337 3.
555 1303 626 1336 Pro
659 1303 773 1337 Curios
797 1304 1013 1337 Pulmannus
1036 1303 1119 1348 legit

437 1355 545 1389 Varos
560 1370 573 1396 ;
605 1355 666 1390 sed
699 1365 838 1402 recepta
872 1357 977 1390 lectio
1011 1357 1119 1401 magis

435 1409 560 1453 placet.
581 1429 633 1435 —
655 1410 722 1454 Qui
737 1410 877 1456 loquitur
897 1409 1022 1443 Curios.
1048 1409 1119 1450 Qui

435 1463 635 1508 priscorum
653 1464 896 1496 Romanorum
919 1476 1034 1496 mores
1053 1461 1119 1496 du·

434 1528 492 1549 ros
513 1524 548 1549 et
574 1515 725 1562 rigidam
748 1516 1004 1549 continentiam
1030 1528 1119 1550 sem·

436 1581 500 1613 per
514 1569 550 1601 in
564 1581 624 1602 ore
636 1569 760 1611 habet,
775 1568 930 1603 assiduus
943 1568 1117 1602 laudator.

433 1622 502 1655 En.
513 1622 633 1654 —Vel
645 1622 706 1668 qui
716 1621 861 1668 grandia
875 1632 909 1656 et
918 1634 1036 1656 severa
1045 1635 1121 1655 ver-

437 1675 481 1707 ba
498 1675 636 1720 profert
657 1675 764 1721 digna
783 1676 904 1721 probis
926 1676 993 1709 illis
1016 1676 1119 1717 viris;

435 1727 484 1761 sic
503 1729 631 1762 Juven.
651 1737 713 1762 sat.
740 1742 757 1761 2
774 1741 782 1762 ε
807 1747 820 1758 «
837 1729 911 1770 Qui
929 1729 1057 1762 Curios
1074 1729 1117 1761 si-

436 1781 594 1825 mulant,
623 1790 658 1814 et
685 1782 913 1815 Bacchanalia
942 1782 1079 1815 vivunt.
1100 1799 1113 1811 n

436 1855 487 1861 ——
515 1836 708 1868 Assertores.
735 1836 883 1868 Romam
909 1835 946 1868 in
972 1835 1114 1869 liberta-

435 1896 505 1920 tem
526 1889 672 1922 asseruit
692 1889 869 1922 Camillus.

1233 989 1267 1025 4.
1287 983 1401 1017 Nolito
1412 984 1528 1026 fronti.
1549 982 1605 1016 Sic
1621 983 1752 1016 Juveu.
1770 982 1858 1016 ibid.

1183 1037 1329 1070 «Fronti
1347 1036 1443 1069 nulla
1459 1035 1557 1070 fides.
1567 1035 1674 1069 »Vid.
1688 1036 1751 1069 lib.
1765 1036 1838 1068 VII
1851 1062 1860 1077 ‚

1179 1090 1287 1136 epigr.
1307 1101 1421 1131 LVIII,
1442 1102 1475 1122 v.
1503 1101 1623 1123 10.--
1640 1089 1760 1134 Nupsit
1779 1089 1858 1121 heri.

1177 1143 1365 1176 Muliebria
1376 1155 1495 1188 passus
1505 1150 1575 1176 est:
1592 1159 1605 1171 κ
1625 1142 1722 1175 Inter
1733 1141 1860 1175 Socra-

1180 1196 1267 1230 ticos
1282 1196 1463 1229 notissima
1484 1196 1574 1229 fossa
1594 1194 1756 1228 cinaedos.
1771 1195 1860 1228 »Vel

1178 1249 1283 1283 etiam
1300 1262 1382 1283 vere
1400 1249 1540 1294 nupsit,
1556 1256 1596 1281 ut
1611 1249 1707 1281 Nero
1727 1247 1860 1295 Pytha-

1177 1315 1269 1348 gorae
1288 1302 1428 1337 cuidam
1444 1329 1452 1344 ,
1475 1302 1575 1347 Sulp.
1596 1302 1633 1334 II
1653 1301 1787 1335 Histor.
1807 1313 1860 1334 sa-

1178 1368 1265 1398 crae3
1282 1356 1348 1402 ipsi
1362 1355 1513 1401 Sporus,
1526 1355 1673 1388 Sueten.
1693 1367 1769 1400 cap.
1784 1355 1829 1388 28
1848 1379 1858 1395 ,

1178 1409 1454 1442 Ner.Gracchus
1472 1407 1655 1442 Cornicini
1669 1432 1678 1449 ,
1697 1408 1779 1441 Juv.
1795 1415 1858 1441 sat.

1180 1475 1211 1496 2.
1230 1462 1327 1503 Quin
1346 1462 1450 1495 etiam
1471 1474 1512 1495 eo
1529 1460 1715 1494 dementiae
1733 1459 1858 1493 cinaedi

1178 1516 1233 1549 isti
1267 1514 1523 1556 deveniehant,
1548 1522 1588 1547 ut
1621 1514 1860 1547 existimarent

1177 1581 1278 1615 posse
1299 1580 1332 1601 se
1352 1568 1558 1614 concipere,
1579 1575 1614 1601 et
1631 1567 1802 1601 beneficia
1821 1578 1860 1599 ac

1178 1621 1429 1655 medicamenta
1455 1620 1499 1654 ad
1529 1620 1566 1654 id
1599 1628 1858 1665 compararent.

1179 1673 1263 1708 Vid.
1286 1676 1413 1709 Juven.
1442 1682 1505 1708 sat.
1537 1686 1575 1716 2,
1594 1686 1684 1707 vers.
1716 1677 1805 1714 1403
1826 1681 1860 1706 et

1177 1729 1240 1762 lib.
1254 1729 1341 1768 XII,
1353 1728 1462 1774 epigr.
1475 1739 1549 1761 XL11
1564 1749 1573 1765 ‚
1589 1739 1622 1760 v.
1639 1726 1656 1761 5
1671 1735 1704 1760 et
1716 1728 1754 1759 6:
1770 1727 1860 1759 ..Dos

1180 1782 1285 1815 etiam
1304 1780 1398 1815 dicta
1417 1789 1488 1821 est;
1507 1779 1667 1813 nondum
1683 1780 1748 1813 tibi
1761 1805 1770 1820 ‚
1789 1781 1859 1812 Ro-

1175 1847 1231 1867 ma
1263 1833 1407 1868 videtur
1435 1834 1512 1868 Hoc
1540 1834 1622 1867 satis
1639 1833 1655 1866 P
1685 1840 1861 1878 exspectas

1177 1887 1353 1934 numquid
1377 1896 1411 1921 et
1431 1895 1470 1921 ut
1489 1886 1624 1933 pariat?
1644 1902 1658 1918 ι

1028 2011 1267 2066 XXVI.

910 2152 980 2179 AD
1020 2149 1346 2180 FAUSTINUM.
1374 2128 1392 2145 ⁴

508 2275 607 2316 EDF,
638 2282 735 2315 tuos
761 2270 937 2315 tandem
970 2269 1156 2331 populo,
1184 2269 1414 2325 Faustino,
1445 2267 1635 2322 libellos,

578 2345 636 2386 Et
665 2340 832 2386 cultum
858 2341 989 2386 docto
1014 2351 1192 2402 pectore
1223 2339 1374 2401 profer
1400 2355 1540 2401 opus;

492 2472 506 2486 ³
522 2476 588 2509 Hic
614 2476 825 2522 exemplaria
853 2476 982 2522 scripta
1003 2484 1037 2509 et
1061 2487 1119 2508 ex-

440 2542 520 2563 cusa
540 2542 611 2562 non
629 2529 777 2563 variant.

1179 2473 1259 2508 dem
1275 2474 1365 2520 juris
1387 2473 1509 2516 faciat,
1534 2472 1788 2519 praemiumque
1808 2472 1857 2505 la-

1178 2528 1328 2569 borum,
1355 2526 1509 2561 nominis
1537 2525 1774 2559 celebritatem
1803 2538 1861 2558 ex-

499 2596 510 2615 1
521 2609 528 2615 .
542 2582 614 2615 Ede
629 2590 707 2615 tuos.
718 2583 888 2616 Hortatur
897 2582 1119 2623 Faustinum,
1178 2589 1323 2626 spectet.

440 2634 484 2669 ad
504 2648 608 2680 quem
626 2635 735 2668 multa
751 2643 832 2668 sunt
848 2636 938 2669 infra
952 2635 1119 2681 epigram-

439 2697 554 2730 mata,
578 2697 615 2721 ut
641 2701 700 2722 sua
730 2688 856 2733 scripta
884 2689 1016 2734 publici
1043 2697 1118 2722 tan·

1237 2647 1266 2667 2.
1295 2634 1342 2667 Ec
1366 2634 1481 2666 cultum
1503 2632 1535 2665 d.
1563 2640 1699 2676 pectore.
1732 2631 1860 2664 Pectus

1181 2687 1328 2721 sumitur
1351 2699 1415 2731 pro
1437 2685 1589 2730 ingenio,
