2061 3288
4 3051 19 3074 ἲ
13 3012 19 3035 ἱ
3 2701 19 2992 ιᾼιιτᾎρ-οκζέὴέμέ
15 2635 16 2644 ᾼ

439 210 1031 256 EPIGRAMMATUM
1070 209 1195 251 Lm.
1236 210 1318 252 [v.
1492 208 1588 267 [147

773 367 998 422 LVIII.

720 525 775 553 IN
814 523 1052 554 GALLAM.

248 653 302 697 ΙΝ
326 651 516 695 tenebris
536 650 658 712 luges
680 650 885 695 amissum
899 686 910 706 ‚
936 648 1063 694 Galla
1077 685 1089 706 ‚
1110 649 1315 692 maritum
1340 667 1347 691 :

317 724 432 768 Nam
461 721 634 784 plorare
662 721 799 783 pudet
823 731 889 775 te,
911 731 1044 782 puto,
1065 719 1191 765 Galla
1205 756 1216 777 ,
1234 721 1391 764 virum.

238 875 268 896 1.
282 863 322 896 In
338 861 487 902 tenebris,
512 869 577 895 etc.
596 861 697 895 Galla
718 861 858 894 vivente

177 916 254 949 viro
273 924 344 949 tam
366 913 545 961 impudica
564 915 677 948 fuerat
689 940 698 958 ,
714 922 757 947 ut
776 926 857 946 eum

178 976 360 1002 mortuum
395 968 510 1014 palam
550 966 683 1001 deflere
730 967 858 1000 merito

178 1023 274 1055 illam
306 1020 483 1067 puderet3
513 1021 571 1054 vel
604 1020 732 1063 flebat,
760 1019 858 1066 quod

178 1075 276 1108 illam
299 1083 424 1120 utpote
443 1074 607 1108 infamem
623 1082 766 1107 mortuo
784 1086 858 1107 ma-

177 1129 247 1161 rito
266 1141 413 1161 uxorem
431 1128 551 1161 nullus
567 1136 655 1161 esset
672 1126 855 1161 ducturus.

178 1201 230 1207 —
244 1181 370 1215 Fateor
387 1189 506 1214 tamen
522 1181 629 1214 alium
647 1180 734 1213 mihi
750 1181 859 1226 magis

178 1235 315 1280 placere
339 1247 478 1268 sensum
504 1246 512 1267 :
533 1234 666 1268 scilicet
695 1246 759 1279 per
788 1235 859 1267 iro-

179 1287 274 1321 niam
290 1288 428 1321 Gallam
447 1288 496 1321 ait
510 1288 618 1321 Poeta
634 1286 768 1333 pudere
784 1287 860 1332 plo-

178 1353 256 1374 rare
276 1340 412 1383 virum,
433 1341 530 1387 quasi
552 1341 620 1374 hoc
639 1340 683 1374 sit
709 1340 858 1374 imbellis

179 1394 287 1427 animi
307 1403 340 1428 et
355 1407 438 1427 vere
456 1393 638 1427 muliebris
654 1420 664 1435 ‚
682 1402 721 1426 ut
737 1394 861 1427 innuat

178 1459 255 1480 eam
282 1448 443 1481 tenebras
468 1446 551 1480 ideo
573 1455 714 1480 tantum
738 1447 860 1480 sectari

179 1499 275 1546 quod
294 1513 365 1534 non
383 1501 501 1546 ploret
517 1525 527 1541 ‚
551 1499 613 1534 sed
632 1508 755 1534 contra
769 1501 861 1534 forte

179 1554 458 1588 consolationem
475 1553 634 1587 admittat
645 1579 654 1595 ,
670 1562 711 1587 ut
729 1561 860 1586 matro-

179 1620 224 1640 na
244 1607 302 1640 illa
318 1607 468 1653 Ephesia
481 1607 652 1641 Petronii.
662 1607 756 1641 Vide
769 1607 862 1641 infra

179 1660 288 1693 finem
321 1669 414 1693 notae
440 1660 595 1694 alterius.
624 1661 694 1693 En.
724 1682 776 1687 ——
800 1661 862 1693 Te-

181 1713 295 1746 nebris.
329 1713 475 1759 Signum
512 1713 663 1755 doloris,
702 1713 863 1747 solitudi-

180 1779 260 1798 nem
284 1775 424 1812 captare
453 1774 486 1800 et
513 1766 704 1800 silentium.
731 1766 864 1799 Seneca

181 1818 224 1851 ad
246 1820 415 1853 Marciam
432 1845 441 1860 ‚
463 1832 538 1865 cap.
569 1831 582 1853 1
596 1832 609 1853 1
624 1845 632 1860 ‚
651 1818 696 1853 de
719 1820 864 1853 Octavia

181 1872 321 1918 lugente
342 1873 550 1907 Marcellum
567 1885 575 1907 :
602 1890 616 1902 α
636 1873 809 1907 Tenebris
831 1881 866 1906 et

915 858 1100 894 solitudini
1131 858 1414 894 familiarissima.
1438 876 1450 889 »³
1483 860 1595 895 Taciti

916 913 1041 946 Annal.
1062 913 1114 946 IV
1135 925 1144 946 :
1172 930 1184 942 ει
1206 913 1281 946 Vix
1312 913 1598 958 propinquorum

917 966 1069 1012 alloquia
1080 991 1089 1009 ⁷
1105 965 1163 1000 vix
1178 965 1272 999 diem
1289 965 1420 1012 adspici
1440 979 1458 999 a
1474 967 1599 1012 pleris-

917 1032 985 1065 que
1005 1019 1212 1064 lugentium.
1234 1037 1248 1049 »

974 1086 1007 1106 2.
1029 1073 1104 1106 ιῘαηι
1123 1073 1253 1118 plorare
1267 1072 1367 1118 pudet
1389 1072 1600 1106 Beverlandi

917 1126 995 1159 MS.
1026 1126 1103 1159 Non
1128 1126 1257 1171 plorare
1285 1126 1387 1171 pudet
1414 1127 1599 1160 Gruterus.

918 1180 1004 1214 Num
1031 1179 1161 1224 plorare
1187 1179 1289 1224 pudet
1315 1179 1352 1212 in
1383 1179 1599 1213 editionibus

917 1241 1002 1266 vett.
1025 1233 1112 1265 Nam
1127 1233 1256 1278 plorare
1274 1233 1374 1278 pudet
1395 1232 1498 1266 codd.
1515 1233 1599 1266 Pul-

919 1286 1041 1319 manni
1064 1293 1099 1318 et
1116 1285 1292 1320 Scriverii.
1314 1285 1408 1320 Vide
1427 1300 1499 1320 var.
1524 1295 1598 1320 not.

919 1359 970 1365 —
991 1339 1078 1373 Nam
1105 1339 1233 1384 plorare
1261 1339 1372 1384 pudet.
1405 1340 1484 1372 Lib.
1515 1352 1600 1373 vero

919 1394 954 1434 I,
977 1392 1089 1437 epigr.
1113 1404 1221 1426 xxx1v
1235 1417 1245 1434 ‚
1265 1401 1412 1426 secretas
1430 1394 1599 1440 lacrymas

920 1444 1040 1479 laudat
1067 1454 1187 1479 noster
1211 1454 1316 1491 poeta
1343 1458 1350 1479 :
1383 1463 1397 1476 «
1423 1447 1487 1479 Ille
1506 1446 1602 1480 dolet

920 1511 1022 1539 vere,
1040 1499 1102 1544 qui
1117 1499 1191 1532 sine
1209 1508 1295 1532 teste
1314 1498 1421 1533 dolet.
1439 1517 1452 1529 u
1472 1500 1602 1533 Sensus

921 1551 1052 1598 pendet
1077 1564 1119 1585 ex
1141 1551 1345 1586 discrimine
1361 1565 1487 1585 vocum
1505 1556 1601 1585 mari-

924 1615 986 1639 tum
1013 1613 1049 1639 et
1080 1608 1197 1639 virum.
1219 1606 1318 1639 Galla
1344 1605 1516 1646 deflebat,
1540 1615 1601 1639 aut

923 1659 1108 1693 simulabat
1128 1658 1259 1692 deflere
1276 1660 1460 1700 maritum,
1477 1668 1511 1693 at
1528 1672 1601 1692 non

922 1713 1058 1754 virum3
1091 1725 1168 1758 quae
1193 1725 1323 1757 nempe
1354 1713 1603 1746 consuescebat

923 1778 1002 1799 cum
1014 1765 1131 1798 multis
1145 1765 1219 1798 aliis
1233 1778 1312 1807 ,nec
1322 1766 1478 1799 merebat
1492 1766 1600 1799 unius

924 1819 1016 1852 inter
1032 1819 1161 1851 multos
1181 1819 1397 1852 concubinos
1418 1819 1601 1852 interitum

924 1871 1056 1906 dolere.
1074 1872 1140 1904 Eu.

805 2019 972 2075 LIX.

440 2178 506 2205 DE
544 2176 747 2206 VIPERA
784 2176 1027 2205 ELECTRO
1065 2156 1349 2205 1NCLUSA.⁴‘

254 2305 515 2348 FLENTIBUS
540 2303 773 2347 Heliadum
799 2305 929 2348 ramis
956 2303 1061 2347 (lum
1087 2304 1237 2364 vipera
1262 2303 1422 2364 serpit,

238 2435 328 2473 'Est
360 2440 428 2473 hoc
462 2444 672 2486 epigramma
707 2440 863 2485 ejusdem

187 2494 383 2538 argumenti
404 2506 507 2538 quam
529 2494 637 2539 epigr.
664 2506 764 2527 ,Ὦς-ΧΠ
786 2507 864 2539 sup.

186 2555 220 2579 et
240 2546 301 2579 lib.
325 2547 397 2587 VI,
415 2547 524 2592 epigr.
546 2559 603 2579 xv.
628 2547 690 2580 Est
711 2547 804 2580 enim
821 2546 865 2580 ‹le

186 2599 323 2643 vipera,
348 2612 424 2644 quae
443 2600 571 2632 electro
595 2600 730 2634 inclusa
750 2600 864 2645 pellu-

189 2651 268 2686 cido
289 2650 483 2687 videbatur.
508 2653 574 2686 En.

983 2453 997 2473 1
1007 2467 1014 2473 .
1027 2440 1175 2473 Pulman
1202 2441 1309 2485 Lang.
1321 2441 1601 2488 Junian.Detph.

926 2502 991 2527 etc.
1022 2494 1093 2525 (lum
1132 2496 1241 2538 vipera
1275 2497 1397 2538 serpil;
1432 2496 1602 2529 Gruterus

926 2547 1067 2591 praefert
1086 2547 1158 2578 (lum
1180 2549 1291 2591 ‘vipera
1316 2549 1406 2590 repit.
1427 2570 1478 2574 —
1499 2549 1602 2581 -Flcn-

928 2599 1007 2631 tibus
1026 2600 1199 2632 Heliadum
1212 2627 1220 2639 ,
1245 2608 1309 2634 etc.
1332 2602 1423 2633 Dum
1443 2614 1460 2633 e
1480 2602 1603 2647 populi

925 2652 1029 2686 ramis
1053 2653 1204 2686 viscosus
1220 2653 1349 2687 humor
1368 2653 1510 2695 defluit,
1537 2668 1605 2687 sei·-
