2061 3288
439 220 1022 264 EPIGRAMMATUM
1061 219 1186 262 LlB.
1226 220 1289 262 ΙΙ.

1474 227 1570 282 2'09

371 311 429 353 Et
452 309 652 352 convivia
672 309 879 368 nequiora
902 309 986 351 vita
1000 344 1011 362 ,

374 381 430 423 Et
452 379 665 440 quidquid
686 378 827 440 lepida
852 379 1115 440 procacitate

371 452 509 494 Laxat
534 451 763 511 perspicuo
785 449 938 494 labella
958 451 1057 493 risu.

370 522 430 565 Te
452 531 616 566 moestae
635 521 761 566 decet
787 521 973 566 assidere
1000 520 1151 574 matri,

373 593 649 653 Lugentique
675 594 815 636 virum
832 629 842 649 ‚
868 594 1077 653 piumque
1103 590 1282 635 fratrem
1298 627 1310 647 ,

375 664 432 707 Et
458 673 627 707 tantum
656 665 829 726 tragicis
854 680 1010 707 vacare
1033 661 1184 706 Musis.

373 736 431 777 At
455 743 501 778 tu
518 771 528 791 ,
546 734 757 794 judicium
787 745 933 779 secuta
957 744 1155 778 nostrum
1172 769 1183 789 ‚

371 803 522 857 Plora,
550 807 582 849 si
614 807 726 867 sapis
742 842 753 862 ,
780 824 805 850 o
831 804 974 868 puella
989 842 1000 861 ‚
1022 803 1156 866 plora.

224 944 281 975 16.
304 942 476 989 Nequiora.
494 943 689 986 Solutio1·a;
710 944 745 976 in
766 944 844 989 qui-

164 995 230 1029 bus
267 1007 395 1029 scurrae
415 1023 424 1038 ‚
456 996 632 1030 moriones
652 1024 661 1038 ‚
699 996 843 1030 sarmio-

165 1060 227 1082 nes
244 1074 254 1090 ,
274 1057 340 1082 etc.

225 1114 239 1135 1
250 1104 284 1136 8.
304 1103 410 1135 Laxat
421 1105 585 1147 perspicuo
600 1103 635 1136 in
651 1103 845 1136 Beve1·l.——

167 1156 349 1201 Perspicuo.
384 1156 452 1188 Per
486 1156 709 1202 hypallagen.
745 1156 846 1190 Risus

167 1209 372 1255 perspicuus
394 1217 444 1242 est
465 1208 554 1242 risus
576 1210 635 1255 qui
658 1218 846 1255 perpetuos

168 1261 250 1296 sinit
269 1275 435 1308 apparere
454 1261 587 1296 dentes.
610 1264 678 1296 En.

228 1326 285 1359 19.
311 1315 472 1348 Assidm.
498 1316 617 1349 Potest
642 1316 700 1348 hic
726 1328 846 1349 versus

170 1368 296 1414 exponi
317 1368 523 1413 simpliciter
540 1380 547 1401 :
567 1369 618 1402 Te
642 1368 743 1401 decet
768 1380 847 1401 cum

169 1421 285 1455 vetula
301 1429 412 1454 matre
428 1421 524 1455 domi
541 1430 574 1454 te
591 1421 772 1454 continere
783 1447 791 1460 ‚
817 1430 851 1454 et

171 1475 208 1508 in
235 1486 357 1508 eorum
385 1474 516 1508 versari
547 1483 682 1508 tantum
704 1475 851 1507 coetibus

172 1527 234 1574 qui
271 1528 394 1574 lugent
420 1536 558 1572 ereptos
590 1528 657 1561 sibi
684 1528 851 1569 fratrem,

171 1581 308 1623 virum,
334 1589 399 1614 etc.
424 1597 473 1602 —-
497 1581 563 1613 Vel
584 1592 591 1614 :
619 1581 669 1614 Te
692 1579 793 1614 decet
814 1580 850 1613 in

172 1634 310 1668 theatro
339 1633 489 1668 assidere
522 1633 676 1667 Hecubae
709 1642 854 1674 moestae,

174 1685 420 1721 Andromache
458 1688 649 1720 Hectorem
688 1687 853 1720 maritum

175 1739 333 1785 lugenti,
358 1748 391 1773 et
418 1740 565 1774 Electrae
595 1740 756 1773 Orestem
788 1740 855 1773 fra-

177 1801 268 1826 trem
299 1792 465 1835 deflenti,
492 1805 599 1838 quum
629 1791 674 1825 de
704 1793 771 1825 illis
802 1794 856 1826 vel

177 1845 222 1879 de
242 1846 378 1888 Niobe,
395 1854 461 1879 etc.
482 1846 597 1879 fabula
616 1845 744 1890 agitur.
764 1846 855 1879 Assi-

178 1898 263 1932 dere
297 1907 413 1933 autem
441 1898 552 1940 dixit,
578 1897 674 1944 quod
699 1897 858 1932 sederent

179 1952 314 1998 antiqui
332 1951 418 1985 dum
437 1960 594 1985 mortuos
613 1953 785 1997 lugerent.
800 1952 859 1984 Ti-

181 2005 314 2046 bullus,
336 2005 397 2038 lib.
425 2017 454 2038 11
471 2032 479 2045 ,
513 2005 620 2050 elegia
649 2018 668 2049 7
694 2017 702 2037 :
726 2020 738 2031 «
761 2005 859 2038 Illius

183 2057 227 2091 ad
249 2059 429 2092 tumulum
458 2058 589 2104 fugiam
607 2084 616 2100 ‚
644 2058 861 2104 supplexque

184 2109 333 2153 sedebo,
362 2112 408 2144 Et
438 2124 512 2145 mea
547 2124 626 2146 eum
663 2120 762 2145 muto
794 2112 861 2145 fata

184 2176 310 2209 querar
325 2165 454 2198 cinere.
474 2182 487 2194 n

241 2230 299 2250 20.
320 2218 484 2262 Piumque.
512 2218 553 2251 In
574 2225 708 2263 patrem
737 2230 864 2263 nempe

906 943 1205 988 Agamemnonem
1218 968 1228 985 ‚
1245 943 1346 989 cujus
1365 952 1511 978 mortem
1529 945 1582 978 ul—

905 1005 960 1029 tus
988 1003 1039 1029 est
1062 995 1175 1029 occisa
1201 1008 1262 1029 sua
1289 1004 1401 1030 matre
1425 997 1583 1044 Clytem-

904 1057 1042 1091 nestra3
1066 1049 1120 1082 vel
1146 1049 1183 1082 in
1210 1048 1399 1095 Pyladem,
1422 1063 1488 1096 pro
1508 1064 1583 1098 quo

905 1103 996 1136 mori
1011 1102 1186 1148 cupiebat.

961 1169 1018 1190 21.
1049 1157 1079 1188 T
1079 1157 1195 1200 ναοῦ-ἱεῖς
1218 1170 1330 1189 vacare
1364 1159 1468 1191 musis.
1493 1157 1584 1199 Qua:

905 1210 1038 1243 nullam
1054 1209 1139 1242 risui
1155 1210 1312 1255 praehere
1326 1219 1471 1255 possunt
1490 1223 1586 1244 occa·

905 1264 1050 1296 sionem.
1072 1262 1138 1295 En.

963 1317 1021 1349 23.
1046 1316 1078 1347 0
1092 1316 1211 1360 puella.
1233 1315 1392 1349 Primum
1410 1315 1586 1361 epigram-

908 1369 1008 1402 matis
1024 1380 1165 1402 versum
1188 1368 1304 1413 lepide
1319 1369 1465 1402 invertit
1486 1378 1520 1403 et
1538 1369 1587 1403 ri-

908 1420 1025 1455 dicule
1044 1433 1149 1454 anum
1169 1430 1269 1455 vocat
1284 1422 1436 1466 puellam
1450 1446 1460 1462 ‚
1478 1435 1586 1468 quum

910 1475 1009 1508 aliter
1026 1475 1099 1518 ipse
1123 1473 1274 1516 dixerit,
1293 1487 1327 1508 v.
1351 1475 1384 1509 5.
1401 1497 1453 1501 -—
1474 1476 1588 1509 Plora.

910 1528 992 1561 Haec
1012 1539 1075 1573 per
1104 1527 1367 1573 oppositionem
1393 1540 1473 1562 cum
1501 1541 1590 1575 prae-

912 1590 1013 1627 cepto
1034 1579 1236 1614 Ovidiano:
1258 1594 1329 1614 uon
1354 1590 1469 1615 tamen
1498 1583 1591 1617 inter

912 1646 948 1667 se
982 1633 1183 1680 discrepant
1216 1633 1293 1679 ipso
1332 1635 1505 1669 instituto.
1526 1636 1592 1669 Pe-

913 1688 1028 1733 lignus
1054 1695 1177 1733 poeta,
1207 1695 1246 1720 ut
1277 1697 1310 1721 et
1334 1687 1391 1722 hic
1423 1688 1593 1722 Martialis

914 1740 1163 1783 Maximinam‚
1192 1740 1325 1787 puellas
1363 1740 1491 1780 docet,
1522 1754 1592 1788 quo

916 1792 1023 1826 modo
1042 1806 1189 1839 quaeque
1216 1794 1326 1839 possit
1345 1802 1379 1828 et
1398 1793 1523 1829 debeat
1540 1795 1593 1828 vi·

917 1847 1007 1880 tium
1033 1856 1166 1880 naturae
1189 1855 1260 1880 arte
1291 1845 1534 1888 dissimulare,
1554 1855 1593 1881 ut

918 1899 1035 1931 omnia
1067 1900 1203 1933 occasio
1229 1912 1297 1944 qua
1327 1899 1442 1945 detegi
1463 1900 1593 1946 possit,

921 1952 1064 1992 vitetur,
1086 1961 1119 1985 et
1138 1960 1258 1985 contra
1278 1953 1414 1998 lepores
1433 1961 1467 1986 et
1489 1952 1595 1986 deco-

920 2017 995 2039 rem
1016 2005 1207 2050 quemlibet
1227 2005 1336 2038 effuse
1363 2017 1569 2051 expromere
1586 2019 1594 2039 :

922 2066 954 2092 at
968 2058 1051 2091 hinc
1067 2058 1191 2093 misera
1205 2058 1404 2092 Maximinae
1421 2057 1596 2100 eonditi03

924 2123 1000 2157 quae
1014 2111 1103 2144 nihil
1114 2112 1231 2151 habet,
1244 2124 1318 2157 quo
1331 2112 1439 2156 possit
1449 2113 1597 2158 placere,

923 2173 958 2198 at
973 2176 1099 2202 cavere,
1110 2164 1215 2198 dehet
1226 2190 1235 2206 ,
1252 2177 1297 2197 ne
1319 2164 1415 2210 turpi
1434 2163 1600 2199 deformi·

925 2226 994 2252 tate
1017 2219 1137 2252 oculos
1159 2216 1404 2252 offendat.ED.
