2061 3288
402 232 429 275 8
770 233 833 275 Μ.
860 234 1003 276 VAL.
1045 235 1439 279 MARTIALIS

475 321 529 362 Et
552 321 626 380 qui
648 321 789 380 prima
811 320 921 364 bibit
944 320 1147 382 deprensi
1173 321 1355 367 flumina
1376 322 1490 380 Nili,

544 392 601 433 Et
625 407 755 451 quem
782 408 996 452 supremae
1019 392 1211 452 Tethyos
1235 394 1351 437 unda
1374 394 1486 438 ferit.

474 462 713 505 Festinavit
740 462 880 506 Arabs
896 495 906 515 ,
931 462 1190 506 festinavere
1212 464 1371 519 Sabaei;

480 590 533 630 X’
560 591 644 639 ὅςις
671 592 732 632 ἑοῖ
754 587 886 651 πηγὰς
914 590 1061 633 Νείλου
1088 590 1243 634 πίνοντι
1269 586 1444 648 σύνοιδε,

552 661 606 701 X'
635 662 771 702 ὅντινα
799 657 1037 722 προσκλύζει
1065 661 1209 721 κύμαθ’
1236 663 1331 713 ἁλὸς
1362 663 1567 723 πυμάτης.

483 721 537 772 Ἐν
569 730 638 790 μὲν
665 721 786 791 Ᾰραψ
819 726 1047 789 σπεύδεσκ’,
1077 734 1114 774 ἐν
1143 728 1187 775 δὲ
1214 735 1439 793 σπέρχοντο
1463 731 1649 778 Σαὲαῖοι·

471 866 505 898 5.
524 865 623 898 Junt.
642 865 763 907 habet,
779 865 818 898 de
836 867 943 910 prensi
956 867 1097 913 flumina

417 919 508 957 Nili;
529 926 562 951 et
580 931 646 964 pro
669 931 700 951 v,
722 919 745 952 l.
766 931 783 951 a
805 931 913 964 marg.
937 921 1094 955 immensi,

417 980 531 1005 metro
548 972 719 1005 obstante.
743 972 862 1006 Certat
882 972 1005 1018 aliquis
1024 972 1098 1005 No-

419 1034 530 1060 strum
552 1025 749 1070 scripsisse3
765 1026 815 1058 Et
829 1027 883 1071 qui
899 1028 1002 1070 prima
1022 1025 1101 1058 bibit

422 1081 541 1124 septeni
563 1079 702 1124 flumina
735 1079 830 1117 A⁷ili;
861 1079 915 1111 vel
928 1105 936 1120 ‚
967 1079 1016 1111 Et
1047 1081 1103 1125 qui

420 1145 523 1179 prona
555 1131 633 1163 bibit
662 1135 795 1176 septeni,
824 1139 882 1163 etc.
915 1130 976 1164 sed
1004 1131 1102 1176 prius

426 1186 534 1230 magis
551 1183 691 1217 arridet.
714 1206 764 1211 —
787 1185 836 1217 Et
857 1186 912 1230 qui
924 1187 1038 1229 prima.
1058 1185 1102 1217 Et

425 1246 600 1272 venerunt
615 1237 666 1270 illi
687 1238 888 1283 AERhiopes,
907 1238 969 1283 qui
990 1237 1104 1283 regio-

424 1305 506 1327 nem
519 1291 677 1324 incolunt
690 1316 699 1331 ‚
716 1291 776 1324 ubi
793 1292 937 1337 emergit
951 1291 1106 1336 primum

429 1360 467 1380 ac
494 1343 774 1390 deprehenditur
804 1345 929 1386 Nilus3
957 1343 1000 1378 de
1034 1357 1105 1390 qno

430 1401 504 1434 fuse
521 1398 654 1431 Plinius
668 1424 676 1439 ‚
691 1397 753 1431 lib.
774 1398 818 1438 V,
843 1410 919 1443 cap.
944 1410 985 1441 9:
1009 1415 1022 1427 «
1043 1398 1106 1430 Ni-

430 1454 484 1486 lus
515 1451 657 1485 incertis
685 1459 782 1484 ortus
811 1451 965 1484 fontibus
994 1451 1022 1484 it
1046 1463 1109 1496 per

434 1506 582 1539 deserta.
607 1522 619 1533 n
643 1504 687 1536 Et
702 1504 808 1549 paulo
823 1504 937 1537 infra:
961 1521 974 1533 «
997 1503 1110 1548 Origi-

434 1572 511 1592 nem
525 1584 535 1599 ,
552 1566 591 1590 ut
606 1557 697 1590 Juba
711 1569 771 1590 rex
787 1557 900 1603 potuit
915 1558 1111 1602 exquirere,

436 1614 472 1645 in
515 1619 637 1644 monte
679 1610 854 1643 inferioris
893 1610 1112 1644 Mauritaniae

436 1678 509 1697 non
542 1663 666 1709 procul
704 1663 846 1697 Oceano
873 1663 977 1697 habet
996 1690 1004 1705 ‚
1035 1664 1114 1697 lacu

436 1718 600 1765 protinus
629 1725 830 1762 stagnante,
856 1729 959 1763 quem
989 1725 1116 1750 vocant

437 1771 601 1805 Nilidem.
625 1788 637 1799 n
667 1771 733 1803 Dio
754 1771 790 1802 in
815 1771 944 1803 Severo
966 1770 1115 1803 affirmat

437 1825 610 1870 originem
653 1824 725 1856 Nili
765 1824 870 1857 fuisse
909 1824 1087 1858 inventam
1107 1835 1114 1856 :

445 1897 456 1906 ιι
477 1878 577 1910 Nilus
592 1890 608 1909 a
623 1885 743 1909 monte
760 1877 897 1910 Atlante
915 1886 1010 1910 certo
1027 1876 1118 1919 fluit,

439 1932 499 1976 qui
516 1943 617 1963 mons
636 1938 685 1962 est
706 1930 741 1962 in
762 1930 1001 1963 Macennitide
1017 1956 1024 1970 ‚
1042 1943 1115 1963 non

440 1986 542 2029 longe
563 1985 605 2016 ab
631 1983 793 2024 Ocean0‚
824 1996 890 2029 qua
913 1992 1013 2029 parte
1039 1996 1116 2029 spe-

440 2045 511 2071 ctat
529 2036 573 2071 ad
593 2049 752 2069 occasum
774 2037 866 2070 solis.
894 2054 907 2066 u
936 2037 1047 2070 Prisci
1067 2044 1116 2070 ta-

444 2090 1117 2136 menquampluriminegantNilifontes

442 2145 547 2177 fuisse
557 2142 793 2188 deprehensos
806 2170 814 2184 ‚
826 2143 976 2176 maxime
988 2142 1118 2176 Seneca

445 2198 574 2238 Quaest.
593 2197 751 2229 Natural.
770 2196 830 2229 lib.
840 2197 892 2228 VI
904 2221 913 2232 ,
929 2196 1117 2242 eap.VIII;

445 2250 609 2296 Papinius
623 2249 816 2289 Silvarum,
832 2249 891 2281 lib.
914 2250 989 2289 III;
1012 2249 1120 2281 Hora-

446 2304 535 2343 tius,
554 2303 621 2343 IV,
648 2301 717 2335 Od.
738 2303 838 2343 XIV,
869 2310 902 2334 et
922 2302 1024 2335 multi
1049 2302 1117 2334 alii.

445 2356 570 2389 Fontes
585 2355 657 2388 Nili
672 2364 828 2400 repertos
845 2355 950 2388 fuisse
967 2363 1119 2395 constat,

445 2422 485 2442 ex
501 2409 542 2441 iis
553 2408 800 2454 quaereferunt
818 2408 937 2441 Patres
950 2408 1122 2441 societatis

445 2462 530 2495 Jesu
543 2461 744 2505 Alphonsus
757 2460 910 2494 Mendez
921 2487 928 2502 ‚
940 2460 1121 2506 Almeyda,

446 2514 593 2547 maxime
607 2513 846 2559 Hieronymus
857 2515 1123 2560 Lobus‚nempe

445 2569 480 2601 in
505 2579 614 2613 regno
636 2566 775 2612 Goyam
805 2575 848 2599 acl
873 2566 1122 2601 duodecimum

445 2620 589 2666 gradum
599 2618 793 2652 latitudinis
804 2620 966 2659 borealis,
979 2629 1012 2653 et
1022 2621 1122 2665 quin-

445 2674 681 2719 quagesimum
705 2672 865 2717 quintum
889 2672 1121 2718 longitudinis

1155 865 1303 912 gradum
1317 867 1354 899 in
1368 867 1511 912 regione
1532 866 1710 911 Sacahala,
1726 883 1830 915 quam

1157 920 1319 953 incolunt
1358 921 1478 965 Agavi.
1516 922 1595 955 Illic
1644 923 1738 956 lacus
1782 931 1833 956 est

1155 974 1286 1019 jactum
1313 972 1437 1018 lapidis
1461 974 1570 1016 latus,
1596 975 1633 1007 in
1656 988 1725 1020 quo
1750 984 1833 1009 sunt

1159 1025 1230 1059 duo
1261 1026 1373 1060 fontes
1402 1039 1420 1059 a
1451 1040 1486 1060 se
1513 1027 1665 1061 invicem
1693 1029 1835 1074 triginta

1160 1079 1320 1124 passibus
1341 1078 1506 1113 distantes
1520 1106 1529 1123 ,
1546 1081 1607 1126 qui
1630 1090 1835 1115 nostrorum

1159 1139 1350 1177 puteorum
1364 1131 1513 1177 figuram
1526 1134 1706 1176 referunt;
1726 1148 1767 1168 ex
1783 1135 1838 1168 his

1162 1193 1298 1217 emanat
1311 1184 1438 1218 fluvius
1455 1186 1555 1220 Nilus
1570 1212 1579 1227 ‚
1596 1187 1657 1233 qui
1674 1199 1738 1233 per
1754 1189 1838 1221 alte-

1160 1251 1240 1271 rum
1257 1237 1386 1272 deinde
1404 1239 1518 1272 lacum
1534 1240 1660 1274 transit
1677 1253 1784 1287 seque
1803 1241 1839 1274 in

1163 1300 1292 1324 terram
1310 1290 1420 1325 abdit.
1442 1291 1498 1325 Ad
1515 1293 1663 1326 milliare
1684 1306 1769 1327 vero
1785 1294 1839 1327 in-

1165 1344 1271 1377 ferius
1294 1345 1438 1389 emergit
1458 1358 1599 1378 rursum
1617 1359 1655 1380 ea
1670 1349 1841 1392 aquaram

1165 1397 1262 1442 copia
1283 1406 1420 1439 auctus,
1439 1407 1478 1431 ut
1493 1398 1593 1431 fluvii
1609 1412 1738 1433 nomen
1757 1413 1841 1434 con-

1166 1450 1265 1496 sequi
1281 1451 1403 1496 possit.
1423 1451 1605 1485 Orientem
1619 1465 1741 1486 versus
1754 1453 1842 1486 fluit.

1168 1505 1199 1536 A
1211 1517 1272 1538 sua
1285 1504 1420 1549 origine
1437 1504 1667 1551 quadraginta
1682 1506 1844 1539 milliaria

1169 1569 1328 1590 emensus
1364 1558 1476 1591 lacum
1511 1559 1703 1592 Dambeam
1740 1559 1846 1604 vulgo

1170 1609 1420 1643 Bardamboam
1442 1611 1656 1657 ingreditur,
1681 1621 1745 1646 etc.
1769 1625 1846 1658 quae

1170 1664 1245 1697 fuse
1258 1662 1506 1697 describuntur
1522 1665 1556 1698 in
1575 1665 1725 1711 Synopsi
1741 1666 1848 1699 histo-

1171 1717 1231 1750 riae
1272 1717 1493 1763 AEthiopicze.
1536 1717 1665 1752 Videat
1706 1719 1815 1752 lector
1838 1731 1845 1751 :

1172 1778 1291 1803 utrum
1305 1769 1349 1803 de
1365 1771 1464 1803 fonte
1480 1771 1646 1816 loquatur
1661 1771 1832 1805 Martialis
1844 1797 1853 1811 ,

1174 1822 1270 1868 quod
1300 1836 1423 1869 parum
1450 1824 1639 1858 verisimile
1668 1833 1738 1866 est3
1769 1837 1850 1858 nam

1174 1890 1253 1909 eum
1285 1885 1379 1910 certe
1408 1878 1644 1919 nominasset,
1670 1878 1851 1923 principi,

1175 1943 1245 1975 quo
1258 1939 1425 1975 regnante
1436 1940 1596 1975 repertus
1612 1931 1725 1964 fuerat
1735 1956 1744 1972 ‚
1757 1932 1853 1964 blan-

1176 1983 1332 2024 diturus;
1356 1996 1399 2016 an
1426 1982 1470 2016 de
1497 1984 1579 2017 loco
1603 1992 1762 2017 extremo
1791 1984 1851 2017 ubi

1176 2037 1329 2082 primum
1352 2035 1651 2082 deprehenditur,
1673 2050 1743 2083 quo
1765 2038 1853 2071 ulte·

1176 2089 1248 2122 rius
1278 2089 1443 2135 progredi
1473 2089 1571 2122 haud
1601 2099 1765 2136 poterant
1784 2091 1855 2124 Ve-

1178 2151 1268 2175 teres
1281 2166 1290 2182 ‚
1322 2143 1382 2187 qui
1416 2142 1558 2188 quidem
1591 2155 1711 2177 sensus
1746 2143 1856 2190 magis

1178 2194 1265 2228 mihi
1285 2196 1410 2240 placet.
1428 2196 1495 2229 En.

1234 2251 1267 2281 (5.
1285 2248 1456 2294 Supremae.
1475 2249 1608 2294 Tethys
1625 2249 1755 2283 Oceani
1769 2262 1857 2283 uxor

1181 2314 1247 2347 pro
1268 2302 1355 2334 mari
1377 2302 1452 2348 ipso
1478 2302 1638 2335 sumitur.
1663 2303 1730 2336 Hic
1754 2303 1858 2335 intel-

1181 2355 1248 2400 lige
1278 2356 1463 2389 Britannos
1479 2381 1487 2396 ,
1507 2356 1561 2388 vel
1594 2356 1768 2401 Hispanos
1798 2355 1859 2400 qui

1182 2416 1262 2441 sunt
1286 2408 1399 2441 ultimi
1424 2408 1467 2441 ad
1487 2408 1595 2441 solem
1612 2407 1831 2441 occidentem
1849 2421 1858 2449 ;

1181 2461 1243 2494 ubi
1274 2473 1367 2494 mare
1396 2462 1593 2506 inquietum
1622 2469 1655 2493 et
1683 2460 1861 2494 undosum

1182 2522 1257 2547 toto
1275 2526 1366 2547 anno
1379 2541 1388 2556 ,
1403 2514 1497 2547 unde
1513 2513 1617 2556 dicit,
1628 2515 1722 2556 fet-it.
1739 2513 1862 2546 Thetis

1181 2580 1265 2600 vero
1288 2567 1382 2600 Pelei
1409 2568 1539 2611 conjux
1568 2567 1654 2603 fuit,
1689 2576 1721 2600 et
1750 2575 1862 2601 mater

1183 2619 1339 2653 Achillis.

1237 2686 1269 2716 7,
1284 2673 1460 2705 Fen-[inavit
1473 2673 1590 2707 Arabs.
1609 2673 1637 2705 E
1652 2672 1838 2706 Nabathaea
1852 2697 1862 2712 ‚
