2061 3288
446 254 540 317 372
817 255 879 297 M.
910 254 1051 297 VAL.
1091 254 1483 298 MARTIALIS

512 343 601 401 Qui
633 343 756 386 siccis
781 341 950 386 lascivit
975 341 1117 402 aquis,
1139 350 1182 385 et
1207 341 1262 385 ab
1285 342 1444 386 aethere
1471 342 1576 387 ludit
1592 379 1603 399 5.

580 414 786 474 Suspicor
816 413 894 456 has
925 413 1049 473 pueri
1078 413 1260 457 Caesaris
1285 429 1378 457 esse
1403 415 1535 458 nives.

508 552 592 593 Τοῦ
617 543 743 592 &inem
768 545 938 610 ξηροῖσιν
962 548 1176 609 άθύροντος
1202 546 1435 610 ῥαθάμιγξιν

592 608 608 620 ‘l

435 760 540 794 fuisse
553 759 697 793 Helicen
713 759 810 792 Jovis
826 759 1001 792 nutricem
1013 784 1022 799 ‚
1037 771 1115 805 quae

435 813 568 847 idcirco
587 812 693 846 fuerit
714 812 757 845 ab
778 812 837 844 illo
857 811 893 844 in
914 812 1036 845 caelum
1057 811 1116 845 ad·

435 867 518 901 scita
534 893 543 908 ‚
563 874 597 899 et
618 865 792 898 sideribus
818 864 1003 910 adscripta.
1025 865 1114 899 Ursa

434 921 548 965 major
566 919 687 952 Helice
712 918 817 963 vulgo
839 919 1035 964 appellatur
1049 943 1057 959 ‚
1081 927 1115 952 et

432 985 562 1006 nomen
576 973 682 1005 habet
698 984 716 1004 a
729 973 837 1004 verbo
851 984 963 1017 graeco
980 972 1095 1005 ἑλίσσω
1105 997 1114 1012 ,

432 1027 549 1066 (volvo,
571 1025 654 1072 quia
680 1025 770 1058 circa
798 1025 921 1070 polum
945 1026 1115 1059 arcticum

431 1079 596 1113 volvitur.
620 1079 711 1111 Ursa
735 1077 853 1111 minor
874 1087 1021 1112 vocatur
1043 1078 1114 1125 Cy-

434 1145 576 1166 nosura.
593 1130 677 1164 Vid.
695 1132 757 1166 lib.
778 1131 893 1177 Spect.
913 1132 1021 1177 epigr.
1037 1143 1114 1172 nv,

433 1199 482 1219 vs.
515 1191 548 1227 4.
581 1207 631 1212 —-
665 1185 885 1218 Dissimulare.
922 1185 964 1218 Se.
995 1197 1114 1230 gerere

433 1239 532 1286 quasi
549 1251 621 1272 non
641 1238 779 1272 sentiat.
803 1237 886 1271 Vid.
910 1238 972 1271 lib.
996 1239 1113 1283 Spect.

433 1293 544 1339 epigr.
567 1304 579 1325 1
596 1318 604 1332 ‚
627 1305 674 1325 vs.
698 1292 731 1325 3.

487 1359 522 1391 7.
548 1346 628 1389 Quis
649 1347 737 1378 siccis
758 1344 841 1389 legit
865 1343 1037 1378 Heraldus
1059 1344 1112 1377 in·

432 1398 675 1444 terrogatorie.
708 1419 760 1425 -
793 1398 901 1431 Siccis.
933 1398 1113 1431 Concretis

432 1453 578 1498 frigore,
597 1452 750 1485 nivibus.

489 1508 522 1540 3.
546 1506 644 1538 Pueri
673 1505 820 1538 casm-is.
846 1505 897 1536 Ne
918 1504 1006 1537 Jove
1026 1504 1113 1537 irato

578 615 664 663 Ηδε
685 621 824 681 κόρου,
847 614 994 672 δοκέω,
1018 618 1221 680 Καίσαρός
1250 621 1312 670 ἐςι
1339 621 1466 680 νιφάς.

1175 757 1346 792 decidisse
1371 759 1431 792 nix
1457 758 1616 793 videatur
1631 784 1639 800 ‚
1657 757 1855 793 adulatorie

1175 812 1292 844 innuit
1312 812 1409 845 nives
1430 813 1492 846 has
1516 812 1684 845 immissas
1707 825 1724 845 a
1743 825 1853 858 puero

1175 865 1392 907 Domitiani,
1419 878 1527 911 quem
1560 866 1686 899 tulerat
1719 877 1759 898 ex
1787 866 1857 898 Do-

1174 918 1272 951 mitia
1293 919 1471 964 Augusta,
1493 931 1607 964 nuper
1626 918 1796 952 exstincto
1821 926 1856 951 et

1174 971 1210 1004 in
1228 973 1384 1005 Deorum
1405 972 1526 1005 album
1545 972 1669 1005 relato.
1690 971 1793 1004 Hunc
1808 983 1858 1004 se·

1175 1024 1294 1058 cundo
1320 1025 1515 1058 Domitiani
1533 1025 1714 1058 consulatu
1736 1037 1856 1058 conse-

1175 1086 1308 1111 eratum
1332 1078 1435 1111 fuisse
1454 1086 1600 1111 testatur
1623 1078 1767 1111 Statius.
1787 1078 1856 1110 Ex-

1175 1139 1239 1164 stat
1272 1139 1305 1165 et
1324 1131 1429 1178 hujus
1457 1131 1522 1164 filii
1549 1132 1644 1164 testis
1666 1143 1831 1164 nummus
1847 1156 1857 1171 ‚

1174 1184 1210 1216 in
1236 1186 1332 1230 cujus
1353 1184 1497 1218 adversa
1517 1193 1616 1230 parte
1637 1196 1727 1230 puer
1750 1184 1856 1229 globo

1175 1238 1302 1271 caelesti
1315 1264 1323 1279 ‚
1341 1238 1449 1271 stellis
1464 1238 1599 1271 cinctus
1611 1263 1620 1279 ,
1635 1236 1763 1270 insidet
1775 1249 1856 1270 cum

1173 1290 1238 1324 hac
1267 1291 1496 1337 inscriptione
1525 1303 1532 1322 :
1561 1303 1596 1324 D.
1629 1302 1739 1324 CAESAR
1774 1302 1855 1323 ΙΜΡ.

1174 1356 1375 1378 DOMITIANI
1398 1357 1426 1377 r.
1443 1344 1510 1377 hoc
1528 1353 1595 1386 est,
1616 1345 1715 1377 Divus
1730 1342 1853 1382 Caesar,

1174 1398 1375 1442 Imperaloris
1387 1398 1564 1430 Domitiani
1566 1396 1658 1441 filius
1666 1410 1678 1435 ;
1689 1396 1725 1429 in
1739 1407 1856 1428 aversa

1174 1458 1272 1496 parte
1299 1452 1371 1495 ejus
1393 1458 1503 1483 mater
1525 1449 1678 1482 Domitia
1699 1451 1853 1493 Augusta

1177 1517 1263 1537 uxor
1284 1503 1473 1536 Domitiani
1491 1502 1716 1548 conspicitur.

1084 1642 1192 1697 IV.

967 1799 1021 1827 IN
1075 1777 1325 1826 BASSAM.*

650 1925 792 1979 Quot)
820 1923 942 1965 siccae
969 1920 1135 1964 redolet
1160 1920 1284 1981 palus
1311 1920 1502 1973 lacunae,

491 2060 506 2073 '¹
533 2062 670 2094 Bassam
687 2084 696 2099 .,
727 2059 825 2101 cujus
852 2056 985 2089 mentio
1012 2068 1115 2101 supra

437 2115 498 2148 lib.
517 2115 535 2147 Ι
550 2137 560 2152 ,
582 2112 690 2159 epigr.
713 2122 853 2144 xxxvnl
875 2118 908 2143 et
924 2116 1003 2151 xc13
1026 2109 1115 2142 infra

437 2169 500 2201 lib.
516 2168 581 2207 IV,
601 2166 711 2212 epigr.
729 2175 913 2204 Lxxxvni,
935 2171 968 2195 et
989 2162 1049 2195 lib.
1069 2162 1116 2203 V,

439 2221 548 2266 epigr.
570 2232 652 2253 XLVI
670 2245 679 2259 ‚
704 2225 769 2250 etc.
791 2218 836 2250 ait
859 2215 1116 2262 graveolentius

437 2274 558 2306 foetere
581 2285 686 2318 quam
712 2271 821 2303 multa
850 2270 887 2302 in
913 2281 1030 2302 rerum
1053 2280 1114 2300 na-

438 2336 514 2360 tura
535 2338 612 2371 quae
634 2326 755 2359 foetent
775 2321 1115 2368 graveolentissiine3

437 2392 588 2425 quorum
608 2377 753 2424 quidem
777 2375 1047 2422 comparativam
1068 2375 1116 2407 fa-

438 2433 486 2466 cit
518 2431 820 2465 enumerationem
837 2454 847 2470 ‚
877 2429 945 2462 sibi
975 2428 1119 2461 familia-

439 2498 513 2519 rem
532 2493 566 2517 et
584 2485 785 2530 frequenter
803 2491 1017 2527 usurpatam.
1033 2479 1117 2514 Vid.

439 2539 500 2572 lib.
517 2537 570 2569 VI
586 2563 594 2579 ‚
612 2538 721 2582 epigr.
739 2548 852 2578 XC1113
867 2536 929 2568 lib.
949 2537 966 2568 I
980 2560 989 2576 ‚
1007 2535 1117 2580 epigr.

439 2603 517 2625 XLII
533 2603 542 2632 3
562 2590 623 2623 lib.
638 2591 692 2622 ΙΙΙ
707 2615 715 2630 ,
738 2590 846 2634 epigr.
864 2602 950 2630 va3
968 2588 1028 2621 lib.
1044 2588 1097 2620 XI
1110 2613 1119 2628 ‚

439 2645 547 2691 epigr.
564 2656 601 2676 1x
615 2669 623 2684 ‚
642 2650 707 2676 etc.
732 2641 824 2675 Vide
842 2650 875 2675 et
895 2641 1038 2675 Anthol.
1054 2641 1116 2674 lib.

440 2700 474 2731 ΙΙ
492 2725 500 2740 ,
516 2710 591 2743 cap.
615 2701 671 2736 14,
693 2695 757 2728 En.

1233 2067 1265 2088 1.
1299 2055 1397 2098 Quod
1419 2057 1510 2087 siccae
1525 2081 1533 2094 ‚
1561 2063 1624 2088 etc.
1655 2054 1754 2089 Ordo
1777 2064 1855 2090 est:

1176 2108 1313 2140 mallem
1345 2108 1440 2141 olere
1470 2107 1567 2153 quod
1590 2107 1734 2154 paludes
1758 2109 1856 2143 siccae

1176 2170 1210 2194 et
1241 2161 1397 2194 foetente‘s
1430 2162 1564 2194 lacunae
1596 2162 1692 2195 olent
1708 2187 1718 2202 ‚
1757 2161 1854 2207 quod

1176 2214 1272 2246 olent
1286 2214 1422 2248 Albulae
1439 2240 1447 2255 ,
1471 2222 1601 2256 etc.....,
1618 2227 1721 2260 quam
1742 2216 1857 2256 olere,

1176 2268 1299 2307 Bassa,
1327 2266 1422 2312 quod
1453 2267 1534 2300 oles.
1566 2288 1617 2295 —-
1649 2269 1747 2311 Quod
1764 2270 1855 2301 siccae

1177 2320 1295 2353 redolet
1327 2321 1421 2365 palus
1459 2321 1592 2354 lactmoe.
1629 2321 1770 2355 Lacuna
1805 2329 1856 2354 est

1178 2375 1265 2407 fossa
1304 2374 1375 2407 sive
1415 2386 1518 2407 cavus
1553 2386 1639 2419 aqua
1673 2382 1855 2420 stagnante

1178 2427 1301 2472 plenus
1316 2427 1459 2473 (gallice
1475 2424 1600 2467 mare);
1615 2428 1738 2460 lacuna
1755 2439 1855 2467 ver0‚

1179 2480 1204 2513 si
1220 2480 1422 2520 exsiccatur,
1435 2481 1468 2513 in
1484 2479 1649 2525 paludem
1665 2493 1699 2513 se
1712 2492 1855 2513 conver-

1179 2533 1221 2567 tit
1233 2560 1241 2573 ‚
1265 2532 1301 2566 id
1315 2542 1365 2566 est
1381 2559 1389 2574 ‚
1405 2534 1440 2566 in
1459 2533 1612 2565 lutosum
1630 2533 1856 2578 uliginosum-

1178 2599 1246 2632 que
1272 2587 1408 2619 alveum
1424 2613 1433 2627 ‚
1452 2586 1511 2631 qui
1526 2611 1534 2626 ‚
1552 2586 1607 2619 vel
1624 2586 1670 2618 oh
1692 2586 1855 2618 animalia

1179 2640 1228 2673 ibi
1246 2648 1384 2673 mortua
1403 2648 1436 2673 et
1454 2640 1578 2672 herbas
1597 2642 1832 2684 putrescentes
1845 2665 1854 2678 ‚

1179 2693 1233 2725 vel
1261 2694 1307 2726 ob
1328 2701 1505 2726 recoctum
1529 2691 1671 2725 ardente
1693 2692 1763 2725 sole
1785 2704 1853 2726 coe-

2051 2856 2053 2862 .
2045 2782 2053 2828 m:
2046 2726 2057 2771 Lx*
