2061 3288
458 227 1047 272 EPIGRAMMATUM
1085 226 1208 269 LIB.
1249 226 1348 268 III.
1491 223 1588 280 3543

244 320 337 364 Ncc
364 328 406 363 te
428 317 513 362 liba
535 317 714 377 juvant,
744 333 823 361 nec
851 326 978 361 sectae
1004 314 1169 376 quadra
1194 314 1432 376 placentae:

314 391 407 433 Nec
435 389 572 449 Libye
603 389 754 442 mittit,
781 405 861 432 nec
883 388 962 431 tibi
985 387 1133 430 Phasis
1160 402 1274 430 aves.

245 461 489 522 Capparin,
511 469 553 503 et
582 460 698 520 putri
730 475 858 520 cepas
886 457 1036 502 halece
1062 466 1260 501 natantes
1276 493 1287 512 ,
1574 476 1588 499 5

314 534 371 575 Et
395 530 572 592 pulpam
604 529 739 573 dubio
758 528 818 573 'de
847 538 1055 590 petasone
1081 544 1222 571 voras.

242 604 391 663 Teque
407 602 564 661 juvant
585 618 731 662 gerres
752 609 794 644 et
815 598 926 661 pelle
953 598 1206 659 melandrya
1232 614 1362 643 cana:

314 674 518 716 Resinata
542 672 650 715 bibis
673 672 795 724 vina,
816 669 996 714 Falerna
1019 670 1145 729 fugis.

243 744 402 788 Nescio
431 742 547 803 quod
573 742 786 786 stomachi
811 742 964 785 vitium
991 741 1196 786 secretius
1221 756 1312 783 esse

315 815 521 874 Suspicor
547 831 555 856 :

230 941 263 974 3.
281 940 380 974 Sectoe
398 941 519 986 quadra
532 941 700 984 placentoe.
713 940 754 972 In
773 951 853 984 qua-

172 991 271 1027 drata
288 994 395 1027 frusta
411 993 807 1038 secabanturplacentae,
819 1001 854 1026 et

172 1045 339 1092 quodque
360 1059 481 1080 eorum
502 1046 636 1091 quadra
658 1045 852 1085 dicebatur,

173 1108 212 1132 ut
244 1099 318 1145 ipsa
348 1100 453 1133 verba
482 1098 687 1133 declarant:
717 1098 852 1143 Quadra

173 1160 264 1185 ,κω-[ιε
283 1153 451 1198 placetzloe.
477 1153 533 1185 Sic
556 1153 616 1185 lib.
642 1152 716 1192 IX,
743 1152 853 1197 epigr.

173 1217 251 1246 .x‹:1,
272 1219 307 1240 v.
332 1209 375 1241 18
402 1218 410 1239 :
436 1224 448 1236 κ
471 1206 569 1239 Secta
591 1205 745 1250 plurima
766 1217 853 1250 qua-

173 1257 235 1291 dra
255 1258 299 1291 de
320 1260 517 1303 placenta.»
537 1259 581 1292 Et
596 1259 656 1292 lib.
676 1259 729 1290 YI
747 1281 757 1296 ,
777 1258 851 1303 epi-

175 1324 324 1355 gramm.
348 1325 455 1350 Lxxv,
480 1325 513 1343 v.
540 1325 571 1345 1.

228 1370 260 1404 4'.
283 1365 352 1398 Nec
374 1366 459 1411 Lybe
480 1367 576 1397 milti!
595 1365 630 1397 in
650 1364 748 1397 Junt.
773 1376 852 1396 ann.

179 1420 289 1451 1512.
318 1439 370 1445 —-
396 1418 464 1451 Nec
491 1417 564 1457 tibi,
596 1425 661 1450 etc.
690 1417 762 1450 Nec
790 1417 854 1450 tibi

174 1471 262 1516 sapit
281 1471 351 1504 avis
373 1469 567 1511 numidica,
589 1483 654 1503 nec
677 1470 853 1515 phasiana.

174 1525 277 1569 Supr.
301 1524 409 1569 epigr.
433 1536 547 1565 LVIII,
569 1537 601 1556 v.
625 1524 668 1556 15
690 1531 724 1556 et
748 1526 803 1556 16.

230 1577 263 1610 5.
286 1577 441 1622 Capsum-is
466 1585 497 1608 et
524 1579 622 1622 turpis
646 1575 854 1609 Beverlandi

175 1630 251 1662 MS.
275 1647 288 1659 «ι
304 1630 438 1670 Miror,
459 1630 574 1671 ulcus,
591 1629 688 1674 quod
704 1629 762 1662 hic
777 1642 854 1661 ver-

175 1696 231 1715 sus
250 1682 356 1716 habet
373 1709 382 1725 ‚
403 1682 518 1715 adhuc
544 1683 726 1716 intactum.
755 1681 852 1723 Quid

175 1736 265 1768 enim
286 1736 428 1780 cappari
447 1761 456 1776 ,
475 1735 561 1781 quid
577 1735 670 1781 cepis
690 1748 768 1768 eum
792 1735 853 1767 ha-

174 1788 271 1821 lece?
289 1789 415 1821 Nullus
437 1787 564 1821 dubito
579 1814 587 1829 ‚
606 1788 693 1833 quin
711 1801 727 1821 a
747 1800 854 1820 manu

175 1842 324 1886 Hispani
352 1842 462 1875 nostri
494 1841 537 1874 sit
564 1855 570 1873 z

170 1898 260 1938 stulrc'
286 1908 402 1927 nisenus
427 1895 531 1926 halece
561 1901 717 1926 natantes.
748 1894 854 1927 Cam-

605 1842 794 1874 Cammaron
825 1849 856 1872 et

177 1960 294 1980 marus
321 1956 436 1987 certe,
461 1948 532 1980 sive
558 1959 753 1992 gammarus
769 1969 779 1984 -,
802 1947 853 1979 vi-

176 2001 242 2033 lior
260 2000 362 2045 piscis
379 2009 428 2033 cst
441 2026 449 2041 ,
471 2009 503 2033 et
525 2000 724 2033 tenuiorum
740 2000 850 2032 cibus.

178 2054 305 2086 Noster
322 2065 441 2099 supra,
456 2054 536 2087 libr.
551 2053 585 2085 II
597 2079 605 2095 ,
622 2053 730 2098 epigr.
750 2064 851 2085 XL111.

178 2108 219 2139 Et
252 2119 370 2139 maenae
388 2106 478 2139 inter
506 2107 711 2139 salsamenta
735 2118 855 2138 nume-

176 2167 297 2191 rantur
313 2159 421 2200 infra,
438 2160 498 2192 lib.
516 2160 603 2199 XII,
615 2160 724 2204 epigr.
742 2171 852 2191 xxxn.

177 2211 286 2245 Vides
314 2212 363 2244 ibi
389 2221 423 2245 et
443 2224 558 2257 gerres
587 2220 621 2244 et
639 2224 786 2252 maenas,
818 2220 855 2244 ut

177 2264 211 2297 h.
241 2265 262 2297 l.
290 2266 489 2298 memorari.
515 2265 686 2298 Caeterum
714 2265 854 2298 consule

177 2317 361 2350 Heinsium
382 2316 424 2350 ad
441 2316 547 2350 Ovid.
566 2317 655 2350 Fast.
676 2318 733 2357 II,
758 2318 827 2361 578
846 2343 854 2357 ,

178 2371 239 2403 nbi
264 2371 338 2403 fuse
360 2369 404 2403 de
424 2371 519 2403 hisce
540 2371 759 2415 plebeiorum
786 2371 854 2403 fer-

177 2423 264 2456 culis
288 2422 496 2469 disputatur.
518 2424 562 2456 Et
582 2435 627 2455 ne
645 2435 854 2468 quemquam

178 2475 334 2509 offendat
369 2488 475 2521 graeca
511 2476 710 2509 terminatio
743 2476 778 2508 in
808 2481 854 2520 τῷ

181 2529 370 2562 (ammai-on
385 2542 398 2568 ;
427 2529 534 2569 sciat,
558 2529 640 2562 huic
669 2529 856 2574 saepissime

181 2581 362 2615 indulsisse
385 2582 590 2615 Martialem.
614 2583 692 2617 Sic.
716 2590 753 2614 ut
775 2582 855 2614 alias

182 2643 383 2680 praeteream
397 2662 404 2676 ,
422 2636 650 2679 cercopithecon
671 2634 755 2669 dicit
776 2636 854 2668 infr.

591 823 636 856 ut
666 812 768 873 quid
798 813 938 862 enim,
970 812 1152 866 Baetice,
1183 808 1451 872 saprofagis?

912 939 970 971 lib.
987 939 1057 971 VII
1071 963 1080 979 ‚
1104 939 1214 984 epigr.
1237 949 1365 971 Lxxxw
1382 949 1392 979 ;
1411 937 1564 982 Cyllaron
1579 963 1588 976 ,

909 992 970 1026 lib.
987 992 1075 1024 VIII
1087 1018 1096 1033 ,
1114 992 1226 1037 epigr.
1241 1003 1317 1032 xxm
1334 990 1588 1036 Ilippoclromon,

908 1045 968 1079 lib.
991 1045 1061 1078 XII
1079 1070 1087 1085 ,
1107 1044 1218 1090 epigr.
1237 1058 1257 1078 1.
1276 1056 1284 1077 ε
1305 1043 1480 1077 Monaalon
1497 1070 1506 1082 ‚
1528 1043 1591 1075 lib.

910 1099 1011 1139 XIV,
1027 1098 1136 1143 epigr.
1154 1110 1248 1131 inv.
1262 1098 1365 1130 Plura
1381 1105 1460 1142 pete
1474 1109 1490 1128 a
1502 1096 1592 1128 Vos-

911 1152 961 1184 sio
979 1151 1123 1196 Analog.
1148 1151 1208 1184 lib.
1233 1152 1269 1183 II
1285 1177 1293 1191 ,
1322 1163 1397 1195 cap.
1421 1162 1452 1194 7.
1473 1166 1485 1178 »ι
1507 1150 1590 1182 Ant.

910 1205 949 1236 (le
965 1205 1065 1249 Rooy.
1086 1226 1139 1230 -
1157 1205 1287 1237 Halece.
1307 1204 1393 1236 Alex
1408 1203 1463 1235 vel
1480 1202 1591 1242 halec,

910 1258 1085 1302 liquamen
1125 1269 1166 1290 ex
1206 1257 1379 1290 intestinis
1419 1255 1590 1301 piscimn3

910 1310 1069 1356 capparis
1093 1323 1177 1343 vero
1198 1304 1211 1352 ζ
1227 1310 1348 1355 gallice
1364 1312 1455 1353 cripi-e
1472 1303 1504 1351 )‚
1525 1308 1590 1340 ssos

911 1372 961 1396 est
976 1362 1136 1396 nondum
1158 1363 1318 1396 evolutus
1338 1362 1486 1395 fruticis.

969 1419 1003 1449 6.
1018 1417 1128 1449 Dubio
1146 1443 1153 1455 ,
1178 1425 1242 1449 etc.
1260 1416 1341 1448 Scit.
1365 1413 1590 1460 semiputido.

967 1482 998 1514 7.
1017 1469 1107 1502 Edd.
1128 1477 1210 1502 vett.
1229 1469 1362 1502 habent
1375 1493 1383 1508 ,
1402 1467 1589 1500 nmlandria.

911 1543 962 1549 —-
994 1522 1110 1556 Get-res
1143 1530 1174 1554 et
1200 1523 1294 1567 pelle.
1323 1522 1461 1554 Minuta
1488 1521 1591 1553 salsa-

911 1584 1027 1608 menta
1049 1589 1066 1608 e
1088 1577 1301 1608 locustarum
1323 1586 1466 1619 genere3
1499 1574 1589 1606 Plin.

911 1629 971 1661 lib.
996 1629 1161 1669 XXXII,
1183 1641 1257 1674 cap.
1278 1628 1416 1661 ultimo.
1440 1626 1523 1659 Vid.
1557 1635 1592 1659 et

910 1682 1067 1715 Turneb.
1087 1682 1148 1715 lib.
1171 1682 1304 1720 XXIV,
1325 1694 1401 1726 cap.
1424 1678 1592 1720 46.Vi(le

910 1735 972 1768 lib.
985 1736 1054 1767 XII
1067 1762 1075 1776 ‚
1090 1748 1144 1780 ep.
1163 1747 1280 1776 xxxn,
1297 1747 1330 1767 v.
1348 1735 1390 1767 15
1408 1741 1442 1766 et
1462 1736 1520 1766 16.
1537 1754 1590 1759 —

912 1788 1103 1834 Ellelandtjra
1129 1801 1220 1820 cana.
1244 1788 1326 1820 Pars
1351 1787 1475 1832 thynni
1497 1786 1592 1818 vilis·

911 1842 1016 1878 sima,
1037 1841 1127 1874 Ptin.
1149 1840 1210 1874 lib.
1236 1841 1286 1873 IX
1302 1867 1309 1879 ,
1330 1853 1405 1884 cap.
1432 1852 1443 1872 1
1457 1839 1474 1872 5
1494 1852 1502 1879 ;
1532 1837 1592 1871 sed

911 1894 1080 1926 Athenaeo
1120 1893 1322 1925 salsamenta
1363 1905 1406 1925 ex
1446 1891 1591 1937 thynnis

911 1946 1092 1985 maximis,
1113 1946 1174 1979 lib.
1196 1946 1249 1978 HI
1265 1971 1273 1985 ‚
1295 1957 1371 1990 cap.
1397 1946 1458 1978 33.

965 2001 1000 2033 3.
1022 2001 1172 2032 Resinata
1194 1999 1272 2030 hibi>-
1300 2001 1390 2036 vitm,
1413 2008 1478 2031 etc.
1502 1998 1590 2029 Cor-

911 2061 1013 2098 rupta
1039 2061 1071 2085 et
1089 2052 1219 2084 olentia
1245 2052 1357 2097 picem
1378 2051 1478 2084 vasis.
1502 2051 1591 2083 Ptin.

911 2106 972 2138 lib.
1005 2106 1151 2144 XXIII,
1177 2117 1251 2149 cap.
1290 2117 1321 2137 1.
1351 2124 1404 2129 —-
1437 2103 1591 2136 Falerna.

912 2158 995 2191 Vid.
1013 2158 1073 2191 lib.
1096 2159 1111 2190 I
1127 2184 1135 2198 ,
1159 2158 1269 2202 epigr.
1291 2169 1348 2189 :ux
1362 2183 1370 2199 ,
1391 2170 1423 2190 v,
1454 2170 1484 2189 1.

967 2225 1001 2255 9.
1021 2211 1143 2244 Vitium
1161 2213 1306 2243 secretius
1322 2223 1396 2242 esse.
1415 2207 1592 2254 Lingendi

913 2264 1061 2305 scilicet,
1073 2265 1127 2296 vel
1140 2262 1281 2296 fellandi
1294 2275 1402 2308 quum
1427 2270 1507 2295 tuus
1525 2271 1592 2295 sto-

913 2317 1057 2350 machus
1075 2318 1119 2349 sit
1133 2317 1247 2362 gustui
1263 2324 1354 2349 tetro
1372 2324 1536 2349 assuetus.

974 2383 1029 2403 Io.
1048 2369 1254 2403 Beverlandi
1266 2369 1341 2402 MS.
1356 2369 1476 2415 utquid
1488 2372 1566 2401 enim
1582 2395 1589 2406 ,

916 2424 1057 2462 Baetice,
1077 2423 1157 2468 sigis
1184 2427 1305 2468 apros?l
1330 2422 1460 2456 Graecis
1485 2422 1594 2454 literis

915 2476 950 2509 in
974 2475 1180 2521 quibusdam
1204 2474 1306 2509 codd.
1327 2477 1497 2520 scriptum
1517 2482 1567 2507 est
1585 2501 1593 2515 ,

917 2532 1151 2574 σαπροφοιγεῖς.
1183 2528 1394 2562 Ramiresius
1415 2529 1453 2561 de
1484 2527 1593 2561 I’rado

918 2581 1117 2615 emendavit
1143 2585 1375 2626 κιττρεφαγεῖς,
1402 2580 1499 2627 qnod
1521 2593 1595 2613 ver-

918 2635 1003 2668 bum
1029 2644 1078 2668 est
1097 2635 1221 2669 Galeni
1245 2634 1289 2667 de
1317 2635 1437 2680 Simpl.
1466 2633 1594 2666 Meditn

1264 2701 1354 2744 22⁴
