2061 3288
570 190 818 232 MATTH.
859 190 1196 233 RADERUS.
1520 209 1603 236 xxi

183 279 349 324 Padum
381 287 685 339 nuncupatur,
720 278 864 338 ibique
896 276 1186 322 nobilissimas
1214 278 1344 322 urbes
1376 277 1602 324 lustravit:

183 352 345 394 Forum
382 348 573 394 Cornelii
607 365 682 392 seu
712 348 925 403 Imolam,
955 348 1071 392 unde
1104 350 1280 393 tertium
1314 350 1603 411 epigramma-

184 432 276 465 tum
299 420 459 465 librum
484 420 648 476 emisit,
668 429 716 464 ut
736 421 826 476 III,
849 436 863 463 1
882 429 924 464 et
941 435 987 463 iv
1009 420 1158 463 scribit
1179 437 1188 462 :

288 534 372 569 Hoc
394 530 481 577 tibi,
496 529 684 579 quidquid
708 530 745 566 id
764 538 839 575 est,
859 529 1074 579 longinquis
1096 530 1209 566 mittit
1230 529 1277 566 ab
1300 531 1378 567 oris

341 592 485 634 Gallia,
508 594 688 628 Romanae
706 591 861 627 nomine
884 590 984 627 (licta
1008 599 1124 641 togae;

183 702 278 744 Et:

289 810 348 853 Si,
367 809 505 859 quibus
526 811 563 846 in
586 811 713 855 terris,
734 824 809 861 qua
828 811 944 847 simus
964 812 1002 846 in
1027 810 1121 846 urbe
1143 810 1312 860 rogabit,

341 872 494 909 Corneli
517 872 657 908 referas
679 885 737 908 me
758 872 840 908 licet
863 886 943 908 esse
965 872 1048 908 foro
1066 887 1074 917 3

184 986 437 1028 Ravennam
463 986 584 1039 item,
607 985 708 1028 olim
735 995 867 1046 caput
891 986 1055 1040 Piceni,
1083 995 1131 1028 ut
1153 995 1277 1029 vetus
1303 985 1433 1028 docet
1451 987 1602 1029 inscri-

183 1057 300 1116 pti03
324 1065 366 1100 et
396 1057 438 1099 in
461 1058 735 1100 Venetorum
766 1073 871 1117 agro
902 1056 1117 1111 Altinum,
1147 1058 1210 1100 uti
1239 1066 1281 1099 et
1304 1057 1530 1099 Patavium
1561 1066 1603 1099 et

184 1126 450 1187 Aquileiam,
474 1136 553 1171 etc.
590 1126 830 1187 Aquileiam
863 1128 960 1170 Fori
999 1127 1099 1171 Julii
1129 1128 1380 1188 primariam
1417 1127 1600 1181 urbem,

182 1214 277 1256 quae
304 1199 499 1241 civitates
530 1197 638 1241 adeo
660 1199 804 1241 Poetae
839 1199 1022 1241 arrisere
1040 1234 1051 1250 ,
1072 1208 1121 1241 ut
1152 1199 1426 1242 constituerit
1459 1208 1600 1241 extre-

182 1284 298 1311 mam
336 1268 416 1312 illis
451 1278 621 1312 aetatem
655 1285 914 1312 consecrare
948 1286 956 1310 ε
992 1270 1051 1312 sic
1082 1269 1226 1320 enim,
1257 1271 1336 1324 IV,
1371 1285 1514 1322 XXIV,
1540 1278 1600 1311 te-

183 1348 321 1382 statur
353 1357 361 1382 ι

296 1478 435 1486 ......
448 1463 514 1486 vos
533 1450 638 1487 critis
660 1459 819 1495 nosme,
840 1451 1067 1499 requiesque
1085 1459 1265 1494 senectae,

340 1512 379 1548 Si
392 1512 488 1561 juris
506 1512 646 1548 suerint
663 1512 740 1548 otia
758 1520 887 1547 nostra
904 1512 975 1548 sui.

253 1626 411 1669 Amicis
436 1643 539 1669 usus
560 1635 647 1680 est,
668 1635 825 1685 praetcr
845 1626 1061 1679 Caesares,
1084 1624 1210 1668 claris
1225 1660 1236 1674 ,
1263 1634 1305 1666 et
1324 1623 1574 1684 potentibus
1591 1658 1601 1676 ,

183 1706 225 1739 et
255 1696 432 1740 multis:
465 1697 670 1740 Stertinio
692 1731 702 1748 ,
729 1712 858 1756 quem
886 1697 1062 1738 Avitum
1093 1705 1244 1749 vocat,
1277 1695 1498 1748 Deciano,
1528 1696 1600 1737 Li-

183 1767 381 1823 ciniano,
413 1766 567 1818 Stella,
595 1768 786 1828 Nepote,
815 1769 967 1827 Lupo,
995 1766 1134 1810 Plinio
1159 1766 1335 1825 juniore
1353 1801 1363 1819 ,
1392 1763 1598 1809 Cornelio

183 1839 330 1881 Prisco
351 1873 362 1891 ,
401 1837 517 1882 Julio
552 1837 753 1881 Martiale
776 1874 787 1893 ,
829 1836 998 1898 Regulo
1049 1847 1222 1880 oratore
1247 1873 1258 1890 ,
1300 1835 1599 1894 Quintiliano,

183 1908 374 1965 Quinto,
395 1909 576 1964 Ovidio,
599 1907 830 1962 Juvenale,
854 1908 1029 1951 Valerio
1056 1907 1210 1952 Flacco
1227 1944 1237 1962 ,
1265 1907 1394 1958 Silio,
1424 1907 1599 1950 Parthe-

184 1980 256 2022 nio
289 1989 610 2039 tyrannoctono
629 2016 640 2034 ,
667 1979 845 2040 aliisque
877 1978 1200 2039 compluribus,
1227 1995 1335 2039 quos
1368 1979 1526 2038 passini
1556 1979 1598 2019 in

186 2050 271 2093 suis
296 2049 415 2094 libris
441 2051 611 2094 aeternis
638 2060 766 2094 ornat
783 2049 946 2110 elogiis.
970 2052 1038 2094 De
1059 2051 1195 2093 Statio
1219 2051 1435 2092 mirantur
1454 2047 1598 2108 aliqui,

185 2137 318 2180 quum
351 2121 503 2164 eodem
535 2131 732 2182 tempore
763 2122 969 2175 vixerint,
998 2121 1112 2164 idem
1149 2137 1260 2181 saepe
1291 2129 1598 2179 argumentum

186 2192 438 2247 tractarint,
469 2192 643 2236 eosdem
675 2193 839 2236 amicos
870 2190 1113 2248 coluerint,
1145 2209 1224 2235 cur
1255 2189 1371 2233 nulla
1402 2190 1600 2233 amicitiae

187 2271 291 2305 nota
320 2263 432 2305 inter
452 2262 532 2306 hos
563 2273 712 2307 exstet.
737 2265 805 2306 An
833 2262 950 2323 quod
980 2262 1098 2305 nulla
1127 2261 1355 2323 singularis
1385 2262 1496 2304 inter
1526 2277 1599 2303 eos

186 2332 459 2376 necessitudo
489 2343 531 2376 et
565 2350 668 2377 usus
692 2336 790 2377 vitae
818 2332 1143 2377 intercesserit?
1171 2349 1226 2375 an
1255 2330 1426 2375 occulta
1453 2330 1595 2392 aliqua

187 2402 428 2447 dissensio?
447 2419 501 2446 an
522 2405 794 2464 ingeniorum
824 2403 988 2456 studia,
1012 2420 1173 2458 mores,
1199 2413 1365 2446 naturae
1391 2400 1601 2445 diversae?

187 2490 241 2516 an
265 2474 381 2533 quod
401 2475 560 2517 Statius
590 2473 724 2526 celer,
754 2484 797 2517 et
828 2490 939 2534 saepe
960 2474 1265 2535 extemporalis
1286 2490 1423 2535 prope
1445 2482 1592 2533 poeta,

189 2554 235 2586 ut
266 2561 314 2587 ex
345 2544 558 2588 Silvarum
594 2545 916 2606 prfesationibus
946 2545 1096 2601 discis,
1129 2545 1270 2589 subito
1305 2543 1598 2605 gratularetur

190 2614 254 2656 vel
283 2617 468 2675 Principi
488 2652 496 2665 ,
520 2633 653 2676 quum
677 2615 838 2676 aliquid
862 2617 960 2659 novi
987 2616 1051 2659 vel
1077 2616 1257 2665 accidit,
1283 2615 1347 2657 vel
1370 2614 1595 2658 conditum

1340 2704 1391 2745 lJ'
