2061 3288
474 234 1063 280 EPIGRAMMATUM
1102 234 1228 276 LIB.
1267 234 1302 276 l.

1504 248 1586 278 111

766 387 1009 443 LXIII.

249 534 311 562 DE
352 532 569 562 LAEVINA
606 533 793 573 CASTA‚
831 533 894 561 ET
932 533 1000 561 AD
1039 530 1195 560 BAIAS
1233 531 1533 560 ADULTERA.

248 659 404 702 CASTA
422 693 434 714 ‚
454 675 534 702 nec
559 659 747 719 antiquis
773 657 931 703 cedens
957 658 1135 701 Laevina
1157 655 1352 711 Sabinis,

319 731 377 772 Et
397 731 596 790 quamvis
617 730 772 774 tetrico
796 730 960 773 tristior
980 729 1074 790 ipsa
1096 728 1216 783 viro,

247 801 367 843 Dum
388 800 520 843 modo
542 801 758 856 Lucrino,
780 800 911 844 modo
937 816 981 843 se
1004 799 1219 860 permittit
1242 801 1442 854 Averno,

320 872 377 914 Et
396 871 500 914 dum
524 872 694 915 Baianis
714 888 827 932 saepe
849 870 1024 914 fovetur
1046 870 1189 930 aquis,

247 941 407 986 Incidit
429 943 473 985 in
496 942 715 998 flammas,
732 942 1025 1002 juvenemque
1048 951 1217 996 secuta,
1242 940 1393 984 relicto

317 1013 540 1074 Conjuge,
564 1013 781 1074 Penelope
802 1014 945 1068 venit,
969 1012 1058 1056 abit
1082 1011 1261 1056 Helene.

247 1154 438 1213 Σώφρων,
473 1149 567 1197 οὐδὲ
597 1157 726 1198 πάλαι
763 1159 923 1214 σεμναῖς
956 1153 1116 1197 εἴκουσα
1147 1150 1334 1204 {otgivam

317 1221 504 1278 Λαέίνη,
541 1232 716 1284 στυφνοῦ
749 1227 788 1268 τ’
825 1219 969 1284 ἀνδρὸς
1005 1225 1314 1285 ἀτεγκτοτέρη,·

245 1294 419 1354 Συχνοίκι
454 1295 682 1355 Λουκρίνῳ,
716 1296 784 1338 καὶ
816 1289 957 1356 Ᾱόρνῳ
986 1293 1228 1352 ἐνεψιόωσα,

314 1366 396 1408 Καὶ
425 1366 579 1424 θερμοῖς
608 1369 738 1409 Βαιῶν
771 1360 891 1408 ὕδασι
923 1366 1178 1425 θαλπομένη,

243 1434 365 1491 Ξείνῳ
397 1438 514 1495 ἔρωτι
547 1431 657 1497 δάμη
675 1473 687 1493 ‚
715 1437 785 1480 τόν
819 1438 858 1480 τ’
887 1431 1017 1497 ἄνδρα
1044 1441 1243 1489 λιποῦσα,
1272 1437 1346 1492 νέῳ
1379 1434 1449 1497 μὲν

315 1496 497 1550 Ρῖσπετο·
529 1508 746 1555 Πηνελόπη
780 1502 818 1550 δ’
853 1505 991 1561 ἦλθεν,
1025 1507 1172 1555 ἀπῆλθ’
1205 1498 1347 1555 ΪΞλένη.

226 1640 241 1654 *
264 1647 316 1678 De
342 1647 459 1681 Lerina
483 1655 572 1681 casta
588 1675 596 1687 ‚
626 1655 658 1681 et
681 1648 726 1680 ad
751 1648 854 1680 Baias

174 1698 321 1731 adultera
347 1700 472 1733 lemma
501 1709 552 1734 est
576 1701 613 1734 in
640 1700 721 1734 Ald.
750 1701 772 1733 J
777 1709 853 1735 unt.

174 1752 290 1785 Colin.
308 1752 447 1798 Gryph.
469 1762 501 1786 et
517 1754 591 1787 aliis
606 1763 689 1789 vett.
709 1755 762 1787 De
778 1755 853 1787 Loe-

172 1807 251 1837 ‘rina
272 1805 310 1838 in
331 1805 409 1839 cod.
429 1807 569 1841 Thuan.

230 1871 244 1891 1
255 1885 263 1892 .
284 1858 422 1893 Sabinis.
440 1861 597 1902 Quarum
615 1873 730 1894 mores
745 1860 853 1893 sancti

173 1919 207 1944 et
222 1911 420 1958 incorrupti
437 1922 545 1946 erant.
563 1914 690 1947 Juven.
707 1922 769 1947 sat.
788 1913 853 1954 VI,

173 1977 261 1998 vers.
283 1966 368 1999 163.
392 1984 405 1995 α
426 1967 595 2000 Intactior
616 1967 712 1999 omni
735 1966 852 2001 Crini-

173 2016 239 2050 bus
269 2019 389 2052 effusis
415 2020 546 2053 bellum
575 2019 766 2054 dirimente
793 2019 852 2053 Sa-

172 2071 266 2105 bina.
291 2089 304 2100 »

231 2137 247 2156 2
257 2152 263 2157 .
280 2125 406 2157 Tetrico
418 2128 548 2160 tristior.
565 2125 724 2159 Alienior
736 2139 754 2159 a
764 2126 852 2171 jocis

175 2185 208 2209 et
229 2176 360 2211 deliciis
384 2191 487 2224 quam
513 2179 660 2212 maritus
684 2179 775 2225 ipse,
799 2193 851 2213 se·

173 2242 275 2263 verus
296 2231 403 2264 homo
422 2240 455 2265 et
475 2240 640 2266 austerus.

216 2284 249 2317 3.
259 2285 300 2317 In
308 2284 384 2318 Ald.
393 2285 481 2318 Junt
489 2285 602 2318 Colin.
612 2285 748 2330 Gryph.
758 2286 849 2319 aliis-

172 2341 427 2382 que‚p1·cemittlt
436 2352 447 2371 .·
456 2352 516 2383 per
527 2347 560 2371 et
568 2352 638 2383 prae
654 2338 689 2370 in
709 2351 851 2384 compo-

171 2390 297 2423 sitione
315 2404 406 2437 saepe
428 2391 695 2425 confunduntur
711 2404 728 2424 a
750 2391 852 2424 libra-

172 2443 244 2476 riis.
268 2443 361 2478 Vide
387 2458 451 2478 nos
478 2444 522 2479 ad
546 2445 678 2478 Tibull.
706 2445 781 2485 IV,
809 2457 822 2478 1
839 2469 849 2486 ,

178 2508 191 2528 1
201 2496 262 2539 75.
277 2519 329 2523 —
339 2499 475 2530 Lucrino
487 2526 494 2535 ,
512 2506 567 2531 etc
580 2525 587 2532 .
602 2525 609 2531 .
622 2524 629 2530 .
643 2497 685 2531 Id
697 2506 747 2530 est
757 2522 767 2537 .,
785 2497 851 2530 uti-

173 2556 230 2581 tur
261 2550 410 2595 publicis
440 2551 572 2584 balneis
604 2551 641 2584 in
671 2552 749 2584 lacu
779 2551 850 2582 Lu-

174 2602 296 2643 crino,
319 2605 529 2650 Avernoque
557 2613 591 2637 et
616 2604 718 2637 Baiis.
741 2604 850 2637 Lacus

174 2655 345 2690 Lucrinus
370 2657 461 2692 inter
481 2657 644 2691 Puteolos
671 2666 706 2690 et
729 2657 828 2691 Baias
842 2683 851 2697 ‚

912 1647 998 1680 olim
1013 1655 1087 1681 erat
1105 1647 1269 1688 celebris,
1285 1646 1345 1681 sed
1360 1656 1461 1682 terrae
1477 1658 1572 1683 motu
1583 1677 1591 1691 ‚

912 1713 1007 1734 anno
1040 1700 1159 1743 1538,
1181 1701 1366 1747 absorptus
1391 1710 1464 1744 est,
1487 1713 1591 1738 restat

911 1762 1047 1787 tantum
1066 1754 1179 1788 lutosa
1199 1754 1318 1800 palus,
1342 1768 1419 1800 quae
1439 1765 1591 1790 vocatur

912 1820 996 1839 mare
1031 1815 1142 1840 morto.
1170 1829 1223 1834 —
1252 1808 1392 1841 Averno.
1431 1809 1591 1843 Avernus

909 1860 1028 1900 lacus,
1062 1859 1185 1894 Cumis
1218 1861 1380 1906 Baiisque
1409 1863 1591 1907 proximus

910 1914 1110 1958 appellatur
1137 1912 1246 1946 hodie
1277 1915 1369 1959 Lago
1395 1915 1562 1949 d'Acemo
1579 1944 1587 1955 ,

909 1967 964 1999 vel
981 1967 1017 1999 di
1037 1967 1235 2011 Tripergola.

965 2024 998 2060 4.
1026 2020 1173 2052 Baianis.
1204 2034 1217 2047 «
1239 2020 1325 2061 Quae
1352 2018 1586 2055 diversorium

909 2072 1079 2106 vitiorum
1098 2085 1170 2106 esse
1191 2081 1384 2118 coeperunt.
1408 2091 1420 2103 »
1440 2074 1590 2114 Seneca,

909 2126 1008 2172 epist.
1035 2126 1052 2159 5
1064 2138 1094 2158 1.

965 2179 998 2213 5.
1029 2179 1147 2212 Incidit
1165 2180 1197 2211 in
1214 2180 1377 2225 flammas.
1402 2179 1470 2213 Per
1497 2182 1587 2214 anti-

908 2233 1036 2266 thesim
1068 2232 1216 2278 opponit
1246 2233 1461 2266 thermarum
1491 2235 1588 2280 aquis

908 2285 1064 2320 flammas
1083 2284 1212 2318 amoris
1236 2285 1427 2319 inhonesti.

963 2342 997 2373 6.
1006 2339 1220 2373 Pulmannus
1229 2338 1328 2384 legit,
1343 2339 1411 2371 abit
1423 2340 1584 2386 Thymele,

908 2391 1132 2438 improbante
1157 2392 1424 2427 Musamhertio.
1447 2413 1498 2418 —
1523 2395 1588 2427 Pe-

909 2445 1015 2490 nelope
1033 2447 1130 2477 venit.
1151 2443 1194 2477 Id
1213 2453 1281 2483 est,
1306 2454 1396 2479 casta
1410 2459 1417 2479 :
1432 2446 1500 2479 abit
1516 2448 1587 2480 He-

910 2499 997 2538 lene,
1029 2498 1098 2531 hoc
1134 2506 1185 2532 est
1204 2524 1213 2538 ‚
1249 2497 1421 2533 adultera.
1452 2500 1586 2533 Harum

908 2551 1053 2584 historia
1072 2551 1151 2584 satis
1169 2560 1251 2584 nota
1275 2561 1334 2586 est.
1359 2553 1441 2586 Aba
1465 2554 1586 2587 ultima

910 2605 1041 2649 syllaba
1058 2604 1268 2650 producitur
1288 2615 1435 2651 propter
1451 2615 1589 2640 contra-

910 2657 1061 2691 ctionem
1081 2671 1148 2703 pro
1167 2658 1255 2691 abiit.
