2061 3288
453 235 1043 279 EPIGRAMMATUM
1082 236 1207 279 Llss.
1250 238 1334 280 lV.
1505 239 1597 295 451

332 325 452 367 Dum
483 321 749 379 fabulamur,
772 322 959 366 millibus
982 322 1133 366 decem
1160 323 1267 368 dixti

323 396 505 455 Emptas
532 393 728 438 lacernas
755 411 913 438 munus
937 410 1030 438 esse
1050 394 1297 456 Pompillae3

329 465 612 526 Sardonycha
640 482 818 521 verum,
847 464 1055 525 lineisque
1082 475 1149 509 tei·
1178 467 1391 525 cinctum,

187 618 292 656 atque
308 610 467 644 recitatio
484 618 760 656 exspectaretur,
773 611 869 643 locus

187 671 260 696 erat
277 664 621 697 confabulationibus
643 664 868 709 opportunis-

187 717 304 750 simus.
315 716 548 762 Sequentibus
562 717 781 762 temporibus
797 729 868 750 vox

184 770 292 802 schola
325 778 462 815 sumpta
495 778 546 803 est
573 782 640 815 pro
669 770 764 802 omni
791 770 864 803 col-

187 822 288 868 legiO.
310 823 419 856 Erant
448 822 574 857 scholae
595 823 866 869 jurisconsulto·

184 888 266 909 rum
283 901 291 916 ,
314 875 351 909 id
371 884 440 918 est,
457 876 601 921 collegia
617 889 627 917 ;
644 876 741 909 unde
761 875 866 910 advo-

185 928 255 962 cati
280 940 403 962 eorum
431 929 656 974 collegiorum
685 930 865 963 scholasti-

185 982 216 1014 ci
236 983 453 1016 vocabantur
481 994 489 1015 :
515 995 585 1028 quo
613 983 757 1016 nomine
791 984 863 1029 pri-

187 1047 285 1067 mum
308 1035 503 1080 nuncupati
522 1043 603 1069 sunt
624 1036 805 1079 rhetores,
825 1045 864 1070 ut

184 1088 221 1120 in
237 1086 376 1134 dialogo
392 1087 435 1121 de
455 1089 653 1122 oratoribus
671 1090 792 1123 scribit
809 1090 863 1123 vel

184 1141 326 1174 Tacitus
341 1167 351 1182 ,
370 1142 424 1174 vel
444 1141 685 1182 Quintilianus
703 1151 737 1175 et
758 1143 862 1176 etiam

183 1193 432 1228 declamatores
444 1195 560 1228 litium
569 1195 742 1229 fictarum.
757 1195 863 1230 Unde

185 1248 389 1281 translatum
417 1260 547 1281 nomen
568 1247 612 1282 ad
633 1261 797 1282 verarum
819 1250 862 1282 li-

186 1301 275 1333 tium
303 1310 448 1335 actores.
479 1300 569 1334 Plin.
593 1302 694 1346 epist.
723 1302 784 1335 lib.
803 1303 862 1344 II,

187 1354 222 1395 3,
238 1354 257 1387 5
275 1365 282 1386 :
305 1372 318 1383 κ
331 1353 458 1387 Adhuc
477 1355 702 1388 scholasticus
723 1364 861 1388 tanturn

184 1415 254 1440 est:
268 1420 337 1453 quo
352 1419 480 1452 genere
494 1407 682 1440 hominum
698 1408 788 1441 nihil
804 1417 863 1442 aut

184 1460 352 1494 sincerius
371 1469 430 1493 aut
446 1460 582 1494 melius.
598 1461 671 1494 Nos
690 1462 783 1494 enim
801 1462 862 1507 qui

184 1513 221 1546 in
251 1513 329 1546 foro
355 1513 517 1558 verisque
543 1513 664 1547 litibus
693 1515 861 1556 terimur,

183 1567 335 1599 multum
347 1566 488 1600 malitiae
499 1592 508 1607 ‚
520 1567 678 1612 quamvis
691 1568 860 1609 nolimus,

185 1618 408 1653 addiscimus.
426 1619 551 1652 Schola
571 1629 605 1653 et
625 1619 840 1653 auditorium
853 1646 862 1662 ,

185 1681 226 1706 ut
261 1672 342 1705 ficta
383 1684 483 1705 causa
501 1699 510 1713 ‚
545 1673 592 1705 ita
625 1686 680 1706 res
718 1673 863 1707 inermis

185 1725 326 1758 innoxia
347 1734 408 1758 est.
429 1742 442 1754 n
474 1725 549 1758 Hac
568 1727 770 1771 acceptione
796 1727 863 1759 uti-

185 1787 244 1811 tur
273 1790 315 1811 eo
350 1779 496 1811 nomine
527 1779 778 1812 Constantinus
799 1780 862 1812 im-

184 1839 328 1877 perator
358 1831 393 1864 iu
429 1832 468 1863 L.
490 1832 617 1864 Proeter
638 1833 786 1865 solemnes
802 1859 810 1871 ‚
840 1846 857 1866 2

186 1884 277 1918 Cod.
301 1883 345 1917 de
372 1885 478 1918 Lucr.
504 1883 662 1918 advocat.
687 1886 748 1918 Iib.
766 1886 860 1917 XII:

191 1953 205 1967 κ
237 1938 368 1970 Praeter
404 1937 579 1971 solemnes
607 1947 641 1972 et
676 1939 861 1972 canonicas

185 1991 455 2035 pensitationes,
477 1991 586 2024 multa
613 2005 631 2025 a
658 1992 860 2037 provincia-

186 2043 282 2077 libus
314 2043 553 2089 indignissima
574 2046 797 2090 postulantur
817 2045 860 2077 ab

185 2097 393 2130 officialibus
409 2105 443 2130 et
457 2098 684 2131 scholasticis.
706 2115 718 2127 ιι
744 2099 791 2131 Et
806 2098 862 2131 Iex

186 2149 224 2182 in
245 2149 333 2183 Cod.
351 2149 602 2184 Theodosiano
619 2163 627 2184 .-
653 2169 666 2181 «
686 2151 765 2184 Non
779 2152 864 2185 latet

187 2202 409 2236 scholasticos
419 2229 428 2243 ,
446 2204 536 2237 ultra
550 2203 699 2237 modum
714 2205 863 2250 acceptis

187 2254 385 2289 honorariis
400 2282 409 2296 ,
426 2256 463 2289 in
485 2256 725 2290 defensionem
747 2270 862 2291 causa-

187 2319 267 2340 rum
291 2321 446 2341 annonas
470 2318 504 2342 et
528 2319 687 2356 sumptus
708 2311 864 2356 accipere

188 2373 372 2394 consuesse
388 2379 401 2391 u
422 2373 430 2394 :
451 2370 486 2394 et
517 2363 591 2396 aliis
615 2363 735 2396 multis
755 2363 791 2396 in
812 2364 865 2396 lo-

189 2414 247 2447 cis.
264 2414 357 2447 Hinc
373 2414 518 2448 celebris
536 2416 687 2461 scriptor
704 2416 866 2461 Agathias

188 2466 377 2500 historicus
390 2494 398 2509 ‚
419 2475 453 2500 et
474 2477 577 2513 poeta
598 2481 746 2513 graecus,
768 2469 866 2502 scho-

187 2519 328 2553 lasticus
353 2521 571 2565 appellatur,
594 2522 655 2566 qui
678 2521 866 2555 advocatus

189 2581 282 2614 erat,
308 2581 348 2606 ut
375 2573 448 2618 ipse
468 2582 613 2607 testatur
632 2574 694 2608 lib.
710 2575 765 2607 III
787 2575 865 2609 init.

191 2633 226 2657 et
237 2626 338 2671 epist.
353 2625 396 2659 ad
407 2625 643 2660 Silentiarum.
659 2628 782 2661 Ramz'r.
798 2629 864 2662 En.

246 2682 280 2718 4.
311 2678 456 2712 Millz'bus
485 2680 587 2713 decem
604 2707 612 2720 ‚
641 2689 707 2714 etc.
741 2681 868 2715 Dixisti

927 611 1079 643 lacernas
1090 618 1177 651 tuas,
1192 624 1267 657 quic
1280 623 1404 658 emptae
1420 625 1531 649 essent
1548 616 1605 650 de-

926 675 1002 696 cem
1018 664 1182 696 sestertiis
1198 666 1387 710 majoribus
1399 693 1409 708 ,
1423 667 1460 701 id
1479 678 1529 702 est
1547 669 1606 704 de-

925 728 1001 749 cem
1034 717 1191 750 millibus
1223 719 1403 753 minorum
1429 725 1605 757 sestertio-

922 782 1005 802 rum
1016 795 1026 812 ,
1038 770 1103 803 tibi
1116 783 1187 804 esse
1204 774 1343 806 muneri
1357 772 1453 808 datas
1467 788 1484 808 a
1501 776 1606 810 Pon.-

921 823 1005 868 pilla
1024 822 1186 869 quadam.

978 877 1011 910 5.
1026 878 1161 922 Emptas
1177 877 1329 912 lacernas.
1344 880 1498 915 Lacerna
1514 890 1603 929 togoe

922 929 1249 974 superinduebatur
1268 931 1311 964 ad
1328 933 1522 968 arcendum
1538 937 1601 970 fri-

921 995 1007 1027 gus,
1042 984 1161 1030 inquit
1193 985 1358 1031 Bayfiu53
1386 986 1467 1020 vide
1498 990 1602 1023 etiam

921 1035 1006 1081 quid
1022 1035 1066 1069 de
1092 1038 1240 1071 lacernis
1262 1037 1471 1082 dixerimus,
1491 1043 1602 1088 epigr.

920 1101 950 1121 11
969 1089 1073 1135 hujus
1095 1091 1194 1131 libri,
1214 1098 1249 1124 et
1272 1092 1390 1125 multis
1405 1093 1481 1127 aliis
1500 1095 1598 1130 locis.

919 1142 987 1176 En.
1003 1163 1057 1169 ——·
1072 1144 1252 1189 Pompilloe.
1267 1144 1413 1179 Clientae
1427 1147 1600 1191 Mancini;

919 1196 975 1228 vel
994 1195 1109 1229 viduae
1127 1196 1258 1231 divitis.

974 1251 1006 1281 6.
1034 1249 1238 1295 Sardonycas
1263 1263 1341 1283 auro
1368 1252 1532 1300 linteisque
1555 1264 1602 1288 ter

919 1303 1053 1334 cinctum
1084 1303 1121 1336 in
1149 1302 1230 1337 Ald.
1259 1305 1358 1337 Juut.
1393 1305 1508 1341 Colin.
1533 1318 1598 1344 etc.

918 1355 1145 1401 Sardonychas
1164 1370 1242 1389 auro
1267 1357 1430 1404 linteisque
1454 1368 1501 1392 ter
1525 1364 1600 1394 vln-

919 1415 985 1440 ctos
1003 1409 1038 1441 in
1057 1409 1143 1442 aliis.
1165 1410 1382 1455 Sardoa—relus
1402 1416 1487 1445 veris
1515 1415 1599 1449 citat

919 1460 1158 1503 Pulmannus,
1187 1472 1221 1497 et
1247 1463 1456 1509 Sardonycha
1488 1480 1599 1501 veram

918 1513 986 1558 legi
1002 1514 1119 1559 jussit.
1140 1515 1261 1549 Codex
1277 1517 1455 1551 Palatinus
1468 1519 1596 1554 habet:

918 1567 1158 1614 Lyclzenite'sque
1171 1578 1308 1614 ceritum
1319 1584 1333 1610 ;
1346 1570 1441 1604 unde
1453 1573 1599 1619 Rutger-

919 1620 988 1653 sius
1001 1623 1093 1666 conj.
1106 1622 1251 1667 Lycltnin
1266 1631 1359 1669 atque
1371 1627 1480 1658 εενὶῑίιι
1490 1653 1499 1666 ,
1519 1640 1597 1672 quae

918 1674 1062 1706 nomina
1089 1687 1332 1719 genunarum3
1363 1678 1598 1725 (sclznldemque

919 1734 949 1757 et
964 1729 1086 1759 cer-item
1107 1736 1223 1761 tamen
1243 1741 1282 1761 ex
1304 1729 1410 1763 Palat.
1431 1732 1513 1765 citat
1529 1735 1595 1767 Be-

918 1779 1116 1813 verlandus.
1150 1802 1202 1807 —
1233 1782 1440 1829 Sardonycha
1473 1798 1594 1821 verum.

920 1831 977 1865 Sic
1003 1833 1064 1866 lib.
1093 1834 1166 1875 IX,
1197 1835 1306 1879 epigr.
1337 1849 1400 1877 Lx,
1432 1851 1482 1871 vs.
1522 1851 1592 1883 19:

923 1903 936 1914 κ
960 1885 1204 1933 Sardonychas
1220 1900 1320 1921 veros
1335 1902 1452 1923 mensa
1473 1894 1596 1937 quaesi-

917 1938 968 1972 vit
989 1940 1025 1971 in
1045 1940 1143 1972 omni
1160 1957 1173 1969 ›-
1190 1965 1199 1980 ‚
1215 1939 1252 1972 id
1271 1949 1340 1983 est,
1364 1955 1436 1976 non
1459 1944 1595 1979 adulte-

917 1991 1024 2025 rinos.
1051 1993 1140 2026 Sunt
1159 1993 1252 2026 enim
1271 2003 1304 2027 et
1326 1995 1421 2038 falsi;
1445 1999 1505 2042 qui
1526 1998 1596 2032 dif-

920 2044 1012 2078 ficile
1031 2058 1048 2078 a
1067 2047 1158 2079 veris
1176 2045 1438 2082 discernuntur.
1462 2050 1598 2086 Plinius

921 2098 1116 2138 XXXVII,
1134 2112 1208 2145 cap.
1231 2112 1270 2133 12
1290 2113 1298 2132 :
1320 2119 1333 2131 «
1353 2101 1599 2149 Sardonyches

921 2163 940 2184 e
966 2152 1150 2185 Cerauniis
1179 2153 1403 2198 glutinantur
1432 2159 1598 2201 gemmis,

921 2204 970 2237 ita
988 2213 1027 2238 ut
1046 2218 1100 2239 ars
1125 2205 1343 2251 deprehendi
1367 2221 1439 2242 non
1466 2212 1597 2255 possit,

921 2257 1064 2291 aliunde
1091 2259 1193 2304 nigro
1213 2284 1222 2302 ,
1249 2259 1392 2293 aliunde
1423 2263 1574 2298 candido
1593 2291 1602 2307 ,

925 2310 1066 2343 aliunde
1101 2311 1213 2344 minio
1246 2314 1394 2359 sumptis
1410 2330 1438 2348 ιι.
1459 2338 1512 2343 —
1539 2318 1602 2351 Est

925 2363 1101 2410 sardonyx
1118 2390 1127 2406 ,
1149 2365 1296 2397 sat-doine
1310 2393 1319 2405 ,
1353 2378 1486 2411 gemma
1517 2371 1602 2403 sub-

925 2417 1031 2450 rubra
1051 2425 1085 2450 et
1106 2417 1318 2451 subcandida
1334 2444 1344 2460 ‚
1368 2420 1523 2455 colorem
1539 2423 1602 2457 ha-

924 2470 1010 2502 bens
1036 2469 1152 2503 Sardii
1176 2471 1287 2515 lapilli
1306 2472 1369 2517 qui
1394 2474 1546 2517 rubens;
1569 2486 1602 2510 ct

926 2523 1094 2568 onychis,
1121 2524 1183 2568 qui
1204 2524 1277 2556 fere
1296 2525 1395 2559 albus
1419 2535 1480 2560 est.
1509 2529 1604 2562 Vide

925 2575 987 2608 lib.
1007 2577 1063 2617 II,
1078 2576 1188 2622 epigr.
1203 2589 1305 2619 xxu',
1327 2591 1374 2612 vs.
1399 2592 1415 2612 2
1432 2591 1441 2621 ;
1457 2580 1517 2614 lib.
1538 2583 1603 2622 IV,

928 2629 1037 2673 epigr.
1073 2642 1188 2662 xxvm
1204 2656 1213 2671 ‚
1234 2643 1284 2663 vs·
1306 2635 1348 2671 ’4.
1370 2647 1423 2653 —
1440 2633 1606 2680 Linez'sqae

930 2689 976 2714 ter·
994 2683 1141 2714 cinctum.
1159 2683 1294 2717 Plinius
1308 2709 1317 2724 ,
1336 2684 1416 2717 loco
1434 2698 1538 2730 supra
1560 2688 1606 2718 ci-

1390 2754 1403 2769 2

1311 2771 1372 2815 τες)
