2061 3288
173 250 231 262 m
238 251 291 262 ”a
298 242 1147 261 =mmmmmmwmmmmmmm
1154 240 1398 253 mmmm
1406 239 1580 252 mmm

281 461 396 537 M.
452 458 713 535 VAL.
793 450 1474 533 MARTIALIS

615 664 718 774 V
756 664 812 772 I
848 661 1108 797 TA,

234 898 300 930 Ex
329 896 451 930 IPSO
480 894 765 929 MARTIALE
796 891 1139 927 POTISSIMUM
1169 892 1523 930 DEPROMPTA,

710 1038 1043 1082 AUCTORE

497 1187 815 1244 MATTH.
863 1185 1254 1243 RADERO.

178 1466 283 1542 M.
306 1496 424 1539 VAL.
447 1495 743 1548 MARTIAms,
771 1500 895 1552 patre
921 1492 1166 1547 Frontone,
1192 1501 1331 1536 matre
1358 1492 1584 1551 Flaccilla,

175 1565 316 1610 Bilbili
342 1566 388 1609 in
416 1563 672 1619 Celtiberia,
700 1561 870 1607 Claudii
901 1563 1062 1622 Imper.
1095 1577 1211 1606 anno
1241 1573 1583 1627 praeterpropter

175 1637 336 1697 primo,
358 1636 521 1681 Christi
539 1650 680 1690 xmu,
697 1649 961 1694 quamquam
983 1632 1068 1676 hoc
1092 1649 1145 1676 ex
1165 1634 1416 1694 conjectura
1440 1638 1579 1698 magis

175 1723 305 1768 quain
327 1701 549 1760 ἀποδείξει,
570 1714 718 1759 natus,
735 1703 1094 1766 Calagurritanus
1113 1703 1195 1748 fuit
1214 1703 1435 1762 alumnus,
1453 1724 1582 1768 quam

176 1778 387 1822 obscurus
418 1777 632 1837 majorum
668 1774 906 1831 natalibus,
940 1784 1029 1818 tam
1058 1773 1200 1819 clarus
1231 1776 1393 1837 ingenii
1425 1795 1583 1822 monu-

177 1849 343 1893 mentis.
369 1850 438 1893 De
459 1846 706 1891 nominibus
730 1847 873 1890 Poetae
896 1854 1068 1889 constat
1089 1861 1141 1889 ex
1162 1848 1358 1890 omnium
1382 1848 1581 1894 codicum

178 1919 284 1973 fide,
312 1919 387 1980 qui
415 1920 477 1962 M.
500 1916 725 1963 Valerium
753 1915 1000 1960 Martialem
1031 1916 1270 1976 praeferunt
1295 1934 1304 1961 :
1332 1935 1452 1978 quae,
1477 1937 1583 1963 num

177 1990 267 2050 ipse
296 1989 376 2034 sibi
405 1989 662 2045 adsciverit,
684 2003 740 2031 an
771 2003 796 2031 a
824 1987 1075 2048 parentibus
1101 1988 1340 2049 acceperit,
1363 1990 1407 2032 in
1439 1990 1584 2033 medio

178 2059 401 2121 relinquo;
436 2075 699 2120 quamquain
735 2059 876 2102 Marci
910 2067 953 2102 et
980 2056 1145 2102 Valerii
1172 2060 1371 2103 Romana
1406 2062 1582 2104 nomina

178 2132 328 2174 Romae
357 2131 547 2191 primum
576 2138 799 2190 assumpta
823 2128 985 2190 judico.
1014 2128 1167 2173 Civem
1194 2130 1311 2173 enim
1334 2132 1583 2175 Romanum

179 2200 308 2244 fuisse
329 2199 471 2244 nullus
498 2201 668 2254 dubito,
686 2216 822 2261 quum
848 2198 940 2244 aliis
965 2200 1056 2261 ipse
1083 2200 1302 2244 civitatem
1325 2202 1589 2263 impetrarit,

179 2280 226 2315 ut
248 2270 319 2315 lib.
341 2273 410 2315 III
425 2306 436 2326 ‚
456 2272 593 2332 epigr„
618 2270 680 2332 95
697 2306 708 2327 ‚
731 2269 940 2331 gloriatur
966 2271 1010 2313 in
1036 2269 1265 2314 Naevolum
1292 2289 1303 2324 3

363 2385 468 2428 Quot
485 2380 579 2417 mihi
599 2382 770 2417 Caesareo
791 2380 878 2416 facti
897 2388 984 2416 sunt
1007 2392 1164 2416 munere
1188 2381 1306 2427 cives,

414 2444 495 2479 Nec
516 2441 676 2478 famulos
697 2440 854 2477 totidem
877 2440 1050 2490 suspicor
1071 2454 1151 2477 esse
1172 2440 1241 2478 tihi
1259 2456 1267 2477 :

182 2565 261 2594 nec
285 2547 446 2593 factum
461 2585 472 2605 ‚
495 2549 570 2593 sed
592 2559 744 2592 natum
767 2566 779 2604 ς
804 2547 963 2610 alioqui
985 2558 1219 2610 patronum
1250 2566 1375 2594 suum
1399 2555 1589 2598 carmine

182 2618 407 2664 laudasset.
444 2619 596 2664 Facilis
627 2636 733 2663 vero
769 2629 861 2663 erat
889 2629 982 2663 tum
1014 2619 1155 2664 aditus
1196 2620 1250 2664 ad
1283 2621 1355 2681 jus
1385 2622 1591 2681 civitatis,
