2061 3288
420 267 481 295 20

794 247 855 290 M.
878 246 1018 291 VAL.
1057 243 1449 288 MARTIALIS

557 338 615 380 Et
633 336 708 397 qui
730 351 820 379 non
842 333 1001 378 tulerat
1023 332 1230 389 verbera,
1251 330 1336 376 tela
1358 330 1468 374 tulit.

490 409 614 466 Quos
636 407 762 451 decet
783 421 875 450 esse
896 404 1124 448 hominum
1149 402 1225 447 tali
1247 402 1326 446 sub
1348 400 1546 463 principe
1566 417 1709 445 mores
1723 437 1734 458 ‚
1809 420 1823 445 ς

556 478 646 536 Qui
666 477 792 538 jubet
814 475 1037 537 ingenium
1060 474 1208 518 mitius
1229 489 1322 517 esse
1343 471 1474 516 feris?

556 605 610 646 X'
641 605 728 653 ὅςις
759 601 834 652 τὰς
863 598 1022 662 πληγὰς
1053 601 1096 642 οὐ
1126 601 1237 659 φέρε,
1267 602 1390 646 τλῆσε
1416 594 1527 645 ἕέλη.

487 675 634 724 Ποίους
664 670 760 716 εἶναι
785 672 879 715 ἔοικ’
911 670 976 714 ἐπὶ
1003 663 1159 714 τοιοῦδ’
1185 662 1335 729 ἄνδρας
1364 666 1535 718 ἄνακτος

557 748 642 788 Τοῦ
672 742 962 792 ἐπιτάσσοντος
987 740 1119 800 θηρσὶν
1147 740 1397 793 ἀθωοσύν“ην;

472 884 506 920 4.
532 877 604 912 Νοη
622 876 745 909 tulerat.
760 873 841 907 Non
855 872 1028 919 patienter
1044 879 1095 905 to-

416 934 596 967 leraverat.
613 951 664 957 —-
686 928 764 961 Tela
787 927 870 960 tulit.
889 925 1092 965 Venabula,

413 986 526 1033 jacula
556 980 835 1018 conficientium,
863 979 953 1012 forte
972 978 1093 1011 Domi-

416 1039 500 1073 tiani
521 1037 581 1083 qui
600 1035 731 1069 solebat
753 1045 824 1066 sese
844 1031 1095 1077 gladiatoribus

415 1093 451 1125 in
497 1101 600 1123 arena
648 1086 884 1133 pugnantibus
933 1084 1095 1117 commit-

418 1154 504 1179 tere.
527 1144 595 1176 En.

472 1199 506 1231 6.
534 1197 601 1241 Qui
612 1194 702 1239 jubet
721 1193 888 1237 ingenium.
916 1190 993 1223 Hoc
1024 1197 1094 1231 est,

1153 870 1215 916 qui
1241 870 1318 904 vult
1339 869 1428 903 feras
1460 869 1588 903 habere
1616 881 1732 903 mores
1761 869 1828 903 liu-

1154 936 1275 957 manos
1291 935 1299 957 ε
1316 923 1363 956 sic
1378 935 1396 955 a
1409 923 1590 956 clementia
1607 922 1830 957 commendat

1154 977 1408 1009 Domitianum.
1437 997 1489 1003 --
1514 976 1628 1009 Mitius
1649 989 1713 1008 esse
1732 977 1827 1019 feris.

1154 1029 1424 1062 Hemistichium
1438 1042 1477 1062 ex
1487 1028 1663 1062 Ovidiano
1674 1029 1751 1071 illo,
1762 1029 1830 1062 for-

1155 1091 1188 1115 te
1216 1081 1464 1128 desumptum,
1486 1082 1546 1115 lib.
1578 1083 1615 1123 I,
1648 1082 1734 1127 eleg.
1770 1094 1829 1116 10.

1155 1137 1235 1169 Am.
1258 1153 1270 1165 ι
1293 1136 1413 1181 Turpe
1430 1135 1495 1169 erit
1513 1135 1692 1180 ingenium
1710 1134 1829 1169 mitius

1155 1201 1227 1222 esse
1245 1189 1336 1222 feris.
1357 1206 1370 1218 n

1066 1317 1176 1373 XI.

976 1461 1041 1488 DE
1080 1438 1267 1488 unsa*

416 1571 568 1605 Novum
590 1561 801 1601 venationis
823 1572 940 1610 genus
962 1558 1166 1608 praedicat,
1186 1570 1316 1594 ursum
1339 1557 1481 1594 scilicet
1501 1557 1604 1594 visco
1627 1557 1719 1608 (quo
1740 1557 1830 1595 alias

826 1633 913 1657 aves
932 1619 1150 1669 capiuntur)
1171 1619 1410 1669 implicitum,

487 1756 707 1798 PRAECEPS
729 1748 965 1809 sanguinea
987 1746 1092 1790 dum
1117 1763 1162 1791 se
1188 1756 1302 1791 rotat
1326 1762 1452 1790 ursus
1474 1761 1627 1801 arena,

489 1872 639 1928 Μέσφα
662 1860 907 1910 κυλινδεῖται
933 1863 1069 1923 τρόχις
1099 1861 1244 1924 ἄρκτος
1268 1864 1323 1906 ἐνὶ
1345 1857 1543 1917 ςαδίοισι,

475 1989 490 2002 *
517 1993 559 2024 In
574 1991 642 2023 hoc
671 1988 938 2033 epigrammate,
957 1993 992 2017 et
1023 1984 1098 2018 aliis

421 2058 498 2093 quae
527 2041 731 2090 praecedunt
753 2048 787 2073 et
808 2039 1070 2083 subsequuntur
1088 2063 1097 2078 ,

421 2111 556 2145 semper
569 2097 638 2130 hoc
655 2090 1007 2127 animadvertendum
1028 2098 1097 2132 est,

422 2153 552 2187 scilicet
562 2147 758 2183 Martialem
775 2146 834 2178 illa
851 2142 1096 2189 componendo

423 2202 626 2251 imperatori
642 2198 795 2234 blandiri
806 2198 956 2230 voluisse
970 2208 979 2238 ;
996 2197 1096 2241 cujus

421 2255 690 2295 munificentiae,
721 2249 896 2298 quidquid
922 2249 1096 2295 magnifici

423 2313 461 2345 in
490 2311 557 2344 illis
585 2305 811 2354 spectaculis,
847 2304 945 2348 cujus
980 2310 1097 2335 autem

423 2363 578 2402 numini,
603 2356 777 2406 quidquid
806 2357 843 2390 in
870 2356 912 2389 iis
939 2354 1097 2396 insoliti,

422 2415 646 2451 attribuebat.
676 2413 744 2445 En.
782 2431 835 2437 —
872 2409 1015 2442 Lemma
1061 2407 1098 2440 in

423 2469 502 2505 cod.
522 2468 663 2501 Thuan.
681 2465 727 2498 ita
749 2475 785 2497 se
801 2463 931 2496 habet:
955 2462 1008 2494 De
1028 2474 1100 2493 urso

421 2526 556 2556 viscata.
592 2518 771 2552 Marcilius
786 2541 796 2557 .,
829 2514 1101 2560 inscriptionem

424 2578 475 2609 De
490 2575 570 2609 Urso
587 2584 660 2605 non
679 2570 760 2603 satis
774 2580 970 2614 expressam
989 2566 1101 2600 existi-

424 2640 522 2662 mans
540 2651 550 2669 ‚
584 2625 666 2669 legit
687 2635 695 2656 :
720 2623 772 2654 De
792 2634 882 2661 ursO,
913 2623 968 2666 qui
991 2627 1100 2665 captus

423 2684 510 2715 ‘visco
519 2694 532 2720 ,·
546 2677 664 2712 multis
678 2675 807 2710 etenim
824 2672 940 2707 modis
957 2672 1002 2707 de
1016 2685 1099 2706 urso

1159 1984 1360 2030 epigramm.
1375 1993 1476 2030 capto
1487 1983 1659 2017 conscribi
1675 1993 1830 2030 possunt.

1216 2049 1246 2070 Ι.
1266 2038 1414 2082 Praeceps
1428 2040 1622 2081 sanguinea,
1642 2045 1700 2071 etc.
1721 2038 1833 2071 Ursus

1158 2089 1279 2135 capiti,
1297 2089 1395 2135 quod
1410 2089 1509 2123 dedit
1526 2090 1578 2123 illi
1596 2098 1719 2124 natura
1739 2090 1834 2124 inva-

1157 2141 1365 2176 lidissimum
1377 2169 1385 2184 ‚
1404 2143 1580 2188 praetentis
1601 2143 1833 2178 anterioribus

1156 2195 1304 2241 pedibus
1329 2195 1547 2242 demissoque
1566 2195 1608 2229 ad
1627 2204 1755 2230 terram
1775 2208 1832 2231 ca·

1156 2249 1229 2294 pite
1241 2275 1249 2290 ‚
1266 2262 1301 2282 se
1322 2249 1358 2281 in
1377 2249 1499 2282 orbern
1514 2249 1671 2283 volutare
1688 2250 1775 2283 solet
1787 2249 1832 2283 ad

1157 2301 1401 2335 declinandam
1437 2302 1618 2348 plagarum
1651 2303 1734 2336 vim.
1773 2302 1832 2336 Sic

1158 2367 1222 2387 nos
1236 2353 1340 2389 docet
1356 2355 1510 2396 Plinius,
1522 2355 1630 2397 VIII,
1644 2354 1689 2389 36
1711 2367 1719 2388 ε
1742 2372 1757 2385 u
1773 2355 1832 2388 In-

1160 2406 1412 2442 validissimum
1450 2420 1533 2441 urso
1565 2415 1668 2453 caput
1690 2434 1699 2450 ‚
1737 2406 1833 2453 quod

1160 2461 1253 2494 leoni
1283 2461 1529 2503 fortissimum;
1557 2459 1637 2493 ideo
1649 2485 1658 2501 ,
1685 2468 1832 2505 urgente

1160 2514 1196 2547 vi
1212 2514 1462 2560 praecipitaturi
1480 2525 1515 2547 se
1536 2525 1576 2546 ex
1591 2513 1705 2558 aliqua
1723 2525 1831 2558 rupe,

1160 2567 1322 2600 manibus
1357 2579 1398 2600 eo
1422 2574 1545 2611 operto
1567 2565 1768 2611 jaciuntur:
1794 2578 1832 2599 ac

1159 2632 1249 2666 saepe
1264 2620 1301 2653 in
1318 2632 1419 2653 arena
1433 2618 1581 2664 colapho
1593 2618 1741 2652 infracto
1758 2631 1833 2652 exa-

1159 2673 1349 2707 nimantur.
1367 2690 1380 2703 »
1401 2673 1467 2705 En.
1485 2693 1536 2698 -
1551 2671 1658 2705 Rotat.
1679 2669 1831 2715 Κυῧιστᾷ
