2061 3288
830 221 891 263 M.
914 220 1055 263 VAL.
1096 217 1482 263 MARTIALIS

1064 374 1238 431 XIV.

983 532 1048 561 DE
1086 509 1333 562 ‘scema‘

595 664 785 707 RoMAM
817 658 995 721 petebat
1025 658 1211 701 esuritor
1236 658 1447 708 Tuccius,

661 730 891 776 Profectus
915 746 967 773 ex
989 728 1211 789 Hispania.

593 802 802 848 Occurrit
825 799 885 844 illi
906 798 1203 861 sportularum
1230 797 1403 842 fabula:

665 876 702 917 A
730 881 864 933 ponte
892 870 1020 914 rediit
1042 869 1226 914 Mulvio.

504 1014 518 1029 ⁴²
529 1019 672 1052 Lemma
685 1025 736 1051 est
752 1018 788 1050 in
800 1015 880 1051 Ald.
895 1016 995 1049 Junt.
1013 1016 1129 1049 Colin.

452 1072 591 1118 Gryph.
608 1080 672 1105 etc.
691 1072 740 1103 De
759 1071 866 1103 Tatio.
878 1069 1052 1114 Langius,
1067 1070 1131 1101 Ra-

452 1125 613 1158 miresius
629 1151 638 1166 ‚
670 1123 820 1159 Junius‚
858 1131 892 1156 et
922 1122 1050 1167 Delph.
1081 1122 1133 1155 De

457 1179 567 1211 Tucio.
587 1176 775 1211 Pulmanni
790 1175 867 1209 MS.
885 1176 937 1208 De
955 1176 1080 1208 Tuscio.

511 1253 552 1257 —-—
563 1229 718 1273 Quidam
728 1230 882 1263 Tuccius
894 1232 1132 1274 sportularum

452 1283 585 1317 fiducia
596 1285 743 1317 Romam
751 1283 906 1328 petebat:
916 1282 1135 1315 existimabat

453 1338 547 1371 enim
565 1350 600 1370 se
616 1337 690 1370 solo
706 1336 946 1382 sportularum
956 1343 1133 1380 proventu

453 1403 554 1436 posse
587 1391 707 1423 Romae
742 1389 863 1422 vivere
899 1385 910 1426 (
929 1387 1012 1421 vide
1043 1388 1134 1420 infra

454 1443 564 1489 epigr.
577 1455 661 1483 xxx,
673 1451 706 1475 et
717 1442 779 1475 lib.
791 1443 825 1474 II
836 1467 844 1482 ,
858 1441 969 1486 epigr.
986 1434 1133 1483 LXVIII.)

454 1497 573 1538 Quum
603 1504 721 1528 autem
752 1495 788 1527 in
828 1491 969 1526 Mulvio
1000 1502 1108 1538 ponte
1129 1519 1137 1528 .

454 1561 560 1594 quam
591 1546 769 1581 fastidiose
800 1555 835 1580 et
866 1558 966 1580 avare
992 1546 1135 1579 clientes

454 1602 657 1647 exciperent
679 1600 821 1646 patroni
837 1626 845 1640 ‚
878 1607 912 1632 et
940 1611 1043 1644 quain
1071 1599 1138 1631 mi-

455 1655 540 1688 seris
554 1654 680 1687 officiis
696 1653 873 1699 sportula,
891 1665 957 1686 nec
976 1651 1138 1685 famelico

457 1707 634 1740 sufficiens
649 1733 658 1748 ‚
686 1706 944 1751 acquireretur,
974 1703 1116 1738 vidisset
1131 1730 1140 1746 ‚

459 1761 494 1793 in
515 1760 719 1805 Hispaniam
738 1758 854 1792 rediit.
869 1758 936 1792 En.

1247 1015 1280 1049 3.
1302 1013 1464 1048 Occurrit.
1483 1014 1526 1048 In
1545 1021 1654 1058 ponte
1666 1011 1815 1055 Mulvio,
1836 1013 1874 1047 in

1191 1067 1246 1101 via
1267 1068 1436 1101 Flaminia
1453 1067 1521 1100 sito
1533 1091 1542 1108 ‚
1557 1075 1590 1100 et
1607 1065 1757 1100 distante
1775 1067 1873 1099 mille

1192 1121 1353 1167 passibus
1369 1121 1411 1154 ab
1427 1120 1543 1161 Urbe,
1557 1120 1691 1166 accepit
1702 1120 1854 1153 Tuccius
1865 1146 1875 1161 ‚

1195 1186 1299 1220 quam
1325 1174 1440 1208 tenuis
1461 1173 1616 1219 sportula
1638 1172 1783 1207 daretur
1804 1174 1876 1206 Ro-

1197 1240 1280 1269 mae,
1303 1235 1408 1273 atque
1428 1227 1526 1260 illinc
1548 1239 1593 1259 ne
1617 1227 1747 1272 periret
1767 1226 1876 1267 fame,

1195 1281 1231 1314 in
1247 1281 1453 1326 Hispaniam
1467 1278 1587 1313 rediit.
1601 1279 1684 1313 Non
1700 1278 1744 1312 de
1759 1279 1874 1312 tenui-

1194 1343 1264 1368 tate
1283 1334 1474 1380 sportulae‚
1501 1331 1562 1366 sed
1584 1331 1628 1366 de
1659 1345 1755 1366 coena
1783 1341 1877 1365 recta

1196 1381 1326 1432 (supra
1357 1387 1468 1432 epigr.
1496 1383 1583 1425 vn)
1611 1397 1688 1430 quae
1716 1385 1874 1430 pecuniae

1196 1452 1336 1473 omnem
1351 1440 1468 1472 locum
1482 1438 1638 1477 tenebat,
1651 1438 1747 1471 hunc
1761 1438 1877 1471 locum

1197 1494 1278 1525 vult
1305 1492 1455 1537 intelligi
1479 1491 1704 1524 Ramiresius.
1729 1491 1795 1524 ΕΙ).
1824 1510 1877 1516 —-

1199 1546 1340 1579 Fabula.
1364 1545 1462 1590 Saepe
1483 1544 1655 1589 accipitur
1673 1556 1740 1589 pro
1759 1555 1878 1576 narra-

1198 1599 1297 1631 tione
1326 1597 1494 1638 ridicula3
1525 1609 1615 1642 saepe
1644 1609 1709 1642 pro
1739 1596 1878 1630 actione

1199 1651 1382 1692 theatrali;
1402 1650 1460 1683 hic
1485 1662 1551 1695 pro
1572 1662 1715 1682 rumore
1735 1649 1878 1695 publico

1201 1704 1374 1749 sportulas
1381 1703 1585 1749 joculariter
1597 1711 1630 1736 et
1641 1703 1765 1736 acerbe
1777 1701 1880 1736 simul

1203 1756 1396 1790 deridente.
1409 1756 1477 1789 En.

1103 1898 1240 1954 XV.

1011 2056 1078 2084 DE
1117 2055 1322 2084 CODRO.

530 2186 654 2229 Pms
679 2181 818 2227 credit
842 2197 998 2235 nemo,
1024 2196 1155 2240 quam
1178 2189 1269 2223 tota
1293 2178 1467 2224 Codrus
1492 2180 1537 2222 in
1560 2180 1681 2224 urbe.
1734 2196 1739 2197 ⁷

600 2256 752 2311 Quum
779 2254 832 2297 sit
853 2261 943 2295 tam
970 2267 1158 2312 pauper,
1183 2249 1434 2311 quomodo?
1456 2267 1596 2295 caccus
1621 2261 1750 2295 amat.

519 2404 546 2426 1.
578 2393 659 2425 Plus
688 2391 797 2424 credat
826 2388 1034 2424 Beverlandi
1068 2389 1142 2422 MS.

461 2445 608 2478 Iuntina
630 2453 749 2477 nostra
772 2444 809 2477 in
830 2443 988 2488 margine
1009 2442 1115 2475 habet
1134 2468 1143 2483 ‚

467 2499 529 2530 -In
548 2498 713 2530 omnibus
734 2497 835 2529 credit
847 2514 876 2529 n.
893 2497 976 2528 Ant.
999 2495 1037 2527 de
1053 2496 1144 2541 Rooy

463 2551 547 2596 legit
568 2563 575 2583 :
599 2550 679 2583 Plus
697 2550 798 2582 credit
816 2562 904 2581 nemo
923 2557 1008 2588 tota,
1024 2561 1116 2594 quam
1131 2574 1139 2587 ,

462 2612 527 2637 etc.
551 2624 602 2629 -—
626 2603 749 2636 Credit.
776 2601 886 2635 Ludit
911 2601 947 2634 in
971 2601 1142 2645 ambigui-

462 2665 531 2690 tate
550 2655 646 2689 verbi
678 2653 844 2689 «credere
860 2671 873 2685 n
889 2680 898 2695 ‚
919 2653 1016 2699 quod
1037 2653 1142 2698 signi-

1202 2389 1282 2422 ficat
1304 2388 1412 2422 fidem
1437 2387 1627 2431 adhihere,
1653 2397 1687 2422 et
1712 2388 1795 2422 dare
1819 2401 1880 2434 pe-

1203 2454 1323 2475 cunias
1343 2450 1481 2474 mutuo.

1239 2508 1255 2527 2
1264 2496 1316 2528 ‚In
1328 2494 1396 2527 edd
1405 2503 1498 2528 ,vett.
1508 2493 1660 2540 quomodo
1670 2507 1770 2526 ccecus
1777 2499 1883 2526 amat?

1202 2549 1244 2580 In
1263 2548 1450 2580 Puhnanni
1477 2545 1580 2580 codd.
1603 2546 1755 2592 quomodo
1783 2560 1883 2579 coecus

1202 2608 1291 2633 amat
1302 2627 1311 2639 ,
1333 2600 1407 2634 sine
1422 2599 1707 2644 interrogationis
1718 2607 1815 2632 nota.
1831 2620 1883 2626 —

1205 2653 1316 2686 Ccecus
1344 2661 1441 2686 amat.
1469 2652 1544 2685 Hoc
1577 2660 1647 2693 est,
1673 2664 1790 2685 amore
1819 2653 1882 2686 ob-
