2061 3288
464 212 564 269 450

841 214 902 256 M.
926 213 1070 256 VAL.
1111 212 1497 257 MARTIALIS

601 305 723 347 Inter
754 301 948 345 laudatas
980 300 1035 344 ad
1065 302 1197 362 Styga
1221 302 1378 346 missus
1403 317 1549 362 aquas.

529 373 663 419 Nullo
694 373 782 417 fata
807 371 904 416 loco
933 373 1072 432 possis
1101 371 1355 429 excludere3
1381 389 1516 433 quum
1545 389 1663 416 mors

602 445 805 500 Venerit,
827 444 871 486 in
896 442 1039 487 medio
1065 442 1228 487 Tibure
1261 443 1458 487 Sardinia
1490 453 1565 487 est.

461 586 575 620 Tibur
595 580 609 629 (
628 579 752 628 Tiooli)
766 584 861 617 velut
873 583 1140 616 saluberrimum

462 639 737 686 praedicabatur,
761 638 972 670 immeritam
998 635 1141 669 menda-

462 705 608 739 cemque
632 692 816 726 confirmet
843 702 915 723 esse
944 701 1037 722 mors
1068 690 1139 723 Cu-

461 746 567 780 riatii.
599 746 667 778 En.
695 765 748 772 —-
771 744 965 777 Tiburtinas.
988 742 1140 776 Ditiores

462 798 596 845 praedia
615 807 648 832 et
663 799 761 831 villas
776 797 868 831 circa
887 796 1013 837 Tibur,
1027 805 1086 829 aut
1104 797 1140 829 in

461 853 536 899 ipsa
552 852 638 885 urbe
657 852 848 892 habebant,
868 862 938 894 quo
961 857 1076 882 aestate
1093 862 1143 882 se-

461 905 648 947 cederent3
668 902 800 950 praedia
817 903 874 935 illa
897 903 1064 935 Tiburtina
1079 914 1141 948 ap-

460 959 697 1004 pellabantur,
711 954 1012 1003 quemadmodum
1024 956 1143 988 Tuscu-

461 1013 536 1044 lana
564 1024 641 1057 quae
662 1022 775 1056 prope
797 1009 991 1042 Tusculum
1015 1021 1023 1041 :
1044 1007 1141 1041 unde

466 1065 678 1098 Tusculanum
689 1090 698 1104 ‚
717 1063 800 1097 villa
818 1062 1007 1096 Ciceronis.
1023 1060 1118 1095 Vide
1132 1088 1141 1104 ,

461 1131 585 1164 supra,
600 1118 710 1164 epigr.
725 1129 801 1150 Lvu
815 1142 823 1157 ‚
842 1128 892 1149 vs.
912 1115 947 1158 3,
963 1116 1142 1155 4.-Ᾰαιι-

461 1172 553 1204 datas
575 1184 686 1215 aquas.
706 1171 842 1215 Aquam
860 1169 1045 1210 Martiam,
1068 1181 1145 1214 quae

462 1238 497 1259 se
515 1225 551 1258 in
564 1223 789 1257 Tiburtinam
806 1223 930 1268 aperit.
942 1222 1033 1255 Plin.
1053 1222 1143 1255 Hist.

460 1279 539 1312 Nat.
562 1278 623 1310 lib.
647 1277 737 1309 XIlI
755 1302 763 1317 ‚
786 1289 862 1322 cap.
887 1276 921 1310 3.
942 1275 1025 1308 Haec
1057 1287 1145 1320 aqua

460 1344 522 1376 per
555 1342 682 1364 novem
718 1329 826 1362 millia
858 1341 1023 1375 passuum
1043 1328 1142 1361 'olim

459 1385 606 1417 Romam
625 1382 776 1417 deducta
797 1391 858 1416 est.
880 1383 931 1415 De
954 1381 1029 1414 aliis
1043 1381 1141 1426 aquis

459 1438 528 1470 huc
546 1435 710 1470 deductis
730 1436 822 1471 sumi
844 1443 972 1480 potest.
993 1434 1112 1467 Rader.

516 1495 549 1530 4.
582 1490 643 1524 Ad
672 1490 786 1536 Sti-gu.
825 1489 920 1522 Fons
952 1496 1003 1521 est
1036 1488 1142 1520 Arca-

460 1542 542 1585 diae,
557 1545 655 1588 cujus
672 1555 758 1589 aqua
781 1541 1007 1586 frigidissima
1027 1540 1142 1574 omni-

1200 585 1268 617 bus
1289 584 1495 617 animalibus
1515 593 1569 617 est
1587 584 1744 618 exitiosa.
1766 585 1882 618 Poetae

1202 637 1403 670 fabulantur
1424 635 1590 683 paludem
1614 649 1686 671 esse
1711 637 1805 683 apud
1827 639 1881 671 iu-

1200 690 1304 723 feros.

1256 743 1288 776 5.
1313 743 1417 787 Quum
1442 755 1524 775 mors
1545 743 1694 783 Venerit,
1716 752 1780 777 etc.
1808 744 1882 777 Ubi

1200 796 1311 829 fatalis
1341 796 1428 829 hora
1450 796 1611 839 venerit,
1636 797 1882 830 saluberrimus

1199 850 1296 882 locus
1308 874 1317 889 ‚
1335 849 1446 894 qualis
1462 858 1512 882 est
1527 849 1642 882 Tibur
1655 876 1664 891 ,
1683 850 1789 883 vitam
1807 863 1880 883 non

1200 903 1308 947 magis
1321 910 1520 943 conservat,
1537 915 1642 948 quam
1653 902 1815 936 Sardinia
1832 903 1884 936 in-

1201 956 1274 989 sula
1292 981 1300 996 ‚
1322 956 1397 989 caeli
1416 956 1623 1001 intemperie
1655 964 1689 989 et
1715 957 1883 1002 gravitate

1200 1009 1482 1054 pestilentissima
1496 1034 1504 1049 ,
1526 1009 1572 1041 ob
1594 1009 1718 1042 salinas
1734 1036 1742 1050 ‚
1762 1022 1883 1055 graves

1201 1063 1364 1104 Austros,
1389 1062 1574 1107 solpugas‚
1595 1071 1773 1095 venenatae
1810 1062 1883 1096 for-

1204 1115 1300 1149 micae
1311 1127 1420 1160 genus
1433 1140 1442 1156 ‚
1452 1128 1514 1148 seu
1524 1115 1744 1149 batrachium
1755 1129 1763 1157 ;
1775 1114 1882 1148 hodie

1205 1169 1236 1201 la
1255 1168 1434 1213 Sar-degna.
1454 1168 1616 1209 Tacitus,
1632 1169 1694 1202 lib.
1716 1182 1733 1202 2
1763 1170 1883 1201 Anna-

1204 1222 1290 1255 lium
1303 1248 1311 1262 ,
1326 1221 1369 1254 ad
1386 1221 1492 1255 finem
1504 1247 1513 1263 ‚
1528 1230 1646 1255 narrat
1657 1222 1724 1255 sub
1739 1222 1884 1255 Tiberio

1206 1275 1550 1308 senatusconsultum
1583 1275 1690 1308 fuisse
1729 1275 1859 1308 factum
1875 1301 1884 1316 ,

1207 1345 1220 1357 α
1244 1337 1284 1362 ut
1321 1327 1529 1362 Judaeorum
1567 1337 1601 1362 et
1633 1329 1881 1373 *Egyptiorum

1201 1389 1355 1427 quatuor
1385 1381 1493 1414 millia
1521 1382 1557 1414 in
1585 1381 1735 1414 insulam
1764 1379 1882 1413 Sardi-

1201 1435 1297 1468 niam
1309 1435 1524 1467 veherentur
1535 1460 1544 1475 ,
1554 1434 1614 1479 qui
1626 1434 1653 1467 si
1669 1434 1882 1466 interiissent

1202 1488 1249 1520 ob
1272 1488 1478 1532 gravitatem
1498 1487 1595 1529 caeli,
1615 1487 1747 1520 facilem
1768 1487 1881 1531 jactu-

1202 1553 1275 1573 ram
1293 1565 1303 1582 ,
1325 1549 1359 1574 et
1387 1540 1455 1573 vile
1480 1538 1647 1573 damnum
1674 1540 1833 1572 futurum
1850 1557 1881 1572 n.

1086 1675 1253 1733 LXI.

940 1828 996 1855 IN
1045 1805 1412 1855 MANCINUMf

602 1957 823 2000 DONASSE
850 1952 1040 1996 amicum
1066 1951 1143 1995 tibi
1173 1951 1386 2006 ducenta,
1411 1951 1618 1995 Mancine
1634 1986 1645 2006 ,

603 2027 758 2086 Nuper
787 2022 977 2084 superbo
1000 2022 1121 2066 laetus
1148 2038 1223 2066 ore
1245 2022 1429 2082 jactasti.

607 2097 804 2153 Quartus
827 2094 916 2138 dies
942 2102 1007 2136 est
1026 2128 1037 2149 ,
1058 2094 1101 2135 in
1124 2091 1272 2136 schola
1293 2094 1529 2135 Poetarum

518 2227 532 2241 ³
552 2229 697 2264 Inducit
720 2228 928 2261 Mancinum
953 2224 1141 2272 quemdam

466 2285 544 2331 qui,
566 2296 639 2318 non
651 2282 751 2316 aliter
767 2293 873 2327 quam
889 2281 972 2313 Afer
989 2280 1047 2312 ille
1063 2280 1143 2312 assi-

466 2337 556 2371 duus
581 2348 722 2369 suarum
742 2335 964 2368 fortunarum
989 2340 1142 2366 ostenta-

467 2400 523 2424 tor
542 2383 556 2432 (
572 2402 674 2434 supra
685 2415 694 2431 ,
708 2388 818 2433 epigr.
846 2399 967 2420 xxxvn
982 2383 995 2425 )
1011 2411 1018 2424 ,
1039 2384 1141 2431 quid-

466 2441 551 2489 quid
573 2442 639 2474 sibi
658 2453 844 2474 munerum
857 2466 865 2476 ,
887 2438 1061 2485 quidquid
1076 2439 1142 2471 sibi

466 2494 710 2529 haereditatum
737 2494 935 2538 obtigisset,
958 2493 1004 2525 ita
1024 2504 1142 2525 narra-

467 2550 539 2590 bat,
557 2556 596 2580 ut
617 2548 840 2593 pauperiores
864 2547 991 2579 amicos
1023 2544 1142 2578 odiosa

468 2615 536 2635 suae
557 2614 637 2635 cum
663 2602 817 2646 ipsorum
835 2600 937 2633 sortis
965 2611 1141 2644 compara-

467 2657 561 2689 tione
581 2662 751 2687 enecaret.
769 2654 835 2685 En.

1258 2238 1289 2258 1.
1311 2226 1469 2270 Ducenta.
1487 2225 1599 2258 Millia
1617 2227 1825 2259 sestertium.

1257 2278 1291 2312 3.
1323 2279 1464 2322 Quartus
1490 2278 1555 2311 dies
1579 2287 1636 2311 est.
1661 2279 1797 2320 Quarto
1823 2277 1880 2311 die

1201 2340 1281 2364 ante
1317 2331 1525 2364 hodiernam
1558 2331 1652 2364 diem
1671 2357 1679 2372 ,
1718 2331 1806 2364 mihi
1842 2332 1880 2364 in

1201 2384 1338 2426 schola,
1361 2393 1426 2418 etc.
1449 2385 1514 2417 En.
1531 2405 1583 2410 —
1601 2385 1640 2417 In
1668 2385 1773 2417 schola
1796 2385 1878 2417 Poe-

1204 2445 1318 2471 tarum.
1342 2438 1456 2471 Locus
1477 2445 1549 2470 erat
1570 2437 1606 2470 in
1628 2450 1732 2482 quem
1755 2436 1799 2470 ad
1823 2450 1878 2470 re·

1201 2490 1383 2524 citandum
1402 2499 1513 2536 poetae
1530 2491 1798 2529 conveniebant,
1820 2498 1878 2523 aut

1202 2543 1246 2576 ad
1262 2543 1408 2589 legenda
1425 2553 1459 2576 et
1474 2542 1692 2577 emendanda
1711 2544 1874 2576 carmina.

1202 2596 1294 2630 Vide
1312 2598 1373 2631 lib.
1393 2598 1467 2638 III,
1484 2598 1592 2643 epigr.
1610 2609 1678 2638 xx,
1698 2609 1748 2628 vs.
1772 2598 1805 2630 8.
1824 2618 1875 2622 —

1202 2650 1279 2691 Ibi,
1308 2649 1391 2683 dum
1429 2650 1588 2683 homines
1620 2651 1871 2690 convenirent,
