2061 3288
465 187 564 245 [490
604 185 665 227 M.
682 185 813 228 VAL.
845 184 1172 229 MARTIALIS
1200 188 1537 232 EPIGRAMM.
1563 189 1671 232 LIB.
1699 190 1776 233 IV.

676 273 787 330 Quae
815 273 955 333 prima
985 290 1158 335 quoque
1188 276 1346 337 pagina
1377 286 1552 336 peracta
1579 287 1654 321 est.

672 344 768 387 Jam
789 341 927 388 lector
947 339 1252 407 queriturque,
1274 346 1529 407 deficitque;

675 415 701 457 J
702 429 773 457 am
803 413 1026 470 librarius,
1054 416 1137 460 ohe
1151 414 1159 460 ἶ

1193 426 1236 460 et
1266 417 1356 478 ipse
1386 416 1490 461 dicit
1509 434 1519 459 :

676 481 797 528 ohe!
822 485 912 545 jam
938 487 1039 530 satis
1061 496 1144 544 est,
1168 484 1275 531 ohe!
1299 485 1453 531 libelle.

464 635 500 656 es
534 622 844 668 epigrammatum3
867 625 936 669 jam
972 624 1138 670 peregisti

465 673 561 720 quod
575 687 674 720 agere
689 684 790 721 potes
807 676 921 722 prima
938 677 1082 722 pagina,
1102 681 1136 710 in

463 740 530 774 qua
549 727 694 773 legenda
715 741 801 762 mox
820 730 956 763 satietas
972 730 1138 764 lectorem

465 781 568 827 cepit.
591 782 745 815 Ramires.

519 837 552 868 6.
566 834 753 867 Pulmanni
771 834 981 881 cod.pagina
998 845 1136 870 notatur.

519 888 552 920 8.
573 888 646 919 Hoc
665 896 696 920 et
716 891 780 933 ipse
794 888 937 922 Omnes.
958 889 1032 922 Jam
1047 890 1141 922 libra-

465 942 543 973 rius!
559 941 627 981 ohe,
643 949 673 973 et
686 943 749 986 ipse
758 941 835 974 dicit
849 941 1036 987 legendum
1049 943 1140 977 forte

464 991 575 1027 credit
598 993 789 1035 Heraldus,
805 994 902 1041 quod
923 995 1137 1030 admisimus.

464 1067 515 1072 -—
535 1046 718 1087 Librarius,
741 1048 817 1088 ohe,
849 1055 913 1081 etc.
940 1049 1010 1091 Qui
1030 1049 1139 1082 libros

466 1099 680 1134 transcribit.
690 1100 782 1134 Hinc
792 1101 943 1147 scriptor
952 1102 1115 1136 librarius
1129 1115 1136 1135 :

465 1164 543 1185 nam
566 1165 697 1186 nomen
719 1162 769 1187 est
787 1155 933 1196 mobile,
954 1163 993 1188 ut
1015 1163 1141 1189 vocant

463 1206 691 1250 grammatici.
718 1207 881 1240 Attamen
912 1209 1034 1241 Horat.
1062 1209 1136 1241 Art.

463 1258 563 1292 Poet.
580 1258 672 1299 354:
687 1259 858 1306 ascriptor
869 1261 897 1294 si
913 1269 1033 1306 peccat
1045 1260 1139 1294 idem

462 1311 624 1345 librarius
647 1325 770 1359 usque.
789 1330 802 1343 n
826 1314 979 1347 Librarii
1006 1326 1138 1348 nomen

464 1376 530 1410 pro
551 1377 773 1412 quocumque
797 1367 966 1412 scriptore
992 1380 1139 1413 usurpa·

463 1426 547 1451 runt
562 1419 719 1464 Antiqui.
739 1418 871 1452 Eadem
887 1419 1138 1465 significatione

464 1482 503 1503 ac
522 1471 643 1515 gallice
660 1471 790 1516 grejfier
809 1481 987 1519 comparet
1010 1473 1044 1506 in
1065 1472 1088 1506 l.
1109 1474 1136 1507 si

464 1522 628 1557 librarius
641 1536 702 1568 92,
718 1526 753 1558 Il
773 1524 817 1558 de
831 1526 940 1572 regul.
954 1528 1027 1572 jur.
1039 1525 1081 1559 ln
1101 1539 1139 1559 re

465 1576 609 1609 militari
636 1577 771 1611 librarii
793 1577 980 1620 dicuntur,
1002 1579 1062 1624 qui
1082 1592 1136 1612 ra-

465 1628 577 1662 tiones
595 1630 813 1673 referebant,
840 1632 979 1677 Vegetii
998 1632 1059 1665 lib.
1082 1633 1135 1672 ΙΙ,

467 1693 542 1727 cap.
568 1695 601 1727 7.
616 1684 733 1717 Verba
750 1684 891 1718 Paterni
913 1684 994 1718 JCti
1011 1685 1046 1718 in
1065 1685 1133 1730 leg.

1199 623 1408 671 quibusdam
1431 624 1496 658 ult.
1524 623 1568 658 de
1593 625 1671 670 jure
1695 625 1872 659 immunit.

1203 695 1218 708 ι
1251 677 1402 711 Librarii
1439 689 1579 724 quoque
1595 702 1605 718 ‚
1645 678 1704 723 qui
1743 677 1871 712 docere

1197 731 1354 776 possint,
1379 739 1412 764 et
1430 731 1640 764 horreorum
1659 730 1816 772 librarii,
1840 739 1874 764 et

1197 784 1331 817 librarii
1366 783 1605 829 depositorum
1621 809 1630 824 ‚
1666 792 1701 817 et
1737 783 1873 817 librarii

1198 836 1425 878 caducarum;
1439 854 1452 867 n
1475 837 1536 870 ubi
1553 837 1677 869 librarii
1696 839 1748 881 qui
1764 836 1875 869 docere

1193 893 1316 935 possint
1339 889 1498 935 intelligo
1531 889 1663 935 peritos
1693 889 1876 922 rationum

1197 942 1460 976 referendarum
1473 968 1482 984 ‚
1499 942 1558 988 qui
1573 942 1708 988 possint
1726 942 1810 976 alios
1830 941 1876 976 ad

1198 995 1292 1029 idem
1314 1009 1442 1029 munus
1460 996 1649 1029 instituere.
1666 995 1800 1028 Harum
1818 1007 1875 1029 ra-

1199 1049 1336 1083 tionum
1351 1049 1460 1083 libros
1477 1049 1696 1082 asservabant
1710 1073 1720 1089 ‚
1737 1048 1800 1093 qui
1819 1060 1878 1081 ca-

1198 1102 1303 1148 psarii
1323 1101 1541 1136 dicebantur.
1562 1102 1765 1134 Ramiresius.
1788 1099 1876 1134 Vid.

1196 1155 1258 1188 lib.
1287 1155 1340 1196 ΙΙ,
1368 1156 1571 1201 epigramm.
1591 1166 1605 1187 1
1619 1180 1628 1195 ‚
1647 1165 1752 1188 versu
1774 1153 1792 1187 5
1812 1165 1822 1194 ;
1840 1161 1875 1187 et

1198 1209 1401 1254 epigramm.
1424 1220 1515 1248 vtn,
1539 1220 1643 1241 versu
1668 1206 1702 1240 3.
1726 1227 1778 1232 -
1804 1205 1876 1239 Ohe

1197 1264 1303 1306 etipse
1319 1261 1407 1295 dicit.
1424 1261 1546 1294 Fessus
1567 1260 1696 1293 scilicet
1717 1258 1871 1294 scriben-

1198 1313 1245 1348 do
1259 1341 1268 1356 ‚
1295 1314 1454 1360 queritur
1480 1313 1524 1347 de
1550 1313 1633 1346 libri
1652 1312 1872 1358 prolixitate,

1197 1366 1316 1401 dicens
1340 1367 1422 1400 olze!
1445 1364 1541 1412 quod
1578 1375 1628 1399 est
1663 1364 1871 1398 exclamatio

1197 1420 1275 1454 lassi
1296 1428 1330 1453 et
1351 1418 1573 1457 fastidientis,
1593 1417 1636 1451 ad
1658 1416 1869 1451 morandum

1196 1482 1255 1506 aut
1277 1471 1480 1506 cessandum
1507 1473 1656 1516 abrupte
1686 1469 1872 1504 hortantis.

1197 1525 1280 1560 Vid.
1298 1538 1422 1571 supra,
1445 1537 1533 1558 vers.
1560 1537 1589 1558 1.
1610 1525 1676 1557 En.

1251 1592 1285 1623 9.
1304 1579 1394 1612 Olae!
1406 1580 1476 1623 jam
1486 1579 1563 1609 satis
1577 1585 1634 1617 est,
1651 1576 1727 1608 olle!
1742 1574 1876 1608 Prioris

1195 1632 1252 1664 olze
1285 1631 1415 1677 syllaba
1439 1630 1551 1675 prima
1578 1627 1816 1676 producitur3
1845 1635 1880 1660 et

1195 1684 1397 1730 posterioris
1419 1682 1540 1717 eadem
1558 1682 1760 1729 corripitur.
1780 1681 1849 1714 En.
