<?xml version="1.0" encoding="UTF-8"?>
<!DOCTYPE html PUBLIC "-//W3C//DTD XHTML 1.0 Transitional//EN"
    "http://www.w3.org/TR/xhtml1/DTD/xhtml1-transitional.dtd">
<html xmlns="http://www.w3.org/1999/xhtml" xml:lang="en" lang="en">
 <head>
  <title>
</title>
<meta http-equiv="Content-Type" content="text/html;charset=utf-8" />
  <meta name='ocr-system' content='tesseract 3.04.00' />
  <meta name='ocr-capabilities' content='ocr_page ocr_carea ocr_par ocr_line ocrx_word'/>
</head>
<body>
  <div class='ocr_page' id='page_1' title='image "./epigrammata01martuoft_0476.png"; bbox 0 0 2061 3288; ppageno 0'>
   <div class='ocr_carea' id='block_1_1' title="bbox 465 212 1064 259">
    <p class='ocr_par' dir='ltr' id='par_1_1' title="bbox 465 212 1064 259">
     <span class='ocr_line' id='line_1_1' title="bbox 465 212 1064 259; baseline 0.003 -2"><span class='ocrx_word' id='word_1_1' title='bbox 465 212 564 257; x_wconf 77' lang='lat'>310</span> <span class='ocrx_word' id='word_1_2' title='bbox 839 216 899 257; x_wconf 88' lang='lat' dir='ltr'>M.</span> <span class='ocrx_word' id='word_1_3' title='bbox 926 217 1064 259; x_wconf 80' lang='lat' dir='ltr'>VAL.</span> 
     </span>
    </p>
   </div>
   <div class='ocr_carea' id='block_1_2' title="bbox 1106 217 1496 261">
    <p class='ocr_par' dir='ltr' id='par_1_2' title="bbox 1106 217 1496 261">
     <span class='ocr_line' id='line_1_2' title="bbox 1106 217 1496 261; baseline 0 -2"><span class='ocrx_word' id='word_1_4' title='bbox 1106 217 1327 260; x_wconf 84' lang='lat' dir='ltr'><strong>MARTI</strong></span> <span class='ocrx_word' id='word_1_5' title='bbox 1346 218 1496 261; x_wconf 79' lang='lat' dir='ltr'>ALls</span> 
     </span>
    </p>
   </div>
   <div class='ocr_carea' id='block_1_3' title="bbox 1058 368 1294 424">
    <p class='ocr_par' dir='ltr' id='par_1_3' title="bbox 1058 368 1294 424">
     <span class='ocr_line' id='line_1_3' title="bbox 1058 368 1294 424; baseline 0.004 -1"><span class='ocrx_word' id='word_1_6' title='bbox 1058 368 1294 424; x_wconf 83' lang='lat' dir='ltr'>XLIX.</span> 
     </span>
    </p>
   </div>
   <div class='ocr_carea' id='block_1_4' title="bbox 913 523 965 551">
    <p class='ocr_par' dir='ltr' id='par_1_4' title="bbox 913 523 965 551">
     <span class='ocr_line' id='line_1_4' title="bbox 913 523 965 551; baseline 0.019 -1"><span class='ocrx_word' id='word_1_7' title='bbox 913 523 965 551; x_wconf 79' lang='lat' dir='ltr'>IN</span> 
     </span>
    </p>
   </div>
   <div class='ocr_carea' id='block_1_5' title="bbox 1007 502 1426 552">
    <p class='ocr_par' dir='ltr' id='par_1_5' title="bbox 1007 502 1426 552">
     <span class='ocr_line' id='line_1_5' title="bbox 1007 502 1426 552; baseline 0 -2"><span class='ocrx_word' id='word_1_8' title='bbox 1007 502 1426 552; x_wconf 65' lang='lat' dir='ltr'>1Nv1TAToREM.*</span> 
     </span>
    </p>
   </div>
   <div class='ocr_carea' id='block_1_6' title="bbox 530 649 1594 782">
    <p class='ocr_par' dir='ltr' id='par_1_6' title="bbox 530 649 1594 782">
     <span class='ocr_line' id='line_1_6' title="bbox 530 649 1587 711; baseline 0.004 -20"><span class='ocrx_word' id='word_1_9' title='bbox 530 650 813 692; x_wconf 58' lang='lat' dir='ltr'>VEOENTAM</span> <span class='ocrx_word' id='word_1_10' title='bbox 834 649 939 692; x_wconf 74' lang='lat' dir='ltr'>mihi</span> <span class='ocrx_word' id='word_1_11' title='bbox 961 650 1136 704; x_wconf 80' lang='lat' dir='ltr'>misces,</span> <span class='ocrx_word' id='word_1_12' title='bbox 1158 659 1206 694; x_wconf 86' lang='lat' dir='ltr'>tu</span> <span class='ocrx_word' id='word_1_13' title='bbox 1226 651 1414 695; x_wconf 83' lang='lat' dir='ltr'>Massica</span> <span class='ocrx_word' id='word_1_14' title='bbox 1435 660 1559 711; x_wconf 82' lang='lat' dir='ltr'>potas</span> <span class='ocrx_word' id='word_1_15' title='bbox 1579 669 1587 694; x_wconf 91' lang='lat'>:</span> 
     </span>
     <span class='ocr_line' id='line_1_7' title="bbox 601 718 1594 782; baseline 0.002 -20"><span class='ocrx_word' id='word_1_16' title='bbox 601 718 803 764; x_wconf 73' lang='lat' dir='ltr'>Olfacere</span> <span class='ocrx_word' id='word_1_17' title='bbox 826 719 919 763; x_wconf 81' lang='lat' dir='ltr'>haec</span> <span class='ocrx_word' id='word_1_18' title='bbox 938 719 1053 764; x_wconf 79' lang='lat' dir='ltr'>malo</span> <span class='ocrx_word' id='word_1_19' title='bbox 1076 720 1254 781; x_wconf 75' lang='lat' dir='ltr'>pocula,</span> <span class='ocrx_word' id='word_1_20' title='bbox 1281 737 1412 782; x_wconf 77' lang='lat' dir='ltr'>quam</span> <span class='ocrx_word' id='word_1_21' title='bbox 1432 721 1594 766; x_wconf 85' lang='lat' dir='ltr'>bibere.</span> 
     </span>
    </p>
   </div>
   <div class='ocr_carea' id='block_1_7' title="bbox 452 865 1140 1662">
    <p class='ocr_par' dir='ltr' id='par_1_7' title="bbox 457 865 1140 1225">
     <span class='ocr_line' id='line_1_8' title="bbox 512 865 1137 916; baseline 0.002 -13"><span class='ocrx_word' id='word_1_22' title='bbox 512 865 526 879; x_wconf 74' lang='lat'>&#39;‘</span> <span class='ocrx_word' id='word_1_23' title='bbox 544 871 751 916; x_wconf 79' lang='lat' dir='ltr'>Perstringit</span> <span class='ocrx_word' id='word_1_24' title='bbox 774 870 992 916; x_wconf 86' lang='lat' dir='ltr'>impudicum</span> <span class='ocrx_word' id='word_1_25' title='bbox 1011 871 1137 904; x_wconf 80' lang='lat' dir='ltr'>invita-</span> 
     </span>
     <span class='ocr_line' id='line_1_9' title="bbox 457 923 1136 970; baseline 0.003 -15"><span class='ocrx_word' id='word_1_26' title='bbox 457 932 571 956; x_wconf 85' lang='lat' dir='ltr'>torem</span> <span class='ocrx_word' id='word_1_27' title='bbox 587 950 595 965; x_wconf 92' lang='lat'>,</span> <span class='ocrx_word' id='word_1_28' title='bbox 616 924 675 969; x_wconf 88' lang='lat' dir='ltr'>qui</span> <span class='ocrx_word' id='word_1_29' title='bbox 702 923 839 958; x_wconf 86' lang='lat' dir='ltr'>diversa</span> <span class='ocrx_word' id='word_1_30' title='bbox 856 925 936 958; x_wconf 81' lang='lat' dir='ltr'>vina</span> <span class='ocrx_word' id='word_1_31' title='bbox 957 925 1111 970; x_wconf 85' lang='lat' dir='ltr'>ponebat</span> <span class='ocrx_word' id='word_1_32' title='bbox 1125 949 1136 966; x_wconf 82' lang='lat'><em>‚</em></span> 
     </span>
     <span class='ocr_line' id='line_1_10' title="bbox 458 977 1137 1021; baseline 0.001 -12"><span class='ocrx_word' id='word_1_33' title='bbox 458 977 610 1021; x_wconf 78' lang='lat' dir='ltr'>pretiosa</span> <span class='ocrx_word' id='word_1_34' title='bbox 628 978 692 1010; x_wconf 85' lang='lat' dir='ltr'>sibi</span> <span class='ocrx_word' id='word_1_35' title='bbox 706 1004 715 1019; x_wconf 86' lang='lat'>,</span> <span class='ocrx_word' id='word_1_36' title='bbox 731 990 863 1010; x_wconf 79' lang='lat' dir='ltr'>meram</span> <span class='ocrx_word' id='word_1_37' title='bbox 885 978 992 1011; x_wconf 86' lang='lat' dir='ltr'>fecem</span> <span class='ocrx_word' id='word_1_38' title='bbox 1016 978 1137 1011; x_wconf 86' lang='lat' dir='ltr'>convi-</span> 
     </span>
     <span class='ocr_line' id='line_1_11' title="bbox 458 1030 1139 1076; baseline 0.003 -14"><span class='ocrx_word' id='word_1_39' title='bbox 458 1030 510 1062; x_wconf 77' lang='lat' dir='ltr'>vis</span> <span class='ocrx_word' id='word_1_40' title='bbox 524 1042 532 1063; x_wconf 88' lang='lat'>:</span> <span class='ocrx_word' id='word_1_41' title='bbox 548 1037 753 1076; x_wconf 83' lang='lat' dir='ltr'>tantumque</span> <span class='ocrx_word' id='word_1_42' title='bbox 767 1031 841 1064; x_wconf 85' lang='lat' dir='ltr'>haec</span> <span class='ocrx_word' id='word_1_43' title='bbox 862 1030 935 1064; x_wconf 90' lang='lat' dir='ltr'>duo</span> <span class='ocrx_word' id='word_1_44' title='bbox 954 1031 1034 1064; x_wconf 83' lang='lat' dir='ltr'>vina</span> <span class='ocrx_word' id='word_1_45' title='bbox 1047 1031 1139 1064; x_wconf 88' lang='lat' dir='ltr'>inter</span> 
     </span>
     <span class='ocr_line' id='line_1_12' title="bbox 457 1082 1140 1125; baseline 0.001 -9"><span class='ocrx_word' id='word_1_46' title='bbox 457 1095 494 1116; x_wconf 84' lang='lat' dir='ltr'>se</span> <span class='ocrx_word' id='word_1_47' title='bbox 514 1082 755 1125; x_wconf 78' lang='lat' dir='ltr'>distabant‚ut</span> <span class='ocrx_word' id='word_1_48' title='bbox 774 1083 866 1117; x_wconf 84' lang='lat' dir='ltr'>dicat</span> <span class='ocrx_word' id='word_1_49' title='bbox 883 1097 919 1118; x_wconf 86' lang='lat' dir='ltr'>se</span> <span class='ocrx_word' id='word_1_50' title='bbox 933 1085 1036 1117; x_wconf 85' lang='lat' dir='ltr'>malle</span> <span class='ocrx_word' id='word_1_51' title='bbox 1052 1084 1140 1117; x_wconf 90' lang='lat' dir='ltr'>invi-</span> 
     </span>
     <span class='ocr_line' id='line_1_13' title="bbox 457 1136 1138 1184; baseline 0.004 -15"><span class='ocrx_word' id='word_1_52' title='bbox 457 1136 579 1170; x_wconf 85' lang='lat' dir='ltr'>tatoris</span> <span class='ocrx_word' id='word_1_53' title='bbox 606 1138 732 1182; x_wconf 82' lang='lat' dir='ltr'>pocula</span> <span class='ocrx_word' id='word_1_54' title='bbox 756 1138 925 1179; x_wconf 75' lang='lat' dir='ltr'>olfacere,</span> <span class='ocrx_word' id='word_1_55' title='bbox 947 1151 1052 1184; x_wconf 82' lang='lat' dir='ltr'>quain</span> <span class='ocrx_word' id='word_1_56' title='bbox 1072 1137 1138 1172; x_wconf 86' lang='lat' dir='ltr'>sic-</span> 
     </span>
     <span class='ocr_line' id='line_1_14' title="bbox 457 1191 847 1225; baseline 0.005 -3"><span class='ocrx_word' id='word_1_57' title='bbox 457 1201 535 1223; x_wconf 87' lang='lat' dir='ltr'>care</span> <span class='ocrx_word' id='word_1_58' title='bbox 552 1202 624 1223; x_wconf 81' lang='lat' dir='ltr'>sua.</span> <span class='ocrx_word' id='word_1_59' title='bbox 643 1191 847 1225; x_wconf 74' lang='lat' dir='ltr'>Ramiresias.</span> 
     </span>
    </p>

    <p class='ocr_par' dir='ltr' id='par_1_8' title="bbox 452 1243 1138 1662">
     <span class='ocr_line' id='line_1_15' title="bbox 516 1243 1137 1278; baseline 0 -2"><span class='ocrx_word' id='word_1_60' title='bbox 516 1256 546 1276; x_wconf 86' lang='lat'>1.</span> <span class='ocrx_word' id='word_1_61' title='bbox 579 1243 784 1278; x_wconf 82' lang='lat' dir='ltr'>Beverlandi</span> <span class='ocrx_word' id='word_1_62' title='bbox 813 1244 887 1278; x_wconf 89' lang='lat' dir='ltr'>MS.</span> <span class='ocrx_word' id='word_1_63' title='bbox 921 1245 974 1277; x_wconf 72' lang='lat' dir='ltr'>ubl</span> <span class='ocrx_word' id='word_1_64' title='bbox 996 1245 1137 1278; x_wconf 71' lang='lat' dir='ltr'>Massica</span> 
     </span>
     <span class='ocr_line' id='line_1_16' title="bbox 452 1296 1133 1343; baseline 0.004 -16"><span class='ocrx_word' id='word_1_65' title='bbox 452 1305 556 1341; x_wconf 72' lang='lat' dir='ltr'>potus.</span> <span class='ocrx_word' id='word_1_66' title='bbox 570 1296 689 1330; x_wconf 85' lang='lat' dir='ltr'>Codex</span> <span class='ocrx_word' id='word_1_67' title='bbox 700 1296 800 1331; x_wconf 85' lang='lat' dir='ltr'>Bodl.</span> <span class='ocrx_word' id='word_1_68' title='bbox 813 1298 872 1331; x_wconf 76' lang='lat' dir='ltr'>tibi</span> <span class='ocrx_word' id='word_1_69' title='bbox 882 1298 1022 1331; x_wconf 64' lang='lat' dir='ltr'>lllassica</span> <span class='ocrx_word' id='word_1_70' title='bbox 1028 1300 1133 1343; x_wconf 81' lang='lat' dir='ltr'>ponis,</span> 
     </span>
     <span class='ocr_line' id='line_1_17' title="bbox 456 1350 1138 1396; baseline 0.001 -14"><span class='ocrx_word' id='word_1_71' title='bbox 456 1358 495 1382; x_wconf 92' lang='lat' dir='ltr'>ut</span> <span class='ocrx_word' id='word_1_72' title='bbox 514 1357 547 1383; x_wconf 86' lang='lat' dir='ltr'>et</span> <span class='ocrx_word' id='word_1_73' title='bbox 563 1351 653 1396; x_wconf 86' lang='lat' dir='ltr'>conj.</span> <span class='ocrx_word' id='word_1_74' title='bbox 673 1351 896 1385; x_wconf 82' lang='lat' dir='ltr'>Ramiresius.</span> <span class='ocrx_word' id='word_1_75' title='bbox 914 1350 1072 1385; x_wconf 83' lang='lat' dir='ltr'>Raderus</span> <span class='ocrx_word' id='word_1_76' title='bbox 1093 1351 1138 1383; x_wconf 91' lang='lat' dir='ltr'>le-</span> 
     </span>
     <span class='ocr_line' id='line_1_18' title="bbox 455 1402 1136 1450; baseline 0.003 -15"><span class='ocrx_word' id='word_1_77' title='bbox 455 1402 611 1447; x_wconf 83' lang='lat' dir='ltr'>gendum</span> <span class='ocrx_word' id='word_1_78' title='bbox 641 1412 778 1437; x_wconf 82' lang='lat' dir='ltr'>censet:</span> <span class='ocrx_word' id='word_1_79' title='bbox 809 1413 842 1437; x_wconf 81' lang='lat' dir='ltr'>tu</span> <span class='ocrx_word' id='word_1_80' title='bbox 866 1405 1005 1438; x_wconf 66' lang='lat' dir='ltr'>Massica</span> <span class='ocrx_word' id='word_1_81' title='bbox 1029 1412 1136 1450; x_wconf 75' lang='lat' dir='ltr'>potus.</span> 
     </span>
     <span class='ocr_line' id='line_1_19' title="bbox 454 1457 1137 1491; baseline 0.003 -4"><span class='ocrx_word' id='word_1_82' title='bbox 454 1477 507 1482; x_wconf 87' lang='lat'><strong>—</strong></span> <span class='ocrx_word' id='word_1_83' title='bbox 530 1457 708 1489; x_wconf 68' lang='lat' dir='ltr'>Veientana</span> <span class='ocrx_word' id='word_1_84' title='bbox 733 1458 819 1490; x_wconf 54' lang='lat' dir='ltr'>milli.</span> <span class='ocrx_word' id='word_1_85' title='bbox 843 1458 979 1490; x_wconf 86' lang='lat' dir='ltr'>Vinum</span> <span class='ocrx_word' id='word_1_86' title='bbox 1006 1457 1137 1491; x_wconf 86' lang='lat' dir='ltr'>Veien-</span> 
     </span>
     <span class='ocr_line' id='line_1_20' title="bbox 456 1509 1134 1556; baseline 0.001 -15"><span class='ocrx_word' id='word_1_87' title='bbox 456 1516 577 1542; x_wconf 79' lang='lat' dir='ltr'>tanum</span> <span class='ocrx_word' id='word_1_88' title='bbox 605 1509 832 1551; x_wconf 88' lang='lat' dir='ltr'>vilissimum,</span> <span class='ocrx_word' id='word_1_89' title='bbox 853 1510 914 1543; x_wconf 84' lang='lat' dir='ltr'>lib.</span> <span class='ocrx_word' id='word_1_90' title='bbox 938 1511 998 1551; x_wconf 89' lang='grc' dir='ltr'>ΙΙ,</span> <span class='ocrx_word' id='word_1_91' title='bbox 1025 1510 1134 1556; x_wconf 82' lang='lat' dir='ltr'>epigr.</span> 
     </span>
     <span class='ocr_line' id='line_1_21' title="bbox 456 1562 1136 1608; baseline 0.001 -14"><span class='ocrx_word' id='word_1_92' title='bbox 456 1574 538 1595; x_wconf 80' lang='lat' dir='ltr'>LIII.</span> <span class='ocrx_word' id='word_1_93' title='bbox 559 1562 745 1596; x_wconf 84' lang='lat' dir='ltr'><strong>Massicum</strong></span> <span class='ocrx_word' id='word_1_94' title='bbox 763 1576 847 1596; x_wconf 88' lang='lat' dir='ltr'>vero</span> <span class='ocrx_word' id='word_1_95' title='bbox 866 1563 1058 1608; x_wconf 82' lang='lat' dir='ltr'>optimum</span> <span class='ocrx_word' id='word_1_96' title='bbox 1073 1563 1136 1597; x_wconf 88' lang='lat' dir='ltr'>lib.</span> 
     </span>
     <span class='ocr_line' id='line_1_22' title="bbox 456 1614 1136 1662; baseline 0.003 -14"><span class='ocrx_word' id='word_1_97' title='bbox 456 1614 544 1649; x_wconf 90' lang='lat' dir='ltr'>XIII</span> <span class='ocrx_word' id='word_1_98' title='bbox 560 1616 702 1662; x_wconf 70' lang='lat' dir='ltr'>‚epigm</span> <span class='ocrx_word' id='word_1_99' title='bbox 720 1628 777 1650; x_wconf 83' lang='lat'>111</span> <span class='ocrx_word' id='word_1_100' title='bbox 788 1617 976 1650; x_wconf 70' lang='lat' dir='ltr'>--·]IIisce5.</span> <span class='ocrx_word' id='word_1_101' title='bbox 998 1617 1136 1650; x_wconf 91' lang='lat' dir='ltr'><strong>Vinum</strong></span> 
     </span>
    </p>
   </div>
   <div class='ocr_carea' id='block_1_8' title="bbox 1190 871 1880 1664">
    <p class='ocr_par' dir='ltr' id='par_1_9' title="bbox 1197 871 1875 972">
     <span class='ocr_line' id='line_1_23' title="bbox 1197 871 1875 918; baseline 0.001 -13"><span class='ocrx_word' id='word_1_102' title='bbox 1197 871 1261 905; x_wconf 84' lang='lat' dir='ltr'>etsi</span> <span class='ocrx_word' id='word_1_103' title='bbox 1288 871 1483 917; x_wconf 88' lang='lat' dir='ltr'>insipidum</span> <span class='ocrx_word' id='word_1_104' title='bbox 1502 885 1590 918; x_wconf 82' lang='lat' dir='ltr'>aqua</span> <span class='ocrx_word' id='word_1_105' title='bbox 1608 873 1729 906; x_wconf 84' lang='lat' dir='ltr'><strong>misces</strong></span> <span class='ocrx_word' id='word_1_106' title='bbox 1750 885 1757 906; x_wconf 90' lang='lat'><strong>:</strong></span> <span class='ocrx_word' id='word_1_107' title='bbox 1778 881 1811 906; x_wconf 77' lang='lat' dir='ltr'>at</span> <span class='ocrx_word' id='word_1_108' title='bbox 1840 882 1875 906; x_wconf 86' lang='lat' dir='ltr'>tu</span> 
     </span>
     <span class='ocr_line' id='line_1_24' title="bbox 1199 925 1744 972; baseline 0.002 -14"><span class='ocrx_word' id='word_1_109' title='bbox 1199 925 1392 959; x_wconf 89' lang='lat' dir='ltr'>Massicum</span> <span class='ocrx_word' id='word_1_110' title='bbox 1406 937 1541 959; x_wconf 88' lang='lat' dir='ltr'>merum</span> <span class='ocrx_word' id='word_1_111' title='bbox 1554 934 1664 972; x_wconf 82' lang='lat' dir='ltr'>potas.</span> <span class='ocrx_word' id='word_1_112' title='bbox 1676 926 1744 959; x_wconf 83' lang='grc' dir='ltr'>ΕΙ).</span> 
     </span>
    </p>

    <p class='ocr_par' dir='ltr' id='par_1_10' title="bbox 1190 979 1880 1664">
     <span class='ocr_line' id='line_1_25' title="bbox 1255 979 1877 1024; baseline 0 -13"><span class='ocrx_word' id='word_1_113' title='bbox 1255 991 1288 1012; x_wconf 85' lang='lat'>2.</span> <span class='ocrx_word' id='word_1_114' title='bbox 1312 979 1460 1022; x_wconf 67' lang='lat' dir='ltr'>Offae-ere</span> <span class='ocrx_word' id='word_1_115' title='bbox 1476 980 1524 1011; x_wconf 64' lang='grc' dir='ltr'>Ιιατ</span> <span class='ocrx_word' id='word_1_116' title='bbox 1544 979 1627 1012; x_wconf 75' lang='lat' dir='ltr'><em>malo</em></span> <span class='ocrx_word' id='word_1_117' title='bbox 1639 980 1775 1024; x_wconf 79' lang='lat' dir='ltr'>pocula,</span> <span class='ocrx_word' id='word_1_118' title='bbox 1791 992 1877 1024; x_wconf 79' lang='lat' dir='ltr'>quem</span> 
     </span>
     <span class='ocr_line' id='line_1_26' title="bbox 1199 1032 1877 1078; baseline 0.001 -14"><span class='ocrx_word' id='word_1_119' title='bbox 1199 1032 1301 1064; x_wconf 73' lang='lat' dir='ltr'>bibere</span> <span class='ocrx_word' id='word_1_120' title='bbox 1329 1032 1365 1065; x_wconf 90' lang='lat' dir='ltr'>in</span> <span class='ocrx_word' id='word_1_121' title='bbox 1395 1033 1496 1066; x_wconf 85' lang='lat' dir='ltr'>Junt.</span> <span class='ocrx_word' id='word_1_122' title='bbox 1523 1045 1606 1066; x_wconf 85' lang='lat' dir='ltr'>ann.</span> <span class='ocrx_word' id='word_1_123' title='bbox 1634 1032 1729 1066; x_wconf 80' lang='lat'><strong>1512</strong></span> <span class='ocrx_word' id='word_1_124' title='bbox 1744 1058 1753 1073; x_wconf 84' lang='lat'>,</span> <span class='ocrx_word' id='word_1_125' title='bbox 1774 1040 1877 1078; x_wconf 83' lang='lat' dir='ltr'>typo—</span> 
     </span>
     <span class='ocr_line' id='line_1_27' title="bbox 1199 1085 1880 1119; baseline -0.001 -1"><span class='ocrx_word' id='word_1_126' title='bbox 1199 1085 1376 1119; x_wconf 84' lang='lat' dir='ltr'>thetarum</span> <span class='ocrx_word' id='word_1_127' title='bbox 1392 1086 1576 1119; x_wconf 82' lang='lat' dir='ltr'>manifesto</span> <span class='ocrx_word' id='word_1_128' title='bbox 1596 1097 1727 1118; x_wconf 87' lang='lat' dir='ltr'>errore.</span> <span class='ocrx_word' id='word_1_129' title='bbox 1749 1107 1802 1111; x_wconf 91' lang='lat'><strong>—</strong></span> <span class='ocrx_word' id='word_1_130' title='bbox 1822 1086 1880 1118; x_wconf 81' lang='lat' dir='ltr'>Ol-</span> 
     </span>
     <span class='ocr_line' id='line_1_28' title="bbox 1190 1138 1878 1183; baseline 0 -12"><span class='ocrx_word' id='word_1_131' title='bbox 1190 1139 1312 1181; x_wconf 73' lang='lat' dir='ltr'>facere.</span> <span class='ocrx_word' id='word_1_132' title='bbox 1335 1139 1422 1172; x_wconf 80' lang='lat' dir='ltr'>Tua.</span> <span class='ocrx_word' id='word_1_133' title='bbox 1448 1160 1500 1165; x_wconf 91' lang='lat'>—-</span> <span class='ocrx_word' id='word_1_134' title='bbox 1525 1139 1631 1183; x_wconf 79' lang='lat' dir='ltr'><em>Quam</em></span> <span class='ocrx_word' id='word_1_135' title='bbox 1653 1138 1765 1172; x_wconf 78' lang='lat' dir='ltr'>bibere.</span> <span class='ocrx_word' id='word_1_136' title='bbox 1785 1139 1878 1172; x_wconf 83' lang='lat' dir='ltr'>Mea.</span> 
     </span>
     <span class='ocr_line' id='line_1_29' title="bbox 1198 1190 1877 1233; baseline -0.001 -8"><span class='ocrx_word' id='word_1_137' title='bbox 1198 1192 1321 1233; x_wconf 88' lang='lat' dir='ltr'>Quum</span> <span class='ocrx_word' id='word_1_138' title='bbox 1336 1200 1453 1225; x_wconf 84' lang='lat' dir='ltr'>tamen</span> <span class='ocrx_word' id='word_1_139' title='bbox 1471 1192 1507 1225; x_wconf 89' lang='lat' dir='ltr'>in</span> <span class='ocrx_word' id='word_1_140' title='bbox 1521 1190 1676 1225; x_wconf 85' lang='lat' dir='ltr'>secundo</span> <span class='ocrx_word' id='word_1_141' title='bbox 1691 1204 1793 1226; x_wconf 73' lang='lat' dir='ltr'>versu</span> <span class='ocrx_word' id='word_1_142' title='bbox 1805 1204 1877 1224; x_wconf 90' lang='lat' dir='ltr'>non</span> 
     </span>
     <span class='ocr_line' id='line_1_30' title="bbox 1197 1245 1878 1291; baseline -0.004 -12"><span class='ocrx_word' id='word_1_143' title='bbox 1197 1245 1304 1279; x_wconf 80' lang='lat' dir='ltr'>Poeta</span> <span class='ocrx_word' id='word_1_144' title='bbox 1324 1245 1532 1291; x_wconf 86' lang='lat' dir='ltr'>opposuerit</span> <span class='ocrx_word' id='word_1_145' title='bbox 1545 1246 1612 1278; x_wconf 77' lang='lat' dir='ltr'>lzoec</span> <span class='ocrx_word' id='word_1_146' title='bbox 1631 1245 1800 1286; x_wconf 76' lang='lat' dir='ltr'><strong>olfacere,</strong></span> <span class='ocrx_word' id='word_1_147' title='bbox 1817 1247 1878 1277; x_wconf 84' lang='lat' dir='ltr'>ista</span> 
     </span>
     <span class='ocr_line' id='line_1_31' title="bbox 1196 1298 1876 1340; baseline -0.001 -9"><span class='ocrx_word' id='word_1_148' title='bbox 1196 1298 1341 1340; x_wconf 86' lang='lat' dir='ltr'>bibere,</span> <span class='ocrx_word' id='word_1_149' title='bbox 1367 1299 1482 1331; x_wconf 82' lang='lat' dir='ltr'>forsan</span> <span class='ocrx_word' id='word_1_150' title='bbox 1512 1310 1615 1332; x_wconf 86' lang='lat' dir='ltr'>verus</span> <span class='ocrx_word' id='word_1_151' title='bbox 1644 1311 1763 1332; x_wconf 84' lang='lat' dir='ltr'>sensus</span> <span class='ocrx_word' id='word_1_152' title='bbox 1794 1305 1845 1331; x_wconf 87' lang='lat' dir='ltr'>est</span> <span class='ocrx_word' id='word_1_153' title='bbox 1866 1311 1876 1330; x_wconf 85' lang='grc'>.-</span> 
     </span>
     <span class='ocr_line' id='line_1_32' title="bbox 1197 1351 1877 1385; baseline -0.001 -1"><span class='ocrx_word' id='word_1_154' title='bbox 1197 1352 1293 1385; x_wconf 75' lang='lat' dir='ltr'>Malo</span> <span class='ocrx_word' id='word_1_155' title='bbox 1319 1352 1467 1385; x_wconf 82' lang='lat' dir='ltr'>olfacere</span> <span class='ocrx_word' id='word_1_156' title='bbox 1489 1351 1611 1385; x_wconf 89' lang='lat' dir='ltr'>vinum</span> <span class='ocrx_word' id='word_1_157' title='bbox 1637 1351 1877 1384; x_wconf 82' lang='lat' dir='ltr'>Veientanum</span> 
     </span>
     <span class='ocr_line' id='line_1_33' title="bbox 1198 1403 1877 1450; baseline -0.001 -13"><span class='ocrx_word' id='word_1_158' title='bbox 1198 1417 1302 1450; x_wconf 82' lang='lat' dir='ltr'>quain</span> <span class='ocrx_word' id='word_1_159' title='bbox 1325 1404 1447 1437; x_wconf 86' lang='lat' dir='ltr'>bibere</span> <span class='ocrx_word' id='word_1_160' title='bbox 1465 1417 1474 1446; x_wconf 92' lang='lat'>;</span> <span class='ocrx_word' id='word_1_161' title='bbox 1494 1404 1628 1450; x_wconf 83' lang='lat' dir='ltr'>quippe</span> <span class='ocrx_word' id='word_1_162' title='bbox 1640 1403 1773 1449; x_wconf 82' lang='lat' dir='ltr'>gratior</span> <span class='ocrx_word' id='word_1_163' title='bbox 1787 1403 1877 1437; x_wconf 87' lang='lat' dir='ltr'>odor</span> 
     </span>
     <span class='ocr_line' id='line_1_34' title="bbox 1196 1456 1877 1503; baseline -0.001 -13"><span class='ocrx_word' id='word_1_164' title='bbox 1196 1469 1301 1503; x_wconf 83' lang='lat' dir='ltr'>quam</span> <span class='ocrx_word' id='word_1_165' title='bbox 1314 1466 1445 1502; x_wconf 83' lang='lat' dir='ltr'>gustus.</span> <span class='ocrx_word' id='word_1_166' title='bbox 1462 1479 1513 1484; x_wconf 82' lang='lat'>——</span> <span class='ocrx_word' id='word_1_167' title='bbox 1527 1456 1686 1490; x_wconf 84' lang='lat' dir='ltr'>Raderus</span> <span class='ocrx_word' id='word_1_168' title='bbox 1702 1464 1804 1502; x_wconf 82' lang='lat' dir='ltr'>putat</span> <span class='ocrx_word' id='word_1_169' title='bbox 1814 1469 1877 1503; x_wconf 86' lang='lat' dir='ltr'>po-</span> 
     </span>
     <span class='ocr_line' id='line_1_35' title="bbox 1197 1506 1877 1556; baseline -0.001 -13"><span class='ocrx_word' id='word_1_170' title='bbox 1197 1511 1274 1543; x_wconf 83' lang='lat' dir='ltr'>cula</span> <span class='ocrx_word' id='word_1_171' title='bbox 1294 1523 1367 1544; x_wconf 86' lang='lat' dir='ltr'>esse</span> <span class='ocrx_word' id='word_1_172' title='bbox 1383 1510 1566 1556; x_wconf 84' lang='lat' dir='ltr'>myrrhina</span> <span class='ocrx_word' id='word_1_173' title='bbox 1586 1506 1683 1550; x_wconf 90' lang='lat' dir='ltr'>(vid.</span> <span class='ocrx_word' id='word_1_174' title='bbox 1707 1509 1877 1555; x_wconf 80' lang='lat' dir='ltr'>epigram-</span> 
     </span>
     <span class='ocr_line' id='line_1_36' title="bbox 1197 1560 1875 1609; baseline -0.001 -13"><span class='ocrx_word' id='word_1_175' title='bbox 1197 1572 1288 1597; x_wconf 79' lang='lat' dir='ltr'>mate</span> <span class='ocrx_word' id='word_1_176' title='bbox 1310 1576 1391 1597; x_wconf 77' lang='lat' dir='ltr'>xxw</span> <span class='ocrx_word' id='word_1_177' title='bbox 1407 1589 1415 1605; x_wconf 92' lang='lat'>‚</span> <span class='ocrx_word' id='word_1_178' title='bbox 1438 1577 1471 1596; x_wconf 82' lang='lat' dir='ltr'>v.</span> <span class='ocrx_word' id='word_1_179' title='bbox 1498 1560 1563 1604; x_wconf 84' lang='lat'>2),</span> <span class='ocrx_word' id='word_1_180' title='bbox 1587 1575 1665 1609; x_wconf 85' lang='lat' dir='ltr'>quae</span> <span class='ocrx_word' id='word_1_181' title='bbox 1683 1564 1774 1596; x_wconf 87' lang='lat' dir='ltr'>bene</span> <span class='ocrx_word' id='word_1_182' title='bbox 1803 1562 1875 1596; x_wconf 89' lang='lat' dir='ltr'>ole-</span> 
     </span>
     <span class='ocr_line' id='line_1_37' title="bbox 1196 1615 1862 1664; baseline 0 -14"><span class='ocrx_word' id='word_1_183' title='bbox 1196 1618 1302 1658; x_wconf 82' lang='lat' dir='ltr'>bant;</span> <span class='ocrx_word' id='word_1_184' title='bbox 1323 1616 1420 1664; x_wconf 84' lang='lat' dir='ltr'>quod</span> <span class='ocrx_word' id='word_1_185' title='bbox 1439 1616 1604 1650; x_wconf 84' lang='lat' dir='ltr'>subtilius</span> <span class='ocrx_word' id='word_1_186' title='bbox 1625 1615 1778 1650; x_wconf 85' lang='lat' dir='ltr'>videtur.</span> <span class='ocrx_word' id='word_1_187' title='bbox 1796 1616 1862 1650; x_wconf 67' lang='lat' dir='ltr'>En.</span> 
     </span>
    </p>
   </div>
   <div class='ocr_carea' id='block_1_9' title="bbox 1651 1715 1667 1725">
    <p class='ocr_par' dir='ltr' id='par_1_11' title="bbox 1651 1715 1667 1725">
     <span class='ocr_line' id='line_1_38' title="bbox 1651 1715 1667 1725; baseline 0 -2"><span class='ocrx_word' id='word_1_188' title='bbox 1651 1715 1667 1725; x_wconf 56' lang='lat' dir='ltr'>x</span> 
     </span>
    </p>
   </div>
   <div class='ocr_carea' id='block_1_10' title="bbox 1136 1752 1193 1809">
    <p class='ocr_par' dir='ltr' id='par_1_12' title="bbox 1136 1752 1193 1809">
     <span class='ocr_line' id='line_1_39' title="bbox 1136 1752 1193 1809; baseline 0.018 -1"><span class='ocrx_word' id='word_1_189' title='bbox 1136 1752 1193 1809; x_wconf 89' lang='lat' dir='ltr'>L.</span> 
     </span>
    </p>
   </div>
   <div class='ocr_carea' id='block_1_11' title="bbox 914 1889 1412 1939">
    <p class='ocr_par' dir='ltr' id='par_1_13' title="bbox 914 1889 1412 1939">
     <span class='ocr_line' id='line_1_40' title="bbox 914 1889 1412 1939; baseline 0 -2"><span class='ocrx_word' id='word_1_190' title='bbox 914 1910 971 1938; x_wconf 81' lang='lat' dir='ltr'>IN</span> <span class='ocrx_word' id='word_1_191' title='bbox 1022 1889 1412 1939; x_wconf 65' lang='lat' dir='ltr'>LIGURINIJM.*</span> 
     </span>
    </p>
   </div>
   <div class='ocr_carea' id='block_1_12' title="bbox 519 2027 1750 2232">
    <p class='ocr_par' dir='ltr' id='par_1_14' title="bbox 519 2027 1750 2232">
     <span class='ocr_line' id='line_1_41' title="bbox 523 2027 1750 2085; baseline 0 -13"><span class='ocrx_word' id='word_1_192' title='bbox 523 2031 632 2074; x_wconf 81' lang='lat' dir='ltr'>HAEC</span> <span class='ocrx_word' id='word_1_193' title='bbox 655 2029 756 2084; x_wconf 79' lang='lat' dir='ltr'>tibi,</span> <span class='ocrx_word' id='word_1_194' title='bbox 781 2046 869 2073; x_wconf 90' lang='lat' dir='ltr'>non</span> <span class='ocrx_word' id='word_1_195' title='bbox 891 2027 998 2085; x_wconf 78' lang='lat' dir='ltr'>alia,</span> <span class='ocrx_word' id='word_1_196' title='bbox 1022 2038 1086 2073; x_wconf 83' lang='lat' dir='ltr'>est</span> <span class='ocrx_word' id='word_1_197' title='bbox 1110 2029 1164 2072; x_wconf 85' lang='lat' dir='ltr'>ad</span> <span class='ocrx_word' id='word_1_198' title='bbox 1185 2044 1355 2072; x_wconf 86' lang='lat' dir='ltr'>coenam</span> <span class='ocrx_word' id='word_1_199' title='bbox 1383 2045 1513 2073; x_wconf 79' lang='lat' dir='ltr'>causa</span> <span class='ocrx_word' id='word_1_200' title='bbox 1540 2030 1722 2074; x_wconf 80' lang='lat' dir='ltr'>vocandi</span> <span class='ocrx_word' id='word_1_201' title='bbox 1739 2066 1750 2082; x_wconf 69' lang='lat'>‚</span> 
     </span>
     <span class='ocr_line' id='line_1_42' title="bbox 591 2099 1507 2160; baseline -0.001 -17"><span class='ocrx_word' id='word_1_202' title='bbox 591 2099 844 2144; x_wconf 70' lang='lat' dir='ltr'><strong>Versiculos</strong></span> <span class='ocrx_word' id='word_1_203' title='bbox 866 2101 1020 2143; x_wconf 81' lang='lat' dir='ltr'>recites</span> <span class='ocrx_word' id='word_1_204' title='bbox 1042 2109 1113 2155; x_wconf 81' lang='lat' dir='ltr'>ut,</span> <span class='ocrx_word' id='word_1_205' title='bbox 1139 2100 1370 2160; x_wconf 82' lang='lat' dir='ltr'>Ligurine,</span> <span class='ocrx_word' id='word_1_206' title='bbox 1399 2109 1507 2144; x_wconf 86' lang='lat' dir='ltr'>tuos.</span> 
     </span>
     <span class='ocr_line' id='line_1_43' title="bbox 519 2170 1520 2232; baseline 0.001 -19"><span class='ocrx_word' id='word_1_207' title='bbox 519 2172 717 2231; x_wconf 83' lang='lat' dir='ltr'>Deposui</span> <span class='ocrx_word' id='word_1_208' title='bbox 743 2170 907 2225; x_wconf 80' lang='lat' dir='ltr'>soleas3</span> <span class='ocrx_word' id='word_1_209' title='bbox 929 2170 1114 2214; x_wconf 84' lang='lat' dir='ltr'>affertur</span> <span class='ocrx_word' id='word_1_210' title='bbox 1140 2171 1341 2231; x_wconf 84' lang='lat' dir='ltr'>protinus</span> <span class='ocrx_word' id='word_1_211' title='bbox 1369 2171 1520 2232; x_wconf 79' lang='lat' dir='ltr'>ingens</span> 
     </span>
    </p>
   </div>
   <div class='ocr_carea' id='block_1_13' title="bbox 442 2312 1126 2681">
    <p class='ocr_par' dir='ltr' id='par_1_15' title="bbox 442 2312 1126 2519">
     <span class='ocr_line' id='line_1_44' title="bbox 501 2312 1125 2363; baseline 0.003 -15"><span class='ocrx_word' id='word_1_212' title='bbox 501 2312 512 2323; x_wconf 70' lang='grc'><strong>“</strong></span> <span class='ocrx_word' id='word_1_213' title='bbox 534 2315 709 2350; x_wconf 82' lang='lat' dir='ltr'>Eumdem</span> <span class='ocrx_word' id='word_1_214' title='bbox 730 2319 957 2363; x_wconf 84' lang='lat' dir='ltr'>persequitur</span> <span class='ocrx_word' id='word_1_215' title='bbox 983 2318 1125 2350; x_wconf 83' lang='lat' dir='ltr'>Martia-</span> 
     </span>
     <span class='ocr_line' id='line_1_45' title="bbox 445 2369 1126 2404; baseline 0.001 -3"><span class='ocrx_word' id='word_1_216' title='bbox 445 2369 486 2401; x_wconf 82' lang='lat' dir='ltr'>lis</span> <span class='ocrx_word' id='word_1_217' title='bbox 516 2370 735 2403; x_wconf 72' lang='lat' dir='ltr'>recitatorem</span> <span class='ocrx_word' id='word_1_218' title='bbox 763 2371 850 2404; x_wconf 70' lang='lat' dir='ltr'>alios</span> <span class='ocrx_word' id='word_1_219' title='bbox 871 2371 941 2404; x_wconf 84' lang='lat' dir='ltr'>suis</span> <span class='ocrx_word' id='word_1_220' title='bbox 963 2370 1126 2404; x_wconf 81' lang='lat' dir='ltr'>carmini-</span> 
     </span>
     <span class='ocr_line' id='line_1_46' title="bbox 442 2422 1123 2469; baseline 0.001 -14"><span class='ocrx_word' id='word_1_221' title='bbox 442 2422 507 2455; x_wconf 84' lang='lat' dir='ltr'>bus</span> <span class='ocrx_word' id='word_1_222' title='bbox 528 2432 793 2469; x_wconf 78' lang='lat' dir='ltr'>persequentem</span> <span class='ocrx_word' id='word_1_223' title='bbox 810 2450 818 2465; x_wconf 94' lang='lat'>‚</span> <span class='ocrx_word' id='word_1_224' title='bbox 834 2436 940 2469; x_wconf 84' lang='lat' dir='ltr'>quem</span> <span class='ocrx_word' id='word_1_225' title='bbox 954 2426 1025 2469; x_wconf 78' lang='lat' dir='ltr'>jam</span> <span class='ocrx_word' id='word_1_226' title='bbox 1047 2437 1123 2468; x_wconf 91' lang='lat' dir='ltr'>sup.</span> 
     </span>
     <span class='ocr_line' id='line_1_47' title="bbox 444 2474 898 2519; baseline 0.009 -13"><span class='ocrx_word' id='word_1_227' title='bbox 444 2474 553 2519; x_wconf 83' lang='lat' dir='ltr'>epigr.</span> <span class='ocrx_word' id='word_1_228' title='bbox 573 2488 654 2508; x_wconf 61' lang='grc' dir='ltr'>κων</span> <span class='ocrx_word' id='word_1_229' title='bbox 678 2486 712 2510; x_wconf 84' lang='lat' dir='ltr'>et</span> <span class='ocrx_word' id='word_1_230' title='bbox 732 2490 808 2510; x_wconf 81' lang='lat' dir='ltr'>va.</span> <span class='ocrx_word' id='word_1_231' title='bbox 832 2477 898 2510; x_wconf 82' lang='lat' dir='ltr'>En.</span> 
     </span>
    </p>

    <p class='ocr_par' dir='ltr' id='par_1_16' title="bbox 444 2529 1122 2614">
     <span class='ocr_line' id='line_1_48' title="bbox 496 2529 1122 2574; baseline 0.003 -14"><span class='ocrx_word' id='word_1_232' title='bbox 496 2549 547 2553; x_wconf 84' lang='lat'>—-</span> <span class='ocrx_word' id='word_1_233' title='bbox 574 2529 614 2561; x_wconf 76' lang='lat' dir='ltr'>In</span> <span class='ocrx_word' id='word_1_234' title='bbox 634 2530 832 2574; x_wconf 73' lang='lat' dir='ltr'>Lygurc&#39;mcm</span> <span class='ocrx_word' id='word_1_235' title='bbox 860 2530 1064 2564; x_wconf 86' lang='lat' dir='ltr'>inscribitur</span> <span class='ocrx_word' id='word_1_236' title='bbox 1087 2530 1122 2563; x_wconf 86' lang='lat' dir='ltr'>iu</span> 
     </span>
     <span class='ocr_line' id='line_1_49' title="bbox 444 2579 634 2614; baseline -0.005 0"><span class='ocrx_word' id='word_1_237' title='bbox 444 2579 523 2614; x_wconf 76' lang='lat' dir='ltr'>edd.</span> <span class='ocrx_word' id='word_1_238' title='bbox 548 2589 634 2614; x_wconf 83' lang='lat' dir='ltr'>vett.</span> 
     </span>
    </p>

    <p class='ocr_par' dir='ltr' id='par_1_17' title="bbox 498 2633 1122 2681">
     <span class='ocr_line' id='line_1_50' title="bbox 498 2633 1122 2681; baseline 0.003 -14"><span class='ocrx_word' id='word_1_239' title='bbox 498 2633 530 2668; x_wconf 78' lang='lat'>3.</span> <span class='ocrx_word' id='word_1_240' title='bbox 548 2633 667 2669; x_wconf 76' lang='lat' dir='ltr'>Codex</span> <span class='ocrx_word' id='word_1_241' title='bbox 686 2635 764 2668; x_wconf 76' lang='lat' dir='ltr'>Vat.</span> <span class='ocrx_word' id='word_1_242' title='bbox 779 2639 924 2680; x_wconf 72' lang='lat' dir='ltr'>snvlz&#39;nus</span> <span class='ocrx_word' id='word_1_243' title='bbox 941 2639 1122 2681; x_wconf 73' lang='lat' dir='ltr'>apponitur.</span> 
     </span>
    </p>
   </div>
   <div class='ocr_carea' id='block_1_14' title="bbox 1185 2316 1867 2574">
    <p class='ocr_par' dir='ltr' id='par_1_18' title="bbox 1185 2316 1867 2574">
     <span class='ocr_line' id='line_1_51' title="bbox 1186 2316 1866 2362; baseline 0 -12"><span class='ocrx_word' id='word_1_244' title='bbox 1186 2339 1237 2344; x_wconf 88' lang='lat'>—</span> <span class='ocrx_word' id='word_1_245' title='bbox 1260 2318 1401 2362; x_wconf 74' lang='lat' dir='ltr'>Deposui</span> <span class='ocrx_word' id='word_1_246' title='bbox 1421 2318 1533 2351; x_wconf 75' lang='lat' dir='ltr'>soleas.</span> <span class='ocrx_word' id='word_1_247' title='bbox 1555 2316 1675 2359; x_wconf 86' lang='lat' dir='ltr'>Quum</span> <span class='ocrx_word' id='word_1_248' title='bbox 1701 2318 1866 2351; x_wconf 81' lang='lat' dir='ltr'>coenaturi</span> 
     </span>
     <span class='ocr_line' id='line_1_52' title="bbox 1186 2370 1867 2416; baseline 0 -13"><span class='ocrx_word' id='word_1_249' title='bbox 1186 2379 1298 2404; x_wconf 76' lang='lat' dir='ltr'>essent</span> <span class='ocrx_word' id='word_1_250' title='bbox 1313 2371 1458 2404; x_wconf 76' lang='lat' dir='ltr'>Veteres</span> <span class='ocrx_word' id='word_1_251' title='bbox 1473 2397 1481 2412; x_wconf 90' lang='lat'>‚</span> <span class='ocrx_word' id='word_1_252' title='bbox 1497 2370 1719 2416; x_wconf 81' lang='lat' dir='ltr'>deponebant</span> <span class='ocrx_word' id='word_1_253' title='bbox 1739 2371 1846 2403; x_wconf 82' lang='lat' dir='ltr'>soleas</span> <span class='ocrx_word' id='word_1_254' title='bbox 1859 2397 1867 2409; x_wconf 81' lang='lat'>‚</span> 
     </span>
     <span class='ocr_line' id='line_1_53' title="bbox 1186 2424 1866 2469; baseline 0 -13"><span class='ocrx_word' id='word_1_255' title='bbox 1186 2436 1229 2456; x_wconf 89' lang='lat' dir='ltr'>ne</span> <span class='ocrx_word' id='word_1_256' title='bbox 1252 2424 1402 2468; x_wconf 80' lang='lat' dir='ltr'>stragula</span> <span class='ocrx_word' id='word_1_257' title='bbox 1422 2424 1502 2457; x_wconf 88' lang='lat' dir='ltr'>lecti</span> <span class='ocrx_word' id='word_1_258' title='bbox 1516 2449 1525 2464; x_wconf 70' lang='grc'>,</span> <span class='ocrx_word' id='word_1_259' title='bbox 1547 2424 1583 2456; x_wconf 86' lang='lat' dir='ltr'>in</span> <span class='ocrx_word' id='word_1_260' title='bbox 1599 2436 1669 2469; x_wconf 88' lang='lat' dir='ltr'>quo</span> <span class='ocrx_word' id='word_1_261' title='bbox 1685 2424 1866 2456; x_wconf 87' lang='lat' dir='ltr'>recumbe·</span> 
     </span>
     <span class='ocr_line' id='line_1_54' title="bbox 1185 2475 1864 2518; baseline 0.001 -9"><span class='ocrx_word' id='word_1_262' title='bbox 1185 2478 1288 2518; x_wconf 86' lang='lat' dir='ltr'>bant,</span> <span class='ocrx_word' id='word_1_263' title='bbox 1311 2477 1385 2510; x_wconf 85' lang='lat' dir='ltr'>luto</span> <span class='ocrx_word' id='word_1_264' title='bbox 1406 2475 1635 2510; x_wconf 81' lang='lat' dir='ltr'>foedarentur.</span> <span class='ocrx_word' id='word_1_265' title='bbox 1667 2477 1736 2510; x_wconf 87' lang='lat' dir='ltr'>Has</span> <span class='ocrx_word' id='word_1_266' title='bbox 1755 2488 1864 2510; x_wconf 83' lang='lat' dir='ltr'>asser-</span> 
     </span>
     <span class='ocr_line' id='line_1_55' title="bbox 1185 2529 1859 2574; baseline -0.001 -11"><span class='ocrx_word' id='word_1_267' title='bbox 1185 2530 1313 2564; x_wconf 79' lang='lat' dir='ltr'>vabant</span> <span class='ocrx_word' id='word_1_268' title='bbox 1342 2530 1470 2563; x_wconf 83' lang='lat' dir='ltr'>servuli</span> <span class='ocrx_word' id='word_1_269' title='bbox 1502 2543 1519 2562; x_wconf 78' lang='lat' dir='ltr'>a</span> <span class='ocrx_word' id='word_1_270' title='bbox 1550 2529 1698 2574; x_wconf 83' lang='lat' dir='ltr'>pedibus</span> <span class='ocrx_word' id='word_1_271' title='bbox 1723 2537 1859 2562; x_wconf 80' lang='lat' dir='ltr'>stantes.</span> 
     </span>
    </p>
   </div>
   <div class='ocr_carea' id='block_1_15' title="bbox 1185 2581 1865 2681">
    <p class='ocr_par' dir='ltr' id='par_1_19' title="bbox 1185 2581 1865 2681">
     <span class='ocr_line' id='line_1_56' title="bbox 1186 2581 1865 2628; baseline -0.001 -13"><span class='ocrx_word' id='word_1_272' title='bbox 1186 2583 1262 2616; x_wconf 87' lang='lat' dir='ltr'>Lib.</span> <span class='ocrx_word' id='word_1_273' title='bbox 1279 2583 1368 2623; x_wconf 90' lang='lat' dir='ltr'>XII,</span> <span class='ocrx_word' id='word_1_274' title='bbox 1388 2583 1495 2628; x_wconf 82' lang='lat' dir='ltr'>epigr.</span> <span class='ocrx_word' id='word_1_275' title='bbox 1519 2595 1645 2616; x_wconf 58' lang='lat' dir='ltr'>Lxxxnz</span> <span class='ocrx_word' id='word_1_276' title='bbox 1663 2597 1671 2619; x_wconf 65' lang='grc' dir='ltr'><strong>ς</strong></span> <span class='ocrx_word' id='word_1_277' title='bbox 1688 2581 1749 2616; x_wconf 88' lang='lat' dir='ltr'>lib.</span> <span class='ocrx_word' id='word_1_278' title='bbox 1766 2582 1865 2621; x_wconf 86' lang='lat' dir='ltr'>XIV,</span> 
     </span>
     <span class='ocr_line' id='line_1_57' title="bbox 1185 2635 1863 2681; baseline -0.001 -12"><span class='ocrx_word' id='word_1_279' title='bbox 1185 2636 1295 2681; x_wconf 83' lang='lat' dir='ltr'>epigr.</span> <span class='ocrx_word' id='word_1_280' title='bbox 1317 2649 1403 2677; x_wconf 61' lang='lat' dir='ltr'>mxv-3</span> <span class='ocrx_word' id='word_1_281' title='bbox 1425 2636 1484 2669; x_wconf 85' lang='lat' dir='ltr'>lib.</span> <span class='ocrx_word' id='word_1_282' title='bbox 1509 2637 1619 2675; x_wconf 83' lang='lat' dir='ltr'>VIII,</span> <span class='ocrx_word' id='word_1_283' title='bbox 1643 2635 1749 2680; x_wconf 85' lang='lat' dir='ltr'>epigr.</span> <span class='ocrx_word' id='word_1_284' title='bbox 1776 2647 1834 2668; x_wconf 74' lang='lat' dir='ltr'>mx</span> <span class='ocrx_word' id='word_1_285' title='bbox 1855 2661 1863 2674; x_wconf 67' lang='lat'>.</span> 
     </span>
    </p>
   </div>
  </div>
 </body>
</html>
