2061 3288
455 189 1029 233 EPIGRAMMATUM
1071 189 1200 230 [AB.

1245 188 1326 230 iv.
1499 187 1595 241 435

699 339 1092 395 LXXXIX.

257 493 305 521 ΙΝ
348 492 512 520 AVARU
528 493 558 519 Μ
609 490 825 520 ‘tMtCUM

866 491 1095 519 MUNERA
1138 492 1165 518 Α
1204 490 1258 518 SE
1300 491 1530 519 ACCEPTA

648 563 1143 612 nissiMULANTml.*

254 704 421 746 NULLA
449 702 648 745 remisisti
671 718 807 762 parvo
830 718 909 762 pro
935 717 1114 744 munere
1136 700 1274 756 d011a3

324 775 379 816 Et
399 773 487 832 jam
514 773 689 816 Saturni
710 773 900 833 quinque
926 772 1046 815 fuere
1069 771 1173 815 dies.

253 845 372 904 Ergo
404 860 484 887 nee
514 845 679 904 argenti
709 860 781 887 sex
808 842 1013 904 scriptula
1044 843 1270 903 Septitiani

240 972 252 984 ’
273 975 515 1009 Saturnalibus
533 988 677 1009 munera
694 988 861 1009 commea-

186 1030 269 1062 baut
284 1055 292 1069 ,
314 1037 355 1061 ut
380 1027 515 1062 calend.
537 1029 694 1062 Jauuarii
715 1029 859 1062 Strenae.

186 1082 352 1115 Martialis
386 1081 498 1115 amico
529 1082 673 1115 cuilibet
702 1081 861 1115 libellum

185 1136 494 1180 epigrammatum,
516 1136 570 1168 vel
602 1134 697 1168 aliud
726 1133 862 1168 donum

186 1187 362 1233 quoddam
396 1188 554 1230 miserat,
582 1201 646 1233 pro
674 1200 745 1233 quo
772 1188 862 1221 nihil

187 1250 392 1286 acceperat:
418 1241 500 1275 hinc
530 1242 638 1274 iratus
662 1250 764 1286 poeta
789 1243 863 1287 ejus

187 1294 365 1327 avaritiam
396 1294 462 1327 hoc
492 1295 740 1340 epigrammate
773 1295 862 1328 inse-

186 1355 314 1380 ctatur.

240 1419 292 1425 —-
312 1400 353 1433 In
381 1400 554 1444 plerisque
582 1401 621 1433 In
652 1401 862 1433 dissimulato-

188 1466 249 1485 rem
264 1480 272 1492 ,
300 1452 396 1498 quod
421 1453 642 1486 mutavimus.
677 1454 737 1486 Ad
759 1454 863 1498 Septi-

187 1509 310 1539 clamem
331 1506 457 1539 lemma
482 1514 534 1539 est
556 1505 593 1538 iu
617 1506 698 1539 cod.
724 1507 862 1539 Thuan.

189 1567 221 1591 et
252 1559 288 1591 In
310 1559 582 1591 Dissimulatorem
603 1559 809 1604 Sesilitianmn
830 1561 862 1592 in

189 1610 267 1644 Ald.
289 1612 386 1644 Junt.
406 1612 522 1644 Colin.
539 1619 605 1644 etc.

245 1678 276 1696 2.
306 1665 356 1697 Et
374 1666 443 1708 jam
470 1664 602 1698 Saturni
622 1667 754 1708 quinque:
772 1666 864 1707 ficere

190 1717 269 1749 dies.
288 1717 331 1750 ld
354 1725 404 1750 est
416 1743 425 1758 ‚
441 1718 512 1762 jam
531 1718 630 1749 finita
649 1725 730 1750 sunt
750 1718 865 1751 Satur.

190 1769 300 1810 nalia,
320 1782 396 1815 quae
418 1769 461 1803 ad
482 1770 643 1815 quintum
664 1769 759 1802 diem
781 1783 866 1814 pro-

191 1830 342 1855 traxerat
360 1823 526 1867 Caligula.
545 1822 628 1856 Vid.
644 1822 739 1868 Lips.
755 1823 816 1856 lib.
837 1825 865 1864 l,

191 1887 264 1920 cap.
286 1876 305 1908 3
326 1884 360 1908 et
381 1879 426 1916 43
447 1876 604 1909 Macroh.
629 1874 672 1908 de
694 1876 748 1909 his
766 1876 866 1910 lucu--

191 1928 322 1961 lentum
338 1927 531 1962 doctorem.
547 1930 622 1963 Cur
635 1941 698 1973 per
712 1929 776 1962 hos
792 1928 867 1962 dies

193 1981 435 2026 imperitarent
463 1982 577 2023 servi,
599 1980 671 2014 vid.
697 1982 759 2014 lib.
789 1982 842 2015 III
857 2008 866 2022 ‚

193 2034 305 2077 epigr.
322 2045 417 2068 xxrx.
439 2035 505 2067 En.

248 2086 283 2119 3.
298 2086 469 2131 Scriptula.
489 2087 545 2120 Sic
563 2087 723 2120 Pulman.
743 2086 866 2121 codex.

195 2139 234 2170 In
251 2138 460 2183 quibusdam
472 2165 481 2180 ,
497 2140 683 2184 Septiliane,
699 2139 744 2172 ad
762 2153 866 2185 quem

194 2192 396 2236 epigramm.
417 2192 528 2226 ultim.
543 2193 605 2226 lib.
627 2194 690 2226 XI.
711 2215 762 2219 -—
776 2194 868 2237 Ergo

195 2257 249 2276 nec
275 2246 422 2288 argenti,
451 2253 515 2278 etc.
541 2245 630 2286 Quis
656 2246 700 2279 sit
730 2246 767 2278 in
798 2246 866 2280 hoc

195 2309 296 2329 versu
315 2305 349 2330 et
371 2297 597 2342 sequentibus
628 2297 717 2331 ordo
741 2299 866 2331 verbo-

196 2362 273 2381 rum
285 2358 319 2382 et
327 2362 462 2391 sensus,
478 2363 550 2383 non
561 2351 743 2396 perspicue
759 2359 865 2396 patet.

196 2402 270 2446 Ego
277 2402 447 2447 virgulam
458 2412 535 2449 post
544 2415 665 2437 vocem
677 2404 863 2448 Septitiam',

198 2463 228 2487 et
266 2463 385 2488 notam
418 2456 703 2501 interrogationis
716 2482 725 2497 ‚
764 2469 867 2501 quam

200 2508 306 2540 miror
327 2507 444 2541 deesse
467 2509 501 2542 in
524 2510 688 2542 omnibus
705 2509 869 2542 editioni-

199 2561 262 2593 bus
282 2573 364 2605 quas
383 2563 540 2594 consului
556 2588 564 2601 ‚
585 2571 661 2607 post
676 2575 793 2595 vocem
814 2566 871 2594 mai

201 2626 292 2656 pono
305 2640 312 2653 ‚
329 2614 374 2647 ita
394 2623 429 2647 ut
443 2614 499 2647 hic
514 2615 570 2648 fiat
585 2627 702 2649 sensus
720 2628 725 2647 z
746 2616 870 2648 Nonne

920 976 1018 1008 fuere
1045 987 1101 1008 sex
1135 975 1299 1020 scriptula
1331 976 1462 1020 argenti
1489 977 1603 1022 Septi-

921 1029 1006 1061 tiani
1020 1054 1029 1070 ‚
1053 1041 1170 1061 nonne
1195 1028 1264 1061 fuit
1284 1041 1409 1074 mappa
1431 1042 1500 1074 quat
1522 1032 1600 1062 solat

922 1083 1003 1114 mitti
1021 1096 1040 1113 a
1062 1081 1173 1114 cliente
1190 1108 1198 1121 ‚
1227 1090 1290 1115 etc.
1315 1082 1441 1127 quibus
1461 1095 1516 1115 me
1535 1082 1601 1116 do-

921 1147 1005 1168 nare
1032 1147 1169 1180 posses,
1198 1134 1244 1168 ita
1274 1143 1311 1167 ut
1339 1143 1373 1167 te
1401 1136 1600 1169 meminisse

922 1188 991 1221 mei
1006 1187 1215 1233 appareret?
1230 1188 1296 1221 Vel
1308 1189 1398 1221 forte
1415 1202 1422 1221 ε
1442 1190 1495 1221 An
1513 1189 1601 1222 mihi

922 1240 1015 1274 dices
1045 1241 1182 1274 nullum
1216 1242 1321 1274 fuisse
1348 1243 1600 1275 munusculum

922 1295 1066 1328 missum
1078 1294 1142 1327 tibi
1159 1307 1176 1327 a
1190 1294 1376 1328 clientibus
1388 1321 1397 1335 ‚
1413 1294 1509 1339 qnod
1525 1296 1600 1329 vice

922 1356 980 1380 tna
1003 1347 1089 1380 mihi
1115 1347 1288 1389 mitteres,
1317 1356 1355 1381 ut
1381 1349 1448 1381 mei
1476 1349 1600 1382 memi-

921 1400 1011 1434 nisse
1037 1409 1070 1433 te
1096 1399 1213 1434 dicere
1236 1414 1353 1446 posses
1368 1427 1376 1442 ,
1396 1401 1529 1434 scilicet
1547 1415 1598 1434 sear

921 1454 1092 1498 scriptula,
1111 1463 1175 1487 etc.
1198 1453 1341 1487 Judicet
1368 1455 1489 1487 lector.
1511 1455 1600 1487 Mihi

922 1515 1015 1539 certe
1035 1505 1170 1539 videtur
1182 1519 1300 1539 vocem
1319 1510 1411 1539 missa
1426 1508 1460 1540 in
1477 1516 1600 1552 quarto

923 1572 1024 1592 versu
1045 1572 1116 1591 non
1142 1572 1240 1605 posse
1259 1559 1300 1592 ad
1324 1560 1519 1593 Martialem
1547 1574 1600 1593 re-

923 1613 1027 1653 ferri,
1055 1625 1166 1657 quum
1200 1613 1265 1645 hac
1300 1626 1385 1646 voce
1417 1614 1550 1646 sublata
1582 1628 1600 1646 ιι

923 1666 1051 1711 querulo
1071 1679 1184 1710 mappa
1212 1667 1321 1698 cliente
1339 1693 1347 1705 ,
1376 1666 1473 1698 ouini
1500 1679 1599 1700 sensu

922 1717 1127 1751 destitutum
1160 1727 1355 1763 superesset
1373 1745 1381 1759 ‚
1413 1719 1479 1751 nisi
1512 1720 1601 1753 forte

923 1771 1153 1804 subaudiatur
1166 1774 1305 1811 veniens,
1315 1771 1409 1816 quod
1425 1784 1546 1817 parum
1558 1773 1605 1806 la-

924 1824 1050 1857 tinum.
1063 1824 1165 1856 Nunc
1178 1823 1321 1869 quidam
1336 1825 1603 1869 interrogabunt

925 1877 1039 1909 forsan
1062 1875 1149 1922 quid
1171 1877 1215 1909 sit
1236 1885 1418 1921 argentum
1437 1877 1604 1922 Septitia-

925 1942 1021 1962 num.
1032 1929 1108 1962 Hoc
1122 1942 1193 1962 non
1208 1938 1362 1969 constat;
1376 1929 1516 1963 videtur
1528 1943 1603 1964 eer-

926 1991 959 2015 te
979 1995 1020 2015 ex
1042 1982 1308 2015 enumeratione
1324 1983 1550 2028 subsequenti
1571 1993 1604 2017 et

925 2047 1028 2068 sensu
1050 2035 1155 2068 totius
1174 2035 1451 2080 epigrammatis,
1470 2037 1605 2082 aliquid

925 2088 1033 2121 fuisse
1053 2088 1151 2133 parvi
1168 2088 1274 2133 pretii
1290 2102 1298 2128 ;
1317 2087 1411 2120 idem
1429 2098 1463 2122 et
1484 2102 1525 2122 ex
1544 2090 1605 2124 lib.

928 2141 1028 2182 VIII,
1049 2141 1161 2186 epigr.
1183 2153 1265 2173 LXXI
1279 2167 1289 2182 ,
1312 2154 1359 2174 vs.
1387 2144 1406 2173 6
1421 2168 1430 2182 ‚
1450 2152 1606 2188 apparet.

927 2193 1032 2226 Forte
1053 2193 1222 2239 Septitius
1241 2194 1309 2226 fuit
1333 2194 1487 2236 aurifex,
1506 2197 1605 2239 cujus

925 2254 1111 2291 argentum
1129 2255 1201 2279 erat
1216 2255 1307 2279 notae
1329 2246 1524 2280 deterioris.
1538 2249 1605 2281 Vel

927 2298 1022 2344 quod
1041 2299 1123 2332 huic
1141 2299 1256 2332 sensui
1270 2299 1489 2344 proximum,
1507 2301 1604 2334 mala:

926 2351 1011 2384 fidei
1029 2352 1211 2396 operarius
1224 2360 1257 2384 et
1274 2360 1445 2385 mercator
1462 2353 1520 2398 qui
1539 2366 1603 2398 pro

929 2413 1072 2449 argento
1094 2404 1320 2449 argyrodeta‚
1334 2405 1453 2449 gallice
1477 2406 1603 2450 dupla-

930 2460 990 2502 que'
1002 2458 1131 2490 ementi
1149 2457 1250 2491 dabat
1265 2484 1274 2498 ‚
1288 2458 1399 2491 fallaci
1422 2459 1518 2491 librae
1538 2459 1603 2492 im-

931 2510 1041 2554 posita
1055 2536 1064 2547 ,
1082 2511 1129 2542 ita
1149 2519 1185 2544 ut
1206 2511 1331 2544 falsum
1349 2510 1503 2556 pondus,
1523 2512 1605 2545 falsa

932 2564 1073 2596 materia
1094 2571 1191 2596 esset.
1217 2563 1371 2597 Raderus
1392 2564 1605 2597 mentionem

931 2616 1010 2649 facit
1041 2616 1139 2649 librae
1174 2616 1401 2662 Septitianae,
1428 2629 1506 2661 quae
1535 2626 1605 2650 erat

1311 2678 1400 2731 31³
