2061 3288
421 238 1014 284 EPIGRAMMATUM
1051 238 1176 282 LIB.
1218 239 1315 282 III.

1482 237 1573 283 361

301 330 358 372 Et
385 326 515 371 sedeo
539 341 626 387 qua
650 335 692 370 te
716 327 896 371 suscitat
919 327 1135 371 Oceanus.
1554 355 1583 371 ω

235 400 357 457 Quot
380 398 487 443 mihi
512 398 713 442 Caesareo
740 397 843 442 facti
869 406 970 442 sunt
995 412 1178 441 munere
1201 397 1338 453 cives,

302 466 604 514 Nec‘famulos
625 467 806 513 totidem
829 468 1028 529 suspicor
1048 484 1141 512 esse
1166 467 1262 512 tibi.

235 539 319 585 Sed
345 538 570 601 paedicaris
591 558 602 595 ;
633 539 708 583 sed
733 538 939 601 pulchre,
965 537 1168 595 Naevole,
1193 555 1320 583 ceves
1342 556 1351 581 :

302 612 399 654 Jam
425 610 515 671 jam
544 611 604 656 sic
632 610 752 671 prior
781 627 851 668 es,
876 609 1087 667 Naevole3
1114 610 1252 655 vincis
1277 627 1286 653 ε
1317 612 1422 654 Ave,

163 755 258 790 Talis
280 755 413 790 idcirco
435 755 605 790 Martialis
622 763 742 790 noster
762 755 840 789 fuit.

221 821 280 844 10.
301 810 351 842 Et
370 810 460 842 sedeo
476 823 537 856 qua
557 817 603 851 te,
624 817 690 843 etc.
712 809 762 843 Ut
779 808 842 842 tri-

163 863 283 897 bunus
304 862 514 896 honorarius
528 888 537 905 ‚
558 862 606 896 sic
629 870 663 896 et
688 861 842 896 honora-

164 916 236 949 rius
248 928 355 961 eques
365 916 431 950 fuit
440 915 611 949 Martialis
624 941 633 954 ,
648 928 722 949 non
736 927 843 949 censu

164 977 198 1002 et
219 981 346 1014 genere
358 995 367 1011 ‚
383 968 443 1003 sed
458 969 578 1003 favore
594 968 766 1014 principis
782 981 792 1011 ;
811 977 845 1002 et

165 1034 208 1055 ex
226 1035 372 1056 munere
392 1022 679 1068 tribunitio,quo
691 1022 751 1068 qui
767 1022 846 1056 fun-

163 1075 336 1120 gebantur
362 1075 455 1109 intra
478 1074 744 1122 quatuordecim
767 1087 844 1121 gra*

165 1127 232 1163 dus
259 1137 415 1175 spectare
437 1137 614 1174 poterant.
644 1151 697 1155 —
723 1129 797 1173 Qua
817 1137 846 1161 te

165 1185 296 1214 suscitat
321 1182 476 1216 Oceanus.
500 1183 660 1216 Oceanus
675 1208 683 1224 ‚
703 1182 793 1215 sicut
812 1190 847 1215 et

165 1234 305 1268 Lectius
321 1260 331 1276 ,
368 1244 466 1269 eraut
499 1235 659 1268 homines
696 1247 846 1280 quorum

166 1300 297 1321 munus
311 1296 384 1321 erat
399 1287 581 1334 designare
599 1301 702 1322 suum
719 1288 846 1333 cuique

165 1340 283 1374 locum
311 1341 347 1374 in
370 1342 526 1383 theatro,
551 1350 583 1375 et
605 1355 648 1375 ne
669 1341 745 1387 quis
764 1342 846 1375 alie·

165 1406 252 1427 num
280 1403 470 1440 occuparet
490 1394 692 1440 providere.
723 1395 848 1428 Naevo-

165 1447 239 1480 lum
259 1458 340 1492 ergo
360 1460 432 1481 non
450 1449 606 1494 equitem
625 1461 666 1481 ex
682 1456 847 1493 quatuor·

167 1498 282 1533 decim
295 1501 465 1535 subselliis
474 1526 484 1543 ‚
496 1501 555 1534 ubi
567 1500 737 1535 sedebant
753 1501 849 1546 equi-

167 1561 218 1587 tes
229 1580 237 1595 ,
246 1554 475 1596 amovissent,
487 1555 514 1588 si
527 1555 577 1587 ibi
593 1553 714 1588 sedere
727 1554 849 1588 fuisset

168 1618 280 1640 ausus.
301 1606 385 1640 Vid.
405 1607 498 1642 Suet.
519 1608 556 1641 in
576 1609 754 1653 Augusto,
772 1620 846 1653 cap.

172 1664 237 1700 143
261 1667 295 1693 et
311 1660 500 1700 Nostrum,
525 1661 589 1693 lib.
613 1662 660 1703 V,
679 1661 846 1706 epigram.

170 1724 273 1754 xxxv,
287 1726 335 1747 vs.
357 1715 375 1747 5
394 1729 402 1754 3
420 1714 481 1747 lib.
498 1715 546 1755 V,
565 1714 672 1759 epigr.
690 1727 770 1756 x1v;
784 1714 846 1747 lib.

902 755 955 789 VI
967 780 978 797 ‚
999 755 1111 801 epigr.
1125 766 1175 789 xx.
1189 775 1242 781 —
1255 755 1405 789 suscitat.
1423 755 1584 789 Verbum

902 817 953 842 est
971 809 1158 843 theatrale:
1174 808 1240 842 hoc
1251 817 1320 851 est,
1337 807 1492 855 quodam
1506 809 1582 843 loco

902 870 1058 896 amovet.
1076 862 1143 896 En.

961 927 974 948 1
987 928 1020 949 1.
1042 916 1131 960 Quot
1150 915 1226 948 mihi
1246 914 1394 948 Caesareo
1409 943 1419 956 ‚
1443 923 1508 949 etc.
1525 915 1586 949 In-

904 969 982 1003 nuit
1007 982 1026 1003 a
1046 981 1081 1002 se
1103 968 1333 1014 impetratum
1352 981 1424 1003 esse
1445 969 1586 1011 multis,

907 1035 925 1055 a
940 1021 1132 1056 Caesaribus
1148 1024 1201 1068 jus
1220 1022 1384 1063 civitatis,
1397 1030 1437 1055 ut
1451 1022 1586 1055 Plinius

906 1075 1109 1121 impetravit
1125 1075 1243 1108 multis
1254 1089 1263 1118 3
1276 1075 1373 1121 quod
1396 1084 1530 1109 constat
1543 1088 1585 1109 ex

906 1137 980 1162 toto
1000 1129 1092 1162 libro
1112 1129 1144 1162 X
1164 1129 1414 1175 Epistolarum.

963 1195 976 1215 1
989 1196 1021 1217 2.
1031 1182 1245 1226 Necfmnulos
1260 1182 1398 1215 totidem.
1410 1182 1491 1215 Non
1505 1189 1587 1215 sunt

906 1234 1053 1269 totidem
1063 1248 1149 1280 quos
1161 1245 1255 1269 tenes
1263 1235 1298 1268 in
1312 1236 1489 1277 servitute,
1499 1243 1585 1280 quot

906 1289 1067 1322 homines
1087 1289 1185 1334 quasi
1204 1288 1333 1322 donavi
1350 1289 1501 1322 civitate.
1515 1289 1583 1321 Ex).

966 1355 978 1375 1
990 1346 1024 1382 4.
1044 1342 1199 1386 Jamjum
1220 1350 1251 1374 tu
1265 1344 1355 1387 prior
1372 1356 1403 1374 es
1421 1342 1588 1375 Pulmon-

906 1408 971 1428 nus
988 1419 997 1434 ‚
1019 1396 1161 1440 aliique.
1192 1415 1242 1420 —
1265 1395 1320 1428 Sic
1342 1398 1433 1440 prior
1453 1408 1495 1428 es.
1522 1395 1585 1428 His

907 1448 1064 1494 pulchris
1083 1449 1216 1481 artibus
1233 1461 1289 1481 me
1306 1448 1428 1482 vincis.
1448 1449 1517 1481 Alii
1536 1449 1587 1481 in-

907 1501 1070 1547 telligunt
1094 1514 1102 1534 :
1129 1502 1210 1535 Non
1239 1501 1376 1534 honore
1403 1502 1502 1547 prior
1524 1513 1559 1534 es
1575 1527 1584 1542 ‚

906 1554 967 1588 sed
983 1556 1060 1588 loco
1074 1581 1082 1596 ‚
1096 1553 1183 1588 dum
1197 1555 1373 1589 inclinaris
1388 1567 1397 1597 ;
1415 1553 1510 1600 quod
1526 1555 1587 1600 qui

907 1607 1100 1653 predicatur
1141 1608 1296 1641 anterior
1326 1617 1387 1641 est.
1420 1629 1473 1634 —-
1506 1609 1587 1641 Αἰύ.

908 1662 1000 1706 E1g0
1022 1670 1056 1694 te
1076 1661 1174 1706 prior
1193 1661 1348 1694 salutabo
1361 1689 1370 1703 ⁷
1391 1669 1424 1694 et
1444 1660 1589 1706 quidem

909 1715 1040 1760 incipio
1060 1716 1173 1748 fucere
1194 1714 1314 1748 dicens
1333 1727 1341 1748 :
1362 1715 1441 1748 Ave.

735 1842 998 1925 'XCVL

663 2032 715 2059 IN
755 2032 1094 2061 GARGILIUM.

383 2163 576 2215 Lm‘ffls,
602 2177 690 2204 non
718 2160 851 2204 futuis
875 2177 1014 2205 meam
1050 2159 1237 2221 puellam
1265 2181 1271 2203 ;

231 2315 243 2335 1
254 2330 261 2336 .
276 2304 398 2347 Lingis.
414 2304 588 2349 Gargilius
605 2304 750 2349 quidam
768 2317 850 2337 cun-

173 2356 324 2400 nilingus
349 2357 499 2401 jactabat
523 2369 558 2389 se
580 2365 746 2402 tauquam
767 2370 850 2390 moe-

172 2409 278 2442 chum
294 2418 327 2442 et
349 2417 595 2454 corruptorem
614 2410 740 2454 puellm
756 2411 850 2442 Mar-

171 2462 275 2495 tialis.
286 2463 539 2496 Interminatur
553 2463 601 2504 ei,
617 2463 644 2495 si
655 2463 850 2507 prehensus

172 2515 278 2548 fuerit
290 2541 299 2557 ‚
317 2527 378 2548 ore
392 2524 431 2548 ut
453 2515 664 2556 irrumetur3
688 2516 735 2549 sic
756 2517 850 2561 turpi

172 2567 367 2601 ministerio
400 2577 532 2602 versata
561 2569 689 2601 tacebit
719 2569 851 2613 lingua.

173 2620 303 2653 Similis
333 2623 433 2665 jocus
471 2620 566 2666 apud
605 2621 781 2655 Catullum
819 2624 853 2655 in

175 2672 361 2718 quenulam
387 2674 541 2707 Gellium
558 2702 565 2708 .
594 2675 693 2719 epigr
743 2689 853 2708 μην.

994 2305 1036 2337 5:
1067 2323 1079 2334 κ
1103 2305 1211 2346 Quod
1232 2305 1344 2339 voluit
1376 2307 1483 2340 fecit:
1509 2322 1588 2342 nani

913 2358 1069 2403 quamvis
1092 2358 1240 2391 irrumet
1270 2359 1384 2403 ipsum
1407 2360 1511 2393 Nunc
1531 2375 1591 2407 pa-

911 2419 1044 2452 truum,
1054 2411 1203 2443 verbum
1215 2423 1286 2443 non
1299 2412 1401 2444 faciet
1410 2422 1564 2458 patruus.
1576 2435 1587 2443 »

911 2465 1115 2497 Ramiraesiux.
1127 2465 1195 2496 Vel
1209 2464 1257 2497 sic
1274 2465 1504 2510 interpretare
1518 2481 1592 2501 vern

911 2318 960 2338 VS.

912 2518 999 2549 bum
1020 2517 1152 2555 laccbis,
1178 2516 1273 2561 quod
1291 2530 1417 2571 nempe
1437 2519 1591 2565 linguam

913 2570 956 2602 sit
987 2570 1198 2603 abscissurus
1230 2570 1277 2602 illi
1309 2571 1426 2604 Poeta.
1459 2574 1590 2618 Depre⁴

914 2623 1031 2655 heusis
1067 2623 1159 2655 enim
1192 2635 1229 2656 ca
1260 2636 1339 2667 pars
1372 2626 1586 2659 auferebum

916 2688 980 2720 qua
1000 2685 1235 2720 peccaverant.
1251 2678 1408 2721 Rutfgers,
1424 2679 1473 2711 VI
1484 2704 1492 2718 ‚
1507 2693 1533 2712 <n
1552 2692 1590 2711 Π.
