2061 3288
465 198 563 244 288

840 200 900 243 M.
923 201 1073 244 VAL.
1113 202 1502 249 MARTIALIS

533 288 603 331 Sic
632 286 764 331 modo
789 288 865 348 qui
885 289 1053 332 Tuscus
1078 289 1245 346 fueras,
1268 306 1387 335 nunc
1412 291 1565 337 Gallus
1590 293 1830 357 haruspex,

601 358 722 402 Dum
743 357 917 420 jugulas
942 359 1140 416 hircum,
1165 359 1307 405 factus
1337 378 1382 406 es
1411 363 1503 424 ipse
1535 380 1677 426 caper.

519 497 576 531 13*ο
595 497 662 541 Qui
690 497 821 530 Tuscus.
845 495 953 530 Ludit
979 505 1082 542 poeta
1101 498 1140 531 in

459 562 547 584 voce
579 549 695 584 Gallus
718 577 726 590 ,
752 550 851 595 quasi
877 550 935 583 ille
965 550 1141 596 haruspex

459 604 608 649 patriam
638 611 903 645 commutasset3
923 602 983 637 sed
1009 604 1141 637 intelli-

457 657 508 702 git
527 657 668 690 Gallum
686 657 792 690 fuisse
814 657 943 690 factum
955 683 964 699 ‚
984 656 1052 690 hoc
1065 666 1116 691 est
1128 683 1138 699 ‚

457 719 643 744 castratum
672 722 680 743 z
706 709 912 744 Sacerdotes
942 710 1036 743 enim
1069 712 1140 756 Cy-

457 764 550 798 beles
570 763 709 797 castrati
728 763 935 797 dicebantur
953 763 1058 798 Galli.

1260 503 1318 540 14.
1339 501 1410 545 Ipse
1434 514 1538 546 caper.
1567 502 1699 537 Hircus
1723 512 1757 537 et
1778 516 1882 550 caper

1201 551 1238 584 in
1255 564 1297 586 eo
1314 551 1506 595 differunt,
1525 555 1622 601 quod
1637 556 1696 590 hic
1712 565 1881 592 castratus

1200 605 1244 638 sit
1261 631 1270 647 ,
1297 605 1358 639 ille
1388 619 1474 640 vero
1496 609 1665 651 minime;
1692 610 1880 656 aliquando

1199 666 1318 691 tamen
1339 659 1618 695 confunduntur.
1642 662 1741 709 Virg.
1759 664 1880 709 Eclog.

1200 712 1297 745 VII:
1336 730 1349 742 ι
1372 713 1439 746 Vir
1464 714 1578 760 gregis
1607 715 1683 761 ipse
1722 726 1840 763 caper.
1860 734 1875 747 »

1201 763 1286 798 Vid.
1309 765 1397 800 Gell.
1415 766 1479 800 lib.
1498 768 1571 810 IX,
1591 780 1667 814 cap.
1687 782 1722 814 9.

1062 899 1270 955 XXV.

529 1057 592 1085 AD
630 1054 933 1095 FAUSUNUM,
971 1056 1031 1084 DE
1071 1054 1271 1085 SABINEO
1310 1056 1529 1087 RHETORE
1568 1040 1809 1090 FRIGIDof

598 1182 646 1225 Sl
676 1181 912 1242 temperari
937 1179 1144 1224 balneum
1171 1181 1293 1242 cupis
1319 1181 1519 1239 fervens,

599 1253 825 1308 Fausfflne,
847 1250 966 1312 quod
991 1252 1062 1295 vix
1088 1250 1286 1296 Julianus
1316 1253 1526 1299 intraret:

599 1325 748 1383 Roga,
779 1322 969 1379 lavetur,
1001 1322 1220 1367 rhetorem
1253 1323 1504 1368 Sabineum.

598 1394 872 1438 Neronianas
896 1393 968 1438 hic
994 1393 1224 1455 refrigeret
1248 1394 1455 1438 thermas.

508 1531 521 1545 ³
540 1536 646 1569 Jocus
676 1542 727 1567 est
753 1535 790 1566 in
815 1533 1004 1567 Sabiueum
1026 1532 1135 1566 Rhet-

456 1602 554 1624 orem
589 1587 855 1633 frigidissimum
892 1587 927 1619 in
957 1585 1109 1619 dicendo
1124 1613 1132 1626 ,

456 1655 563 1689 quem
589 1642 634 1674 ait
655 1640 927 1686 hyperbolicsns,
946 1652 1046 1685 posse
1067 1640 1135 1673 fer-

454 1710 538 1731 vens
554 1696 723 1729 balneum
742 1694 959 1738 refrigerare.

507 1770 560 1777 —-
590 1750 734 1782 Lemma
761 1748 797 1780 in
830 1744 1039 1779 Rex-erlandi
1060 1745 1134 1779 MS.

456 1812 507 1837 est
529 1816 536 1836 ε
562 1803 614 1835 De
634 1801 770 1834 Sabineo
793 1801 929 1832 Rlzetore
944 1799 1082 1843 frigido.

514 1868 547 1890 2.
560 1855 718 1888 Julianus.
736 1854 872 1899 Aliquis
889 1853 1055 1886 Faustino
1072 1864 1137 1884 no-

457 1919 528 1951 tus,
541 1908 599 1955 qui
615 1909 714 1953 aquis
731 1906 876 1940 nonnisi
896 1905 1138 1939 fervidissimis

458 1964 606 1997 lavabat.

512 2016 545 2049 3.
573 2017 664 2059 Rogo
692 2015 773 2046 laves
797 2015 844 2045 uti
865 2013 1015 2045 rhetorem
1042 2011 1137 2045 Sabi-

457 2084 545 2103 neum
563 2069 647 2114 legit
663 2066 882 2101 Calderinus.
904 2067 995 2110 Rogo
1017 2066 1138 2097 lavetur

459 2125 609 2156 rhetorem
630 2121 798 2155 κςαύίηειινη
820 2118 896 2152 Ald.
918 2116 998 2152 aim.
1025 2119 1135 2151 1550.

459 2179 548 2219 Rogo
582 2176 650 2208 lave
686 2176 745 2206 tuti
779 2174 929 2205 ,rhetorem
970 2171 1137 2204 sabianum

455 2219 535 2263 Ald.
559 2242 639 2262 ann.
663 2227 754 2260 1501
771 2239 780 2268 ;
796 2227 895 2259 Junt.
915 2238 997 2258 ann.
1018 2237 1031 2257 1
1043 2225 1084 2257 51
1096 2237 1112 2256 2
1128 2237 1138 2266 ς

457 2282 571 2317 Colin.
592 2294 673 2315 anu.
696 2280 809 2321 1528,
832 2279 918 2312 aliae.
942 2279 1034 2322 Rogo
1057 2277 1139 2309 lavet

458 2338 504 2369 uti
524 2336 560 2368 in
580 2332 800 2380 quibusdam.
822 2333 914 2377 Rogo
936 2332 1020 2364 laver
1037 2333 1083 2362 uti
1102 2330 1138 2364 in

459 2389 544 2422 aliis.
564 2389 710 2433 Legitur
735 2386 839 2419 etiam
865 2397 872 2418 2
899 2386 991 2429 Roga
1018 2385 1140 2417 lavetur

459 2443 508 2475 hic
536 2442 641 2473 rhetor
665 2440 844 2477 Sablneus‚·
874 2438 1044 2483 probante
1070 2438 1136 2472 Ra-

460 2494 600 2528 miresio
615 2519 623 2534 ,
643 2501 677 2526 et
693 2519 701 2534 ,
720 2493 812 2536 Rogo
829 2492 950 2524 lavetur
962 2492 1012 2523 llic
1031 2490 1137 2522 rhetor

459 2549 624 2582 Sabineus.
646 2549 728 2579 Ant.
745 2546 782 2577 de
805 2546 895 2591 Roqy·
913 2546 1003 2588 conj.
1021 2545 1132 2587 Rogo,

462 2603 543 2635 lavet
580 2600 635 2632 libi
668 2600 819 2631 rhetorem
857 2598 1035 2631 Sabineium
1052 2611 1062 2635 ‚·
1098 2605 1136 2630 ut

1196 1534 1289 1578 Rogo
1302 1533 1346 1567 sit
1358 1532 1576 1567 adhortantis
1589 1560 1598 1576 ‚
1610 1535 1665 1569 vel
1676 1547 1742 1581 pro
1755 1548 1879 1580 quoeso:

1196 1586 1245 1620 sic
1267 1599 1371 1631 supra
1386 1612 1396 1628 ‚
1428 1587 1489 1620 lib.
1514 1587 1549 1619 II
1565 1613 1574 1628 ‚
1601 1587 1710 1633 epigr.
1744 1600 1824 1632 xw3
1847 1597 1882 1622 et

1196 1639 1259 1672 lib.
1280 1640 1335 1678 II,
1355 1639 1463 1685 epigr.
1489 1653 1608 1673 unx.
1630 1662 1682 1666 —
1697 1641 1878 1676 Sabineum.

1196 1693 1365 1738 Ineptum
1384 1705 1522 1737 nempe.

1254 1749 1272 1785 4
1280 1771 1286 1777 .
1300 1745 1503 1778 Neronianas
1518 1749 1543 1778 is
1560 1747 1731 1791 refrigerat
1744 1748 1879 1780 thermas

1196 1798 1216 1830 J
1220 1807 1294 1831 unt.
1316 1810 1397 1832 ann.
1425 1798 1492 1832 151
1505 1812 1534 1831 2.
1557 1799 1759 1833 Neronianas
1782 1803 1809 1833 is
1830 1814 1879 1833 re·

1189 1852 1333 1896 stiget-at
1352 1852 1485 1884 thermas
1501 1851 1581 1886 Ald.
1602 1853 1718 1886 Colin.
1739 1853 1877 1900 Gryph.

1199 1913 1263 1938 etc.
1303 1906 1469 1949 refrigeret
1498 1917 1565 1949 pro
1604 1906 1774 1950 refrigerat
1804 1919 1878 1940 non

1198 1958 1311 2003 placet
1332 1957 1445 1991 eidem
1463 1958 1545 1991 Ant.
1569 1957 1606 1990 de
1626 1959 1727 2004 Boos.
1747 1980 1800 1985 —
1815 1960 1880 1993 Ne-

1198 2015 1359 2044 ronianas.
1393 2010 1533 2044 Caeteris
1558 2010 1754 2045 calidiores.
1786 2011 1879 2045 Vide

1197 2064 1257 2097 lib.
1281 2064 1317 2096 II
1331 2090 1339 2105 ,
1355 2064 1463 2108 epigr.
1486 2075 1602 2096 XLVIII
1620 2076 1628 2105 ;
1654 2072 1687 2097 et
1708 2065 1771 2098 lib.
1787 2065 1878 2106 VII,

1198 2117 1306 2162 epigr.
1336 2129 1454 2150 xxxiv.
1487 2137 1539 2142 -—
1573 2117 1763 2162 Reli-igeret.
1798 2118 1877 2151 Hoc

1198 2178 1269 2210 est,
1303 2170 1364 2215 qui
1394 2170 1449 2202 vel
1479 2181 1603 2214 aquam
1635 2170 1877 2204 calidissimam

1198 2223 1404 2269 refrigerare
1423 2222 1546 2268 possit.
1565 2222 1671 2256 Jocus
1693 2232 1744 2257 est
1769 2237 1789 2256 a
1815 2224 1878 2256 fri-

1198 2289 1281 2323 gore
1308 2277 1397 2310 aeris
1419 2276 1464 2309 ad
1491 2276 1659 2309 orationis
1688 2277 1797 2322 frigus
1817 2289 1878 2309 seu

1198 2330 1316 2376 potius
1337 2330 1497 2374 ineptias.
1517 2329 1672 2362 Dicimus
1691 2330 1785 2362 enim
1804 2342 1879 2362 ora-

1199 2384 1333 2416 tionem
1358 2383 1514 2428 ineptam
1545 2382 1682 2427 frigere.
1715 2382 1808 2416 Suet.
1839 2382 1877 2414 in

1199 2435 1349 2470 Claudio
1371 2447 1444 2481 cap.
1471 2440 1513 2476 41
1538 2447 1545 2468 :
1572 2452 1585 2464 ιι
1605 2436 1648 2468 Et
1670 2447 1778 2480 quum
1797 2434 1876 2479 pri-

1198 2502 1296 2522 mum
1325 2489 1498 2534 frequenti
1527 2486 1701 2521 auditorio
1729 2488 1876 2520 commi—

1196 2543 1316 2584 sisset,
1347 2554 1435 2587 aegre
1468 2541 1617 2587 perlegit
1652 2541 1876 2585 refrigeratus

1195 2608 1283 2640 saepe
1305 2607 1321 2627 a
1345 2607 1380 2627 se
1400 2595 1487 2639 ipso.
1515 2612 1528 2624 ι
