2061 3288
444 219 1030 265 EPIGRAMMATUM
1069 218 1194 261 LIB.
1234 217 1333 260 III.

1497 231 1592 276 29)

731 369 1036 425 XXXIV.

676 528 746 556 AD
795 503 1107 556 cmommr*

259 655 419 699 DJGNA
453 663 530 697 tuo
557 670 635 697 cur
666 654 743 709 sis,
773 651 1035 713 indignaque
1067 651 1265 705 nomine,
1292 649 1447 693 dicam.

327 722 499 786 Frigida
527 740 571 768 es
587 760 598 780 ‚
623 725 745 785 nigra
771 740 815 767 es
840 740 848 765 :
876 739 964 766 non
990 738 1061 777 es,
1087 730 1131 764 et
1154 737 1198 764 es
1225 720 1408 764 Chione.

241 861 256 875 '¹
274 863 397 909 Neque
413 862 472 896 hic
491 862 560 896 ulla
578 862 736 896 lectionis
751 861 863 895 varie-

191 924 240 950 tas
256 924 306 950 est
318 916 354 949 in
369 916 639 961 exemplaribus.

245 982 276 1002 α.
293 969 422 1002 Chione.
442 969 529 1003 Χιὼν
547 970 605 1002 nix
619 975 691 1010 est;
709 968 782 1001 haeo
794 979 867 1000 mu-

191 1021 256 1055 lier
277 1031 349 1055 erat
376 1021 519 1067 quidem
544 1022 574 1055 C
574 1023 682 1061 itione,
704 1021 784 1067 quia
803 1021 866 1053 fri-

189 1073 266 1120 gida
281 1083 365 1116 erat,
381 1082 419 1108 ut
435 1075 514 1116 nix3
530 1083 562 1108 at
576 1087 686 1120 quum
697 1086 768 1107 non
781 1081 868 1107 esset

924 858 1072 894 candida
1087 884 1096 901 ‚
1123 867 1163 892 ut
1187 859 1268 900 nix,
1291 857 1351 892 sed
1380 858 1501 903 nigra,
1532 870 1603 890 non

926 921 1000 947 erat
1026 913 1156 947 Chione.
1173 932 1225 938 —-
1241 910 1404 945 Notanda
1433 919 1483 944 est
1504 911 1603 944 istius

924 978 1044 1000 versus
1062 965 1151 999 ratio
1171 974 1285 999 metro
1303 976 1523 1010 repugnan53
1537 965 1603 1007 sri-

923 1019 1002 1065 gida
1021 1027 1055 1053 et
1076 1021 1169 1063 nigra
1184 1031 1257 1052 non
1278 1030 1426 1052 occursu
1451 1016 1602 1050 duarum

927 1072 1101 1107 vocalium
1118 1070 1310 1106 eliduntur.
1328 1071 1394 1104 En.

757 1214 1042 1270 XXXV.

532 1374 599 1401 DE
640 1371 904 1402 Plsclssus
944 1350 1272 1400 scunpmsf

331 1501 478 1541 ARTIS
507 1496 724 1540 Phidiacae
755 1504 952 1540 toreuma
981 1493 1172 1550 clarum,

329 1569 472 1611 Pisces
500 1568 655 1628 aspicis

244 1701 258 1715 *
289 1706 412 1751 Neque
447 1705 484 1738 in
516 1706 584 1738 hoc
619 1706 867 1751 epigrammate

193 1758 391 1792 exhibendo
410 1757 601 1804 quidquam
611 1759 747 1791 variant
758 1771 870 1791 exem-

194 1812 305 1857 plaria
324 1812 453 1857 scripta
466 1837 474 1853 ‚
493 1820 550 1844 aut
568 1812 660 1857 typis
679 1811 855 1856 impressa.

250 1877 283 1898 1.
306 1865 399 1898 Artis
424 1865 599 1897 Phidiacae.
629 1864 708 1896 Non
735 1863 831 1909 quod
852 1876 870 1896 a

193 1916 318 1950 Phidia
339 1918 520 1951 fabrefacti
539 1916 670 1950 fuerint
684 1916 721 1949 hi
739 1916 849 1962 pisces
861 1942 869 1958 ‚

195 1970 256 2003 sed
289 1969 386 2015 quod
419 1971 478 2003 ille
510 1969 652 2003 Phidias
671 1996 680 2011 ‚
713 1969 871 2015 sculptor

196 2023 418 2056 Atheniensis
442 2023 652 2056 clarissimus
667 2049 675 2064 ‚
698 2023 756 2068 qui
779 2034 870 2055 anno

197 2076 239 2109 ab
258 2076 355 2109 Urbe
382 2075 523 2109 condita
541 2076 680 2110 circiter
711 2074 783 2108 300
808 2074 871 2107 flo-

196 2128 292 2167 ruit,
326 2129 521 2163 toreuticen
548 2129 705 2170 invenit,
732 2127 769 2161 id
799 2136 872 2169 est,

685 1584 692 1610 :
719 1566 829 1610 adde
858 1581 1039 1627 aquam,
1067 1564 1294 1609 natabunt.

927 1713 1037 1737 artem
1077 1702 1382 1737 conficiendorum
1428 1710 1606 1734 toreuma-

928 1765 1026 1791 tum:
1039 1766 1089 1791 est
1103 1765 1218 1790 autem
1230 1764 1387 1789 toreuma
1400 1767 1487 1800 opus
1501 1762 1605 1787 torno

929 1811 1058 1843 factum
1077 1818 1111 1842 et
1127 1810 1285 1843 caelatum
1307 1806 1449 1853 (τοξεύω
1463 1834 1472 1848 ,
1497 1815 1586 1839 torno
1600 1835 1608 1845 ‚

929 1863 1036 1907 sculpo
1047 1861 1070 1902 ).
1106 1862 1221 1903 Quam
1255 1870 1364 1894 artem
1397 1861 1433 1893 in
1468 1872 1608 1892 summo

930 1916 1085 1949 habitam
1098 1915 1205 1948 fuisse
1217 1914 1332 1960 pretio
1346 1912 1448 1946 docet
1462 1912 1608 1953 Plinius,

930 1969 992 2001 lib.
1012 1969 1165 2009 XXXV,
1183 1980 1257 2012 cap.
1284 1979 1338 1999 10.

987 2035 1018 2054 2.
1047 2021 1144 2054 Adde
1168 2032 1294 2065 aquam.
1321 2017 1419 2050 Adeo
1448 2026 1607 2051 naturam

932 2074 1139 2108 aemulantur
1151 2098 1159 2113 ,
1173 2082 1213 2106 ut
1230 2070 1347 2105 addita
1364 2083 1450 2116 aqua
1467 2069 1609 2104 videan-

932 2135 990 2160 tur
1008 2126 1173 2160 nataturi.
1200 2124 1283 2158 Vid.
1308 2124 1397 2157 infra
1418 2123 1531 2169 epigr.
1561 2136 1609 2155 Lx.

1329 2740 1385 2784 19
