2061 3288
465 250 557 279 110
835 234 898 277 Μ.
919 235 1060 277 VAL.
1101 233 1495 279 MARTIALIS

504 320 677 355 Patavinae
697 319 795 353 urbis
820 319 917 365 regio
930 345 939 361 ‚
962 331 1065 353 aurea
1088 332 1294 366 camporum
1313 320 1473 355 ubertate
1489 319 1586 355 dives
1598 347 1607 363 ,
1626 329 1661 355 et
1681 323 1869 370 multiplici

452 383 585 408 naturae
602 373 817 419 benignitate
838 373 1015 406 luxuriosa
1026 398 1035 413 ‚
1054 373 1160 407 nullis
1175 382 1290 407 tamen
1309 374 1539 419 amplioribus
1551 382 1713 409 censetur
1724 377 1868 422 opibus,

453 440 560 474 quam
576 426 719 473 copiosa
739 426 858 471 gloriae
875 438 984 460 messe
1001 439 1042 459 ex
1057 426 1245 472 Apollineo
1261 426 1323 460 illo
1338 426 1470 460 civium
1484 440 1629 461 suorum
1648 428 1868 464 triumviratu

444 481 643 515 recollecta.

746 524 904 558 Apollodoro
911 524 1009 559 plaudit
1024 524 1143 550 imbrifer
1158 524 1241 550 Nilus.

501 592 688 625 Plausibus
709 590 893 625 sistrorum
915 598 951 623 et
974 589 1271 635 crepitaculorum
1293 590 1465 624 sonitibus
1486 590 1614 625 Isidem
1635 591 1736 625 deam
1758 593 1868 626 comi-

451 646 639 687 tabantur,
659 652 693 678 et
706 643 883 677 nobilium
901 643 1057 676 virorum
1071 669 1080 685 ,
1100 642 1255 676 divinam
1276 643 1466 689 imaginem
1484 644 1521 677 in
1541 644 1644 678 terris
1662 645 1759 690 quasi
1778 646 1869 679 refe-

450 699 623 740 rentium,
643 697 815 731 adventus
842 696 1063 730 celebrabant
1080 695 1251 742 AEgyptii.
1273 689 1385 738 (Vid.
1404 696 1488 730 Stat.
1506 698 1741 743 propemptic.
1757 698 1868 732 Metio

452 752 568 786 Celeri
582 778 591 796 ,
603 751 664 785 lib.
683 751 738 783 ΙΠ
753 750 925 783 Silvarum
941 762 951 791 ;
969 749 1100 782 Tibull.
1115 748 1159 782 ad
1173 749 1326 790 Deliam3
1346 749 1452 783 Ovid.
1466 750 1608 784 Metam.
1623 751 1686 785 lib.
1702 751 1735 784 X
1745 777 1754 792 ,
1769 749 1850 791 etc.)

750 819 854 844 Nasone
869 817 971 850 Peligni
985 824 1078 842 sonant.

502 887 729 932 Pelignorum
747 886 844 932 regio
866 885 988 919 multis
1009 897 1183 931 aquarum
1202 885 1380 919 canalibus
1403 894 1439 919 et
1463 885 1654 919 fluviorum
1678 885 1868 920 decurren-

452 941 540 974 tium
561 941 661 985 lapsu
680 939 870 973 altisonans
882 965 891 981 ,
915 939 1018 972 altius
1031 946 1147 972 tamen
1159 938 1283 973 reboat
1300 937 1420 971 Ovidii
1435 938 1598 973 laudibus
1608 965 1617 981 ‚
1636 952 1713 985 quae
1725 939 1868 985 quidem

452 1006 563 1040 quum
578 993 808 1027 decantentur
823 993 859 1026 in
877 992 963 1038 ripis
975 1018 983 1033 ‚
996 1004 1092 1037 aquae
1110 992 1212 1037 plana
1223 991 1406 1037 superficie
1421 992 1560 1037 longius
1567 993 1868 1038 repercutiuntur.

748 1062 872 1095 Duosque
885 1061 995 1086 Senecas
1007 1081 1013 1090 ,
1034 1062 1190 1095 unicumque
1205 1061 1336 1087 Lucanum

825 1109 940 1133 Facunda
956 1108 1060 1142 loquitur
1076 1107 1206 1133 Corduba.

451 1175 637 1222 Proprium
660 1182 710 1208 est
729 1172 904 1207 facundiae
916 1199 925 1215 ‚
944 1174 1040 1219 loqui.

749 1242 862 1267 Gaudent
875 1242 967 1267 Jocosae
981 1242 1063 1266 Canio
1076 1251 1124 1266 suo
1139 1242 1224 1266 Gades

837 1292 947 1315 Emerita
962 1290 1076 1314 Deciano
1095 1299 1161 1314 meo.

505 1357 612 1390 Omni
630 1355 799 1390 ludorum
820 1356 1081 1401 gaudiorumque
1102 1355 1223 1400 generi
1244 1353 1356 1387 dediti
1375 1352 1561 1393 Gaditani,
1579 1353 1688 1386 Canio
1702 1353 1866 1397 gaudent,-

451 1411 546 1444 nulla
560 1410 687 1456 justior
706 1409 748 1442 iis
767 1407 909 1442 laetandi
928 1420 1050 1450 causa,
1069 1420 1172 1453 quam
1192 1407 1289 1454 quod
1312 1407 1459 1441 Canium
1485 1405 1680 1447 ediderint,
1708 1407 1866 1452 ipsorum

452 1476 582 1497 nomen
610 1475 692 1497 cum
719 1475 782 1496 suo
806 1462 950 1496 nomine
977 1460 1172 1507 posteritati
1203 1459 1530 1494 commendaturum
1554 1471 1562 1492 t
1585 1458 1738 1493 secundo
1766 1472 1866 1492 versu

449 1516 659 1550 subauditur
688 1517 835 1549 verbum
855 1515 1019 1561 gaudent,
1051 1514 1132 1560 quia
1163 1514 1322 1548 Emerita
1351 1512 1506 1560 ejusdem
1537 1512 1690 1557 regionis
1722 1512 1866 1553 civitas,

450 1569 573 1604 iisdem
595 1569 764 1603 moribus.

746 1626 784 1650 Te
792 1645 798 1655 ,
813 1625 944 1650 Liciniane
956 1643 962 1653 ‚
973 1624 1119 1657 gloriabitur
1129 1630 1218 1649 nostra

970 1691 1047 1697 .....
1055 1672 1165 1697 Bilbilis.

453 1738 620 1774 Gloriosus
639 1736 767 1772 natura
783 1750 843 1771 sua
861 1737 1017 1772 Celtiber
1028 1764 1038 1779 ‚
1057 1737 1180 1783 suique
1194 1736 1356 1772 laudator
1373 1736 1601 1771 ambitiosus:

744 1810 799 1833 Nec
811 1817 851 1833 me
867 1809 951 1833 tacebit
961 1807 1062 1832 Bilbilis.

449 1876 490 1908 In
510 1887 583 1920 quo
602 1873 912 1908 animadvertenda
931 1874 1102 1907 Martialis
1122 1872 1304 1908 modestia.

502 1928 585 1961 Haec
608 1936 708 1970 sunt,
726 1929 858 1970 lector,
882 1940 960 1974 quae
982 1928 1046 1961 tibi
1066 1926 1267 1961 meditanda
1287 1926 1412 1972 subjici
1431 1925 1625 1964 voluimus,
1644 1933 1682 1957 ut
1704 1923 1769 1956 alia
1790 1935 1863 1955 me-

449 1980 587 2015 ditandi
606 1980 688 2014 inde
702 1981 920 2015 occasionem
938 1981 1130 2027 arriperes;
1146 1993 1223 2027 quae
1242 1981 1270 2013 si
1292 1992 1363 2013 non
1385 1979 1530 2012 omnino
1547 1990 1629 2011 vera
1642 1986 1695 2021 ,et
1715 1975 1863 2022 quadam

449 2048 492 2068 ex
510 2043 608 2081 parte
628 2035 810 2068 subtiliora
826 2034 1034 2081 judicaveris
1047 2060 1055 2075 ,
1067 2033 1253 2080 quamdam
1270 2034 1390 2067 saltem
1405 2032 1470 2066 tibi
1489 2032 1635 2065 afferent
1654 2030 1838 2063 utilitatem
1853 2055 1863 2071 ‚

450 2088 477 2120 si
508 2097 701 2122 accuratam
729 2087 870 2122 dicendi
896 2088 1122 2134 elegantiam,
1146 2096 1347 2133 usurpatam
1366 2100 1383 2119 a
1402 2085 1592 2119 Veteribus
1606 2111 1615 2127 ,
1638 2084 1701 2118 tibi
1722 2094 1863 2128 persua-

450 2140 555 2175 deant
573 2154 646 2176 esse
662 2141 884 2187 potissimum
902 2140 1120 2176 imitandam.
1137 2141 1204 2175 ΕΙ).
