<?xml version="1.0" encoding="UTF-8"?>
<!DOCTYPE html PUBLIC "-//W3C//DTD XHTML 1.0 Transitional//EN"
    "http://www.w3.org/TR/xhtml1/DTD/xhtml1-transitional.dtd">
<html xmlns="http://www.w3.org/1999/xhtml" xml:lang="en" lang="en">
 <head>
  <title>
</title>
<meta http-equiv="Content-Type" content="text/html;charset=utf-8" />
  <meta name='ocr-system' content='tesseract 3.04.00' />
  <meta name='ocr-capabilities' content='ocr_page ocr_carea ocr_par ocr_line ocrx_word'/>
</head>
<body>
  <div class='ocr_page' id='page_1' title='image "./epigrammata01martuoft_0298.png"; bbox 0 0 2061 3288; ppageno 0'>
   <div class='ocr_carea' id='block_1_1' title="bbox 492 237 583 292">
    <p class='ocr_par' dir='ltr' id='par_1_1' title="bbox 492 237 583 292">
     <span class='ocr_line' id='line_1_1' title="bbox 492 237 583 292; baseline 0.011 -11"><span class='ocrx_word' id='word_1_1' title='bbox 492 237 583 292; x_wconf 73' lang='lat'>134</span> 
     </span>
    </p>
   </div>
   <div class='ocr_carea' id='block_1_2' title="bbox 866 238 1518 283">
    <p class='ocr_par' dir='ltr' id='par_1_2' title="bbox 866 238 1518 283">
     <span class='ocr_line' id='line_1_2' title="bbox 866 238 1518 283; baseline 0.005 -3"><span class='ocrx_word' id='word_1_2' title='bbox 866 239 928 280; x_wconf 84' lang='lat' dir='ltr'>M.</span> <span class='ocrx_word' id='word_1_3' title='bbox 952 238 1089 281; x_wconf 74' lang='lat' dir='ltr'><strong>VAL.</strong></span> <span class='ocrx_word' id='word_1_4' title='bbox 1128 240 1518 283; x_wconf 79' lang='lat' dir='ltr'><strong>MARTIALIS</strong></span> 
     </span>
    </p>
   </div>
   <div class='ocr_carea' id='block_1_3' title="bbox 549 324 1885 742">
    <p class='ocr_par' dir='ltr' id='par_1_3' title="bbox 551 324 1715 458">
     <span class='ocr_line' id='line_1_3' title="bbox 551 324 1715 385; baseline 0.003 -16"><span class='ocrx_word' id='word_1_5' title='bbox 551 327 639 369; x_wconf 88' lang='lat' dir='ltr'>Ista</span> <span class='ocrx_word' id='word_1_6' title='bbox 666 324 807 368; x_wconf 78' lang='lat' dir='ltr'>linunt</span> <span class='ocrx_word' id='word_1_7' title='bbox 831 325 981 369; x_wconf 83' lang='lat' dir='ltr'>dentes</span> <span class='ocrx_word' id='word_1_8' title='bbox 1003 326 1222 385; x_wconf 83' lang='lat' dir='ltr'>jentacula</span> <span class='ocrx_word' id='word_1_9' title='bbox 1245 344 1252 370; x_wconf 92' lang='lat'>:</span> <span class='ocrx_word' id='word_1_10' title='bbox 1279 327 1352 372; x_wconf 84' lang='lat' dir='ltr'>sed</span> <span class='ocrx_word' id='word_1_11' title='bbox 1380 327 1486 371; x_wconf 83' lang='lat' dir='ltr'>nihil</span> <span class='ocrx_word' id='word_1_12' title='bbox 1518 327 1715 383; x_wconf 75' lang='lat' dir='ltr'><strong>obstant,</strong></span> 
     </span>
     <span class='ocr_line' id='line_1_4' title="bbox 620 397 1611 458; baseline 0.003 -19"><span class='ocrx_word' id='word_1_13' title='bbox 620 397 828 440; x_wconf 79' lang='lat' dir='ltr'>Extremo</span> <span class='ocrx_word' id='word_1_14' title='bbox 860 406 1010 440; x_wconf 82' lang='lat' dir='ltr'>ructus</span> <span class='ocrx_word' id='word_1_15' title='bbox 1034 414 1170 458; x_wconf 85' lang='lat' dir='ltr'>quum</span> <span class='ocrx_word' id='word_1_16' title='bbox 1194 399 1313 441; x_wconf 83' lang='lat' dir='ltr'>venit</span> <span class='ocrx_word' id='word_1_17' title='bbox 1339 414 1364 442; x_wconf 84' lang='lat' dir='ltr'>a</span> <span class='ocrx_word' id='word_1_18' title='bbox 1389 398 1611 442; x_wconf 83' lang='lat' dir='ltr'>barathro.</span> 
     </span>
    </p>

    <p class='ocr_par' dir='ltr' id='par_1_4' title="bbox 551 466 1885 601">
     <span class='ocr_line' id='line_1_5' title="bbox 551 466 1885 530; baseline 0.001 -21"><span class='ocrx_word' id='word_1_19' title='bbox 551 466 670 524; x_wconf 87' lang='lat' dir='ltr'><strong>Quid</strong></span> <span class='ocrx_word' id='word_1_20' title='bbox 701 467 818 527; x_wconf 90' lang='lat' dir='ltr'>quod</span> <span class='ocrx_word' id='word_1_21' title='bbox 849 466 936 511; x_wconf 85' lang='lat' dir='ltr'>olet</span> <span class='ocrx_word' id='word_1_22' title='bbox 965 468 1138 528; x_wconf 72' lang='lat' dir='ltr'>gravius</span> <span class='ocrx_word' id='word_1_23' title='bbox 1163 470 1339 513; x_wconf 86' lang='lat' dir='ltr'>mistum</span> <span class='ocrx_word' id='word_1_24' title='bbox 1366 469 1635 530; x_wconf 80' lang='lat' dir='ltr'>diapasmate</span> <span class='ocrx_word' id='word_1_25' title='bbox 1660 470 1797 526; x_wconf 77' lang='lat' dir='ltr'>virus,</span> <span class='ocrx_word' id='word_1_26' title='bbox 1870 489 1885 511; x_wconf 61' lang='lat'>³„</span> 
     </span>
     <span class='ocr_line' id='line_1_6' title="bbox 623 537 1597 601; baseline 0.003 -21"><span class='ocrx_word' id='word_1_27' title='bbox 623 539 762 598; x_wconf 81' lang='lat' dir='ltr'><strong>Atque</strong></span> <span class='ocrx_word' id='word_1_28' title='bbox 787 537 947 599; x_wconf 81' lang='lat' dir='ltr'>duplex</span> <span class='ocrx_word' id='word_1_29' title='bbox 973 540 1126 584; x_wconf 81' lang='lat' dir='ltr'>animae</span> <span class='ocrx_word' id='word_1_30' title='bbox 1156 539 1325 601; x_wconf 82' lang='lat' dir='ltr'>longius</span> <span class='ocrx_word' id='word_1_31' title='bbox 1352 541 1438 584; x_wconf 84' lang='lat' dir='ltr'>exit</span> <span class='ocrx_word' id='word_1_32' title='bbox 1459 539 1597 584; x_wconf 76' lang='lat' dir='ltr'>odor?</span> 
     </span>
    </p>

    <p class='ocr_par' dir='ltr' id='par_1_5' title="bbox 549 609 1662 742">
     <span class='ocr_line' id='line_1_7' title="bbox 549 609 1662 672; baseline 0.001 -19"><span class='ocrx_word' id='word_1_33' title='bbox 549 609 687 653; x_wconf 82' lang='lat' dir='ltr'>Notas</span> <span class='ocrx_word' id='word_1_34' title='bbox 711 625 815 669; x_wconf 84' lang='lat' dir='ltr'>ergo</span> <span class='ocrx_word' id='word_1_35' title='bbox 839 610 965 653; x_wconf 86' lang='lat' dir='ltr'>nimis</span> <span class='ocrx_word' id='word_1_36' title='bbox 992 609 1190 666; x_wconf 83' lang='lat' dir='ltr'>fraudes,</span> <span class='ocrx_word' id='word_1_37' title='bbox 1220 610 1520 672; x_wconf 80' lang='lat' dir='ltr'>deprensaque</span> <span class='ocrx_word' id='word_1_38' title='bbox 1545 610 1662 655; x_wconf 79' lang='lat' dir='ltr'>furta</span> 
     </span>
     <span class='ocr_line' id='line_1_8' title="bbox 618 679 1468 742; baseline 0.004 -21"><span class='ocrx_word' id='word_1_39' title='bbox 618 681 714 722; x_wconf 84' lang='lat' dir='ltr'>Jain</span> <span class='ocrx_word' id='word_1_40' title='bbox 743 679 890 735; x_wconf 77' lang='lat' dir='ltr'>tollas,</span> <span class='ocrx_word' id='word_1_41' title='bbox 915 690 959 723; x_wconf 83' lang='lat' dir='ltr'>et</span> <span class='ocrx_word' id='word_1_42' title='bbox 982 682 1038 724; x_wconf 89' lang='lat' dir='ltr'>sis</span> <span class='ocrx_word' id='word_1_43' title='bbox 1061 681 1181 724; x_wconf 86' lang='lat' dir='ltr'>ebria</span> <span class='ocrx_word' id='word_1_44' title='bbox 1205 680 1468 742; x_wconf 84' lang='lat' dir='ltr'>simpliciter.</span> 
     </span>
    </p>
   </div>
   <div class='ocr_carea' id='block_1_4' title="bbox 472 817 1157 1871">
    <p class='ocr_par' dir='ltr' id='par_1_6' title="bbox 474 817 1157 1605">
     <span class='ocr_line' id='line_1_9' title="bbox 532 817 1157 852; baseline 0.002 -2"><span class='ocrx_word' id='word_1_45' title='bbox 532 818 565 851; x_wconf 79' lang='grc'>3.</span> <span class='ocrx_word' id='word_1_46' title='bbox 590 819 631 850; x_wconf 85' lang='lat' dir='ltr'>Iu</span> <span class='ocrx_word' id='word_1_47' title='bbox 651 817 816 851; x_wconf 86' lang='lat' dir='ltr'>omnibus</span> <span class='ocrx_word' id='word_1_48' title='bbox 834 818 947 852; x_wconf 77' lang='lat' dir='ltr'>obstat.</span> <span class='ocrx_word' id='word_1_49' title='bbox 967 819 1035 852; x_wconf 89' lang='lat' dir='ltr'>Pro</span> <span class='ocrx_word' id='word_1_50' title='bbox 1052 819 1157 852; x_wconf 80' lang='lat' dir='ltr'>obstat</span> 
     </span>
     <span class='ocr_line' id='line_1_10' title="bbox 477 870 1154 906; baseline 0.006 -4"><span class='ocrx_word' id='word_1_51' title='bbox 477 870 748 904; x_wconf 80' lang='lat' dir='ltr'>Musmnbertius</span> <span class='ocrx_word' id='word_1_52' title='bbox 764 871 801 904; x_wconf 88' lang='lat' dir='ltr'>iu</span> <span class='ocrx_word' id='word_1_53' title='bbox 816 871 934 905; x_wconf 82' lang='lat' dir='ltr'>libello</span> <span class='ocrx_word' id='word_1_54' title='bbox 951 880 1071 906; x_wconf 85' lang='lat' dir='ltr'>contra</span> <span class='ocrx_word' id='word_1_55' title='bbox 1087 874 1154 906; x_wconf 80' lang='lat' dir='ltr'>Ra-</span> 
     </span>
     <span class='ocr_line' id='line_1_11' title="bbox 476 924 1153 970; baseline 0.004 -15"><span class='ocrx_word' id='word_1_56' title='bbox 476 924 655 957; x_wconf 82' lang='lat' dir='ltr'>miresiuln</span> <span class='ocrx_word' id='word_1_57' title='bbox 679 926 769 970; x_wconf 83' lang='lat' dir='ltr'>conj.</span> <span class='ocrx_word' id='word_1_58' title='bbox 792 925 937 967; x_wconf 80' lang='lat' dir='ltr'>obstant,</span> <span class='ocrx_word' id='word_1_59' title='bbox 960 934 997 958; x_wconf 89' lang='lat' dir='ltr'>ut</span> <span class='ocrx_word' id='word_1_60' title='bbox 1022 924 1065 958; x_wconf 84' lang='lat' dir='ltr'>ad</span> <span class='ocrx_word' id='word_1_61' title='bbox 1080 927 1153 970; x_wconf 75' lang='lat' dir='ltr'>jun-</span> 
     </span>
     <span class='ocr_line' id='line_1_12' title="bbox 478 977 1152 1024; baseline 0.004 -16"><span class='ocrx_word' id='word_1_62' title='bbox 478 977 583 1009; x_wconf 61' lang='lat' dir='ltr'>tat-ula</span> <span class='ocrx_word' id='word_1_63' title='bbox 598 1002 607 1018; x_wconf 90' lang='lat'><em>‚</em></span> <span class='ocrx_word' id='word_1_64' title='bbox 645 977 716 1010; x_wconf 79' lang='lat' dir='ltr'>sive</span> <span class='ocrx_word' id='word_1_65' title='bbox 752 978 908 1022; x_wconf 86' lang='lat' dir='ltr'>pastillos</span> <span class='ocrx_word' id='word_1_66' title='bbox 924 1004 933 1019; x_wconf 95' lang='lat'>,</span> <span class='ocrx_word' id='word_1_67' title='bbox 970 979 1152 1024; x_wconf 82' lang='lat' dir='ltr'>respiciat:</span> 
     </span>
     <span class='ocr_line' id='line_1_13' title="bbox 476 1029 1153 1078; baseline 0.006 -16"><span class='ocrx_word' id='word_1_68' title='bbox 476 1029 544 1062; x_wconf 84' lang='lat' dir='ltr'>hoc</span> <span class='ocrx_word' id='word_1_69' title='bbox 584 1030 689 1064; x_wconf 88' lang='lat' dir='ltr'>etiam</span> <span class='ocrx_word' id='word_1_70' title='bbox 728 1030 825 1064; x_wconf 86' lang='lat' dir='ltr'>malit</span> <span class='ocrx_word' id='word_1_71' title='bbox 860 1033 945 1064; x_wconf 86' lang='lat' dir='ltr'>Ant.</span> <span class='ocrx_word' id='word_1_72' title='bbox 983 1032 1021 1063; x_wconf 72' lang='lat' dir='ltr'>de</span> <span class='ocrx_word' id='word_1_73' title='bbox 1051 1032 1153 1078; x_wconf 73' lang='lat' dir='ltr'>Rooy.</span> 
     </span>
     <span class='ocr_line' id='line_1_14' title="bbox 475 1082 1154 1130; baseline 0.004 -15"><span class='ocrx_word' id='word_1_74' title='bbox 475 1082 592 1116; x_wconf 82' lang='lat' dir='ltr'>firmat</span> <span class='ocrx_word' id='word_1_75' title='bbox 622 1082 730 1116; x_wconf 81' lang='lat' dir='ltr'>codex</span> <span class='ocrx_word' id='word_1_76' title='bbox 759 1084 900 1117; x_wconf 87' lang='lat' dir='ltr'>Thuan.</span> <span class='ocrx_word' id='word_1_77' title='bbox 935 1084 995 1117; x_wconf 88' lang='lat' dir='ltr'>ubi</span> <span class='ocrx_word' id='word_1_78' title='bbox 1026 1085 1154 1130; x_wconf 86' lang='lat' dir='ltr'>legitur</span> 
     </span>
     <span class='ocr_line' id='line_1_15' title="bbox 477 1135 1153 1181; baseline 0.006 -14"><span class='ocrx_word' id='word_1_79' title='bbox 477 1136 617 1175; x_wconf 77' lang='lat' dir='ltr'>obstent;</span> <span class='ocrx_word' id='word_1_80' title='bbox 627 1135 723 1181; x_wconf 90' lang='lat' dir='ltr'>quod</span> <span class='ocrx_word' id='word_1_81' title='bbox 733 1137 795 1169; x_wconf 83' lang='lat' dir='ltr'>etsi</span> <span class='ocrx_word' id='word_1_82' title='bbox 810 1150 881 1170; x_wconf 89' lang='lat' dir='ltr'>non</span> <span class='ocrx_word' id='word_1_83' title='bbox 892 1137 1036 1171; x_wconf 86' lang='lat' dir='ltr'>omnino</span> <span class='ocrx_word' id='word_1_84' title='bbox 1049 1139 1153 1180; x_wconf 85' lang='lat' dir='ltr'>hene,</span> 
     </span>
     <span class='ocr_line' id='line_1_16' title="bbox 474 1189 1154 1235; baseline 0.006 -15"><span class='ocrx_word' id='word_1_85' title='bbox 474 1189 569 1221; x_wconf 79' lang='lat' dir='ltr'>viam</span> <span class='ocrx_word' id='word_1_86' title='bbox 587 1198 702 1223; x_wconf 86' lang='lat' dir='ltr'>tamen</span> <span class='ocrx_word' id='word_1_87' title='bbox 722 1198 821 1235; x_wconf 87' lang='lat' dir='ltr'>parat</span> <span class='ocrx_word' id='word_1_88' title='bbox 839 1189 883 1224; x_wconf 89' lang='lat' dir='ltr'>ad</span> <span class='ocrx_word' id='word_1_89' title='bbox 899 1202 1016 1224; x_wconf 80' lang='lat' dir='ltr'>veram</span> <span class='ocrx_word' id='word_1_90' title='bbox 1037 1191 1154 1224; x_wconf 87' lang='lat' dir='ltr'>lectio-</span> 
     </span>
     <span class='ocr_line' id='line_1_17' title="bbox 476 1243 1153 1278; baseline 0.003 -3"><span class='ocrx_word' id='word_1_91' title='bbox 476 1254 570 1276; x_wconf 86' lang='lat' dir='ltr'>nem.</span> <span class='ocrx_word' id='word_1_92' title='bbox 591 1263 645 1270; x_wconf 85' lang='lat'>—-</span> <span class='ocrx_word' id='word_1_93' title='bbox 670 1244 738 1276; x_wconf 78' lang='lat' dir='ltr'>Ista</span> <span class='ocrx_word' id='word_1_94' title='bbox 761 1243 864 1275; x_wconf 77' lang='lat' dir='ltr'>linunt</span> <span class='ocrx_word' id='word_1_95' title='bbox 888 1243 1004 1277; x_wconf 77' lang='lat' dir='ltr'>dentes.</span> <span class='ocrx_word' id='word_1_96' title='bbox 1024 1244 1153 1278; x_wconf 88' lang='lat' dir='ltr'>Emen-</span> 
     </span>
     <span class='ocr_line' id='line_1_18' title="bbox 476 1294 1152 1339; baseline 0.004 -12"><span class='ocrx_word' id='word_1_97' title='bbox 476 1294 562 1328; x_wconf 87' lang='lat' dir='ltr'>dant</span> <span class='ocrx_word' id='word_1_98' title='bbox 590 1295 660 1329; x_wconf 88' lang='lat' dir='ltr'>oris</span> <span class='ocrx_word' id='word_1_99' title='bbox 689 1297 835 1329; x_wconf 87' lang='lat' dir='ltr'>extremi</span> <span class='ocrx_word' id='word_1_100' title='bbox 866 1296 1023 1330; x_wconf 80' lang='lat' dir='ltr'>foetorem</span> <span class='ocrx_word' id='word_1_101' title='bbox 1041 1323 1051 1339; x_wconf 86' lang='lat'>‚</span> <span class='ocrx_word' id='word_1_102' title='bbox 1079 1310 1152 1330; x_wconf 88' lang='lat' dir='ltr'>non</span> 
     </span>
     <span class='ocr_line' id='line_1_19' title="bbox 477 1348 1153 1395; baseline 0.004 -15"><span class='ocrx_word' id='word_1_103' title='bbox 477 1357 593 1382; x_wconf 87' lang='lat' dir='ltr'>autem</span> <span class='ocrx_word' id='word_1_104' title='bbox 620 1356 750 1382; x_wconf 86' lang='lat' dir='ltr'>tetrum</span> <span class='ocrx_word' id='word_1_105' title='bbox 778 1348 923 1382; x_wconf 85' lang='lat' dir='ltr'>odorem</span> <span class='ocrx_word' id='word_1_106' title='bbox 948 1350 1008 1395; x_wconf 87' lang='lat' dir='ltr'>qui</span> <span class='ocrx_word' id='word_1_107' title='bbox 1042 1363 1060 1383; x_wconf 89' lang='lat' dir='ltr'>a</span> <span class='ocrx_word' id='word_1_108' title='bbox 1093 1364 1153 1383; x_wconf 88' lang='lat' dir='ltr'>ru-</span> 
     </span>
     <span class='ocr_line' id='line_1_20' title="bbox 475 1402 1152 1448; baseline 0.004 -15"><span class='ocrx_word' id='word_1_109' title='bbox 475 1409 591 1434; x_wconf 86' lang='lat' dir='ltr'>ctante</span> <span class='ocrx_word' id='word_1_110' title='bbox 610 1402 787 1435; x_wconf 83' lang='lat' dir='ltr'>stomacho</span> <span class='ocrx_word' id='word_1_111' title='bbox 800 1428 808 1441; x_wconf 89' lang='lat'>‚</span> <span class='ocrx_word' id='word_1_112' title='bbox 829 1411 996 1448; x_wconf 79' lang='lat' dir='ltr'>tanquam</span> <span class='ocrx_word' id='word_1_113' title='bbox 1015 1416 1033 1437; x_wconf 86' lang='lat' dir='ltr'>a</span> <span class='ocrx_word' id='word_1_114' title='bbox 1054 1404 1152 1436; x_wconf 81' lang='lat' dir='ltr'>bara-</span> 
     </span>
     <span class='ocr_line' id='line_1_21' title="bbox 476 1454 1152 1501; baseline 0.003 -15"><span class='ocrx_word' id='word_1_115' title='bbox 476 1454 558 1488; x_wconf 78' lang='lat' dir='ltr'>thro</span> <span class='ocrx_word' id='word_1_116' title='bbox 571 1479 580 1494; x_wconf 88' lang='lat'>‚</span> <span class='ocrx_word' id='word_1_117' title='bbox 597 1455 939 1488; x_wconf 76' lang='lat' dir='ltr'>venit.—Jentacula.</span> <span class='ocrx_word' id='word_1_118' title='bbox 951 1456 1011 1488; x_wconf 82' lang='lat' dir='ltr'>Isti</span> <span class='ocrx_word' id='word_1_119' title='bbox 1026 1456 1152 1501; x_wconf 83' lang='lat' dir='ltr'>pastilli</span> 
     </span>
     <span class='ocr_line' id='line_1_22' title="bbox 475 1508 1152 1554; baseline 0.004 -15"><span class='ocrx_word' id='word_1_120' title='bbox 475 1519 494 1539; x_wconf 87' lang='lat' dir='ltr'>a</span> <span class='ocrx_word' id='word_1_121' title='bbox 515 1515 547 1539; x_wconf 90' lang='lat' dir='ltr'>te</span> <span class='ocrx_word' id='word_1_122' title='bbox 566 1508 685 1552; x_wconf 84' lang='lat' dir='ltr'>jejuna</span> <span class='ocrx_word' id='word_1_123' title='bbox 707 1508 850 1554; x_wconf 90' lang='lat' dir='ltr'>sumpti.</span> <span class='ocrx_word' id='word_1_124' title='bbox 873 1509 953 1541; x_wconf 89' lang='lat' dir='ltr'>Non</span> <span class='ocrx_word' id='word_1_125' title='bbox 971 1510 1152 1554; x_wconf 82' lang='lat' dir='ltr'>jentabant</span> 
     </span>
     <span class='ocr_line' id='line_1_23' title="bbox 475 1560 1097 1605; baseline 0.003 -13"><span class='ocrx_word' id='word_1_126' title='bbox 475 1560 542 1593; x_wconf 87' lang='lat' dir='ltr'>nisi</span> <span class='ocrx_word' id='word_1_127' title='bbox 562 1560 684 1604; x_wconf 78' lang='lat' dir='ltr'>pueri,</span> <span class='ocrx_word' id='word_1_128' title='bbox 706 1561 787 1605; x_wconf 86' lang='lat' dir='ltr'>aegri</span> <span class='ocrx_word' id='word_1_129' title='bbox 803 1586 813 1602; x_wconf 92' lang='lat'><strong><em>‚</em></strong></span> <span class='ocrx_word' id='word_1_130' title='bbox 835 1569 894 1593; x_wconf 88' lang='lat' dir='ltr'>aut</span> <span class='ocrx_word' id='word_1_131' title='bbox 913 1561 1097 1594; x_wconf 80' lang='lat' dir='ltr'>luxuriosi.</span> 
     </span>
    </p>

    <p class='ocr_par' dir='ltr' id='par_1_7' title="bbox 472 1613 1152 1871">
     <span class='ocr_line' id='line_1_24' title="bbox 532 1613 1152 1658; baseline 0.002 -12"><span class='ocrx_word' id='word_1_132' title='bbox 532 1617 564 1652; x_wconf 68' lang='grc'>4.</span> <span class='ocrx_word' id='word_1_133' title='bbox 582 1614 736 1645; x_wconf 63' lang='lat' dir='ltr'>Extremo</span> <span class='ocrx_word' id='word_1_134' title='bbox 751 1622 860 1658; x_wconf 79' lang='lat' dir='ltr'>ruptus</span> <span class='ocrx_word' id='word_1_135' title='bbox 876 1613 912 1646; x_wconf 89' lang='lat' dir='ltr'>in</span> <span class='ocrx_word' id='word_1_136' title='bbox 928 1614 1004 1647; x_wconf 85' lang='lat' dir='ltr'>MS.</span> <span class='ocrx_word' id='word_1_137' title='bbox 1028 1615 1152 1647; x_wconf 82' lang='lat' dir='ltr'>Bever-</span> 
     </span>
     <span class='ocr_line' id='line_1_25' title="bbox 475 1665 1152 1712; baseline 0.001 -14"><span class='ocrx_word' id='word_1_138' title='bbox 475 1665 581 1698; x_wconf 84' lang='lat' dir='ltr'>laudi.</span> <span class='ocrx_word' id='word_1_139' title='bbox 618 1667 772 1699; x_wconf 58' lang='lat' dir='ltr'>Extremo</span> <span class='ocrx_word' id='word_1_140' title='bbox 804 1675 908 1699; x_wconf 71' lang='lat' dir='ltr'>ructus</span> <span class='ocrx_word' id='word_1_141' title='bbox 938 1670 1011 1712; x_wconf 66' lang='lat' dir='ltr'>quire</span> <span class='ocrx_word' id='word_1_142' title='bbox 1043 1671 1152 1700; x_wconf 60' lang='lat' dir='ltr'>”veniat</span> 
     </span>
     <span class='ocr_line' id='line_1_26' title="bbox 477 1719 1149 1765; baseline 0.004 -15"><span class='ocrx_word' id='word_1_143' title='bbox 477 1719 624 1750; x_wconf 69' lang='lat' dir='ltr'>barathro</span> <span class='ocrx_word' id='word_1_144' title='bbox 648 1719 683 1752; x_wconf 91' lang='lat' dir='ltr'>in</span> <span class='ocrx_word' id='word_1_145' title='bbox 709 1720 865 1765; x_wconf 84' lang='lat' dir='ltr'>margine</span> <span class='ocrx_word' id='word_1_146' title='bbox 886 1721 907 1752; x_wconf 90' lang='lat' dir='ltr'><strong>J</strong></span> <span class='ocrx_word' id='word_1_147' title='bbox 912 1729 987 1753; x_wconf 87' lang='lat' dir='ltr'>unt.</span> <span class='ocrx_word' id='word_1_148' title='bbox 1012 1729 1149 1753; x_wconf 78' lang='lat' dir='ltr'>uostroe.</span> 
     </span>
     <span class='ocr_line' id='line_1_27' title="bbox 474 1772 1150 1818; baseline 0.003 -14"><span class='ocrx_word' id='word_1_149' title='bbox 474 1793 526 1797; x_wconf 90' lang='lat'>—</span> <span class='ocrx_word' id='word_1_150' title='bbox 548 1772 638 1815; x_wconf 78' lang='lat' dir='ltr'>Ouid</span> <span class='ocrx_word' id='word_1_151' title='bbox 650 1773 735 1818; x_wconf 76' lang='lat' dir='ltr'>quod</span> <span class='ocrx_word' id='word_1_152' title='bbox 750 1773 823 1805; x_wconf 75' lang='lat' dir='ltr'>olet.</span> <span class='ocrx_word' id='word_1_153' title='bbox 840 1773 966 1806; x_wconf 85' lang='lat' dir='ltr'>Anima</span> <span class='ocrx_word' id='word_1_154' title='bbox 980 1799 988 1813; x_wconf 90' lang='lat'>‚</span> <span class='ocrx_word' id='word_1_155' title='bbox 1008 1774 1079 1805; x_wconf 85' lang='lat' dir='ltr'>sive</span> <span class='ocrx_word' id='word_1_156' title='bbox 1094 1774 1150 1806; x_wconf 82' lang='lat' dir='ltr'>ha-</span> 
     </span>
     <span class='ocr_line' id='line_1_28' title="bbox 472 1824 1149 1871; baseline 0.006 -16"><span class='ocrx_word' id='word_1_157' title='bbox 472 1824 554 1857; x_wconf 76' lang='lat' dir='ltr'>litus</span> <span class='ocrx_word' id='word_1_158' title='bbox 568 1851 576 1864; x_wconf 90' lang='lat'>‚</span> <span class='ocrx_word' id='word_1_159' title='bbox 613 1825 687 1858; x_wconf 77' lang='lat' dir='ltr'>vini</span> <span class='ocrx_word' id='word_1_160' title='bbox 726 1834 760 1858; x_wconf 86' lang='lat' dir='ltr'>et</span> <span class='ocrx_word' id='word_1_161' title='bbox 793 1826 1014 1871; x_wconf 84' lang='lat' dir='ltr'>pastillorum</span> <span class='ocrx_word' id='word_1_162' title='bbox 1041 1825 1149 1859; x_wconf 80' lang='lat' dir='ltr'>odore</span> 
     </span>
    </p>
   </div>
   <div class='ocr_carea' id='block_1_5' title="bbox 1209 819 1893 1872">
    <p class='ocr_par' dir='ltr' id='par_1_8' title="bbox 1212 819 1893 1448">
     <span class='ocr_line' id='line_1_29' title="bbox 1213 819 1892 866; baseline 0.001 -14"><span class='ocrx_word' id='word_1_163' title='bbox 1213 819 1355 861; x_wconf 81' lang='lat' dir='ltr'>mixtus,</span> <span class='ocrx_word' id='word_1_164' title='bbox 1370 820 1508 866; x_wconf 86' lang='lat' dir='ltr'>longius</span> <span class='ocrx_word' id='word_1_165' title='bbox 1525 828 1738 866; x_wconf 79' lang='lat' dir='ltr'>propagatur</span> <span class='ocrx_word' id='word_1_166' title='bbox 1752 846 1761 861; x_wconf 93' lang='lat'><em>‚</em></span> <span class='ocrx_word' id='word_1_167' title='bbox 1771 819 1892 854; x_wconf 84' lang='lat' dir='ltr'>durat-</span> 
     </span>
     <span class='ocr_line' id='line_1_30' title="bbox 1214 871 1890 918; baseline 0.001 -13"><span class='ocrx_word' id='word_1_168' title='bbox 1214 885 1283 918; x_wconf 87' lang='lat' dir='ltr'>que</span> <span class='ocrx_word' id='word_1_169' title='bbox 1305 871 1461 914; x_wconf 88' lang='lat' dir='ltr'>diutius,</span> <span class='ocrx_word' id='word_1_170' title='bbox 1484 881 1518 906; x_wconf 85' lang='lat' dir='ltr'>et</span> <span class='ocrx_word' id='word_1_171' title='bbox 1539 873 1643 906; x_wconf 82' lang='lat' dir='ltr'>simul</span> <span class='ocrx_word' id='word_1_172' title='bbox 1665 874 1735 907; x_wconf 89' lang='lat' dir='ltr'>olet</span> <span class='ocrx_word' id='word_1_173' title='bbox 1753 872 1890 907; x_wconf 85' lang='lat' dir='ltr'>foedius.</span> 
     </span>
     <span class='ocr_line' id='line_1_31' title="bbox 1213 926 1891 972; baseline 0.003 -15"><span class='ocrx_word' id='word_1_174' title='bbox 1213 947 1264 952; x_wconf 90' lang='lat'><strong>—</strong></span> <span class='ocrx_word' id='word_1_175' title='bbox 1280 926 1494 971; x_wconf 70' lang='lat' dir='ltr'>Diapasmate.</span> <span class='ocrx_word' id='word_1_176' title='bbox 1514 926 1734 970; x_wconf 85' lang='lat' dir='ltr'>Diapasmata</span> <span class='ocrx_word' id='word_1_177' title='bbox 1746 927 1891 972; x_wconf 82' lang='lat' dir='ltr'>proprie</span> 
     </span>
     <span class='ocr_line' id='line_1_32' title="bbox 1212 977 1892 1025; baseline 0 -13"><span class='ocrx_word' id='word_1_178' title='bbox 1212 977 1382 1012; x_wconf 81' lang='lat' dir='ltr'>dicuntur</span> <span class='ocrx_word' id='word_1_179' title='bbox 1414 991 1453 1012; x_wconf 84' lang='lat' dir='ltr'>ea</span> <span class='ocrx_word' id='word_1_180' title='bbox 1486 992 1563 1025; x_wconf 83' lang='lat' dir='ltr'>quae</span> <span class='ocrx_word' id='word_1_181' title='bbox 1592 979 1690 1012; x_wconf 85' lang='lat' dir='ltr'>siccis</span> <span class='ocrx_word' id='word_1_182' title='bbox 1722 978 1892 1013; x_wconf 84' lang='lat' dir='ltr'>odoribus</span> 
     </span>
     <span class='ocr_line' id='line_1_33' title="bbox 1213 1032 1893 1078; baseline 0.001 -14"><span class='ocrx_word' id='word_1_183' title='bbox 1213 1039 1375 1065; x_wconf 83' lang='lat' dir='ltr'>constant</span> <span class='ocrx_word' id='word_1_184' title='bbox 1391 1032 1465 1065; x_wconf 83' lang='lat' dir='ltr'>sine</span> <span class='ocrx_word' id='word_1_185' title='bbox 1477 1033 1556 1065; x_wconf 92' lang='lat' dir='ltr'>oleo</span> <span class='ocrx_word' id='word_1_186' title='bbox 1569 1040 1630 1066; x_wconf 83' lang='lat' dir='ltr'>aut</span> <span class='ocrx_word' id='word_1_187' title='bbox 1645 1032 1713 1065; x_wconf 83' lang='lat' dir='ltr'>alio</span> <span class='ocrx_word' id='word_1_188' title='bbox 1730 1033 1870 1078; x_wconf 87' lang='lat' dir='ltr'>liquore</span> <span class='ocrx_word' id='word_1_189' title='bbox 1884 1058 1893 1073; x_wconf 76' lang='lat'><strong><em>⁷</em></strong></span> 
     </span>
     <span class='ocr_line' id='line_1_34' title="bbox 1213 1085 1893 1131; baseline 0 -13"><span class='ocrx_word' id='word_1_190' title='bbox 1213 1093 1253 1118; x_wconf 87' lang='lat' dir='ltr'>ut</span> <span class='ocrx_word' id='word_1_191' title='bbox 1274 1085 1388 1131; x_wconf 80' lang='lat' dir='ltr'>pulvis</span> <span class='ocrx_word' id='word_1_192' title='bbox 1405 1097 1510 1130; x_wconf 90' lang='lat' dir='ltr'>quem</span> <span class='ocrx_word' id='word_1_193' title='bbox 1528 1085 1701 1130; x_wconf 80' lang='lat' dir='ltr'>Cyprium</span> <span class='ocrx_word' id='word_1_194' title='bbox 1721 1085 1893 1118; x_wconf 78' lang='lat' dir='ltr'>vocabant</span> 
     </span>
     <span class='ocr_line' id='line_1_35' title="bbox 1213 1138 1893 1184; baseline 0.001 -14"><span class='ocrx_word' id='word_1_195' title='bbox 1213 1138 1273 1182; x_wconf 88' lang='lat' dir='ltr'>qui</span> <span class='ocrx_word' id='word_1_196' title='bbox 1292 1138 1448 1171; x_wconf 80' lang='lat' dir='ltr'>crinibus</span> <span class='ocrx_word' id='word_1_197' title='bbox 1468 1138 1754 1184; x_wconf 85' lang='lat' dir='ltr'>inspergebatur‚</span> <span class='ocrx_word' id='word_1_198' title='bbox 1769 1150 1787 1171; x_wconf 88' lang='lat' dir='ltr'>a</span> <span class='ocrx_word' id='word_1_199' title='bbox 1805 1150 1893 1171; x_wconf 87' lang='lat' dir='ltr'>voce</span> 
     </span>
     <span class='ocr_line' id='line_1_36' title="bbox 1212 1188 1891 1236; baseline -0.001 -12"><span class='ocrx_word' id='word_1_200' title='bbox 1212 1188 1413 1233; x_wconf 69' lang='grc' dir='ltr'>ὃιαπάσσω,</span> <span class='ocrx_word' id='word_1_201' title='bbox 1434 1193 1589 1236; x_wconf 65' lang='lat' dir='ltr'>imper-go,</span> <span class='ocrx_word' id='word_1_202' title='bbox 1610 1192 1642 1224; x_wconf 87' lang='lat' dir='ltr'>V</span> <span class='ocrx_word' id='word_1_203' title='bbox 1646 1190 1694 1224; x_wconf 81' lang='lat' dir='ltr'>id.</span> <span class='ocrx_word' id='word_1_204' title='bbox 1716 1191 1807 1225; x_wconf 77' lang='lat' dir='ltr'>Plin,</span> <span class='ocrx_word' id='word_1_205' title='bbox 1830 1191 1891 1224; x_wconf 81' lang='lat' dir='ltr'>lib,</span> 
     </span>
     <span class='ocr_line' id='line_1_37' title="bbox 1213 1243 1892 1289; baseline 0 -12"><span class='ocrx_word' id='word_1_206' title='bbox 1213 1244 1300 1278; x_wconf 77' lang='lat' dir='ltr'>XXI</span> <span class='ocrx_word' id='word_1_207' title='bbox 1312 1270 1322 1286; x_wconf 83' lang='lat'>‚</span> <span class='ocrx_word' id='word_1_208' title='bbox 1336 1256 1411 1289; x_wconf 89' lang='lat' dir='ltr'>cap.</span> <span class='ocrx_word' id='word_1_209' title='bbox 1433 1257 1446 1278; x_wconf 83' lang='lat'>1</span> <span class='ocrx_word' id='word_1_210' title='bbox 1458 1257 1477 1288; x_wconf 90' lang='lat'><strong>9</strong></span> <span class='ocrx_word' id='word_1_211' title='bbox 1491 1270 1501 1286; x_wconf 84' lang='lat'>,</span> <span class='ocrx_word' id='word_1_212' title='bbox 1521 1245 1580 1277; x_wconf 88' lang='lat' dir='ltr'>ubi</span> <span class='ocrx_word' id='word_1_213' title='bbox 1606 1245 1738 1277; x_wconf 88' lang='lat' dir='ltr'>mentio</span> <span class='ocrx_word' id='word_1_214' title='bbox 1754 1243 1797 1277; x_wconf 89' lang='lat' dir='ltr'>de</span> <span class='ocrx_word' id='word_1_215' title='bbox 1817 1243 1892 1277; x_wconf 82' lang='lat' dir='ltr'>dia-</span> 
     </span>
     <span class='ocr_line' id='line_1_38' title="bbox 1213 1297 1890 1342; baseline -0.001 -12"><span class='ocrx_word' id='word_1_216' title='bbox 1213 1305 1366 1342; x_wconf 81' lang='lat' dir='ltr'>pasmate</span> <span class='ocrx_word' id='word_1_217' title='bbox 1395 1310 1436 1330; x_wconf 87' lang='lat' dir='ltr'>ex</span> <span class='ocrx_word' id='word_1_218' title='bbox 1463 1298 1552 1331; x_wconf 86' lang='lat' dir='ltr'>rosis</span> <span class='ocrx_word' id='word_1_219' title='bbox 1581 1297 1686 1330; x_wconf 84' lang='lat' dir='ltr'>aridis</span> <span class='ocrx_word' id='word_1_220' title='bbox 1719 1297 1890 1331; x_wconf 84' lang='lat' dir='ltr'>confecto.</span> 
     </span>
     <span class='ocr_line' id='line_1_39' title="bbox 1214 1349 1890 1396; baseline 0.001 -14"><span class='ocrx_word' id='word_1_221' title='bbox 1214 1350 1281 1383; x_wconf 87' lang='lat' dir='ltr'>Hic</span> <span class='ocrx_word' id='word_1_222' title='bbox 1293 1350 1443 1383; x_wconf 86' lang='lat' dir='ltr'>sumitur</span> <span class='ocrx_word' id='word_1_223' title='bbox 1459 1363 1523 1396; x_wconf 90' lang='lat' dir='ltr'>pro</span> <span class='ocrx_word' id='word_1_224' title='bbox 1541 1349 1650 1383; x_wconf 90' lang='lat' dir='ltr'>odore</span> <span class='ocrx_word' id='word_1_225' title='bbox 1659 1350 1890 1396; x_wconf 72' lang='lat' dir='ltr'>pastillorum,</span> 
     </span>
     <span class='ocr_line' id='line_1_40' title="bbox 1215 1403 1703 1448; baseline 0 -12"><span class='ocrx_word' id='word_1_226' title='bbox 1215 1424 1268 1429; x_wconf 87' lang='lat'>—-</span> <span class='ocrx_word' id='word_1_227' title='bbox 1289 1404 1400 1436; x_wconf 69' lang='lat' dir='ltr'>Virus.</span> <span class='ocrx_word' id='word_1_228' title='bbox 1423 1403 1562 1436; x_wconf 83' lang='lat' dir='ltr'>Halitus</span> <span class='ocrx_word' id='word_1_229' title='bbox 1577 1404 1703 1448; x_wconf 87' lang='lat' dir='ltr'>gravis.</span> 
     </span>
    </p>

    <p class='ocr_par' dir='ltr' id='par_1_9' title="bbox 1211 1455 1891 1595">
     <span class='ocr_line' id='line_1_41' title="bbox 1261 1455 1891 1501; baseline 0 -13"><span class='ocrx_word' id='word_1_230' title='bbox 1261 1469 1281 1500; x_wconf 89' lang='lat'><strong><em>7</em></strong></span> <span class='ocrx_word' id='word_1_231' title='bbox 1289 1482 1296 1488; x_wconf 91' lang='lat'><strong>.</strong></span> <span class='ocrx_word' id='word_1_232' title='bbox 1308 1455 1783 1501; x_wconf 71' lang='lat' dir='ltr'>De71rensaquefu1·ta‚Vitium</span> <span class='ocrx_word' id='word_1_233' title='bbox 1794 1455 1891 1501; x_wconf 81' lang='lat' dir='ltr'>quod</span> 
     </span>
     <span class='ocr_line' id='line_1_42' title="bbox 1211 1509 1891 1554; baseline 0.001 -13"><span class='ocrx_word' id='word_1_234' title='bbox 1211 1520 1291 1541; x_wconf 83' lang='lat' dir='ltr'>cum</span> <span class='ocrx_word' id='word_1_235' title='bbox 1309 1521 1391 1542; x_wconf 88' lang='lat' dir='ltr'>cura</span> <span class='ocrx_word' id='word_1_236' title='bbox 1412 1509 1560 1554; x_wconf 84' lang='lat' dir='ltr'>tegitur,</span> <span class='ocrx_word' id='word_1_237' title='bbox 1580 1509 1715 1542; x_wconf 86' lang='lat' dir='ltr'>furtum</span> <span class='ocrx_word' id='word_1_238' title='bbox 1737 1509 1891 1554; x_wconf 80' lang='lat' dir='ltr'>appella-</span> 
     </span>
     <span class='ocr_line' id='line_1_43' title="bbox 1211 1562 1446 1595; baseline -0.004 0"><span class='ocrx_word' id='word_1_239' title='bbox 1211 1570 1270 1595; x_wconf 80' lang='lat' dir='ltr'>tur</span> <span class='ocrx_word' id='word_1_240' title='bbox 1290 1574 1308 1594; x_wconf 84' lang='lat' dir='ltr'>a</span> <span class='ocrx_word' id='word_1_241' title='bbox 1330 1562 1446 1595; x_wconf 82' lang='lat' dir='ltr'>Poeta.</span> 
     </span>
    </p>

    <p class='ocr_par' dir='ltr' id='par_1_10' title="bbox 1209 1613 1891 1872">
     <span class='ocr_line' id='line_1_44' title="bbox 1265 1613 1890 1659; baseline 0 -12"><span class='ocrx_word' id='word_1_242' title='bbox 1265 1616 1298 1648; x_wconf 83' lang='lat'>8.</span> <span class='ocrx_word' id='word_1_243' title='bbox 1312 1616 1352 1647; x_wconf 86' lang='lat' dir='ltr'>In</span> <span class='ocrx_word' id='word_1_244' title='bbox 1362 1613 1478 1647; x_wconf 79' lang='lat' dir='ltr'>eadem</span> <span class='ocrx_word' id='word_1_245' title='bbox 1489 1616 1587 1647; x_wconf 88' lang='lat' dir='ltr'>Junt.</span> <span class='ocrx_word' id='word_1_246' title='bbox 1599 1615 1747 1659; x_wconf 85' lang='lat' dir='ltr'>margini</span> <span class='ocrx_word' id='word_1_247' title='bbox 1764 1613 1890 1647; x_wconf 81' lang='lat' dir='ltr'>adscri-</span> 
     </span>
     <span class='ocr_line' id='line_1_45' title="bbox 1210 1668 1891 1712; baseline -0.001 -12"><span class='ocrx_word' id='word_1_248' title='bbox 1210 1676 1311 1711; x_wconf 68' lang='lat' dir='ltr'>ptum</span> <span class='ocrx_word' id='word_1_249' title='bbox 1326 1680 1334 1700; x_wconf 86' lang='lat'><strong>:</strong></span> <span class='ocrx_word' id='word_1_250' title='bbox 1352 1670 1397 1699; x_wconf 78' lang='lat' dir='ltr'>sic</span> <span class='ocrx_word' id='word_1_251' title='bbox 1415 1668 1500 1699; x_wconf 80' lang='lat' dir='ltr'>ebria</span> <span class='ocrx_word' id='word_1_252' title='bbox 1514 1680 1630 1712; x_wconf 76' lang='lat' dir='ltr'>semper</span> <span class='ocrx_word' id='word_1_253' title='bbox 1645 1671 1716 1700; x_wconf 79' lang='lat' dir='ltr'>eris.</span> <span class='ocrx_word' id='word_1_254' title='bbox 1727 1689 1778 1694; x_wconf 86' lang='lat'>-—</span> <span class='ocrx_word' id='word_1_255' title='bbox 1788 1668 1891 1699; x_wconf 69' lang='grc' dir='ltr'><em>ΕΖΗ-ια</em></span> 
     </span>
     <span class='ocr_line' id='line_1_46' title="bbox 1210 1719 1890 1765; baseline 0.001 -13"><span class='ocrx_word' id='word_1_256' title='bbox 1210 1721 1402 1765; x_wconf 73' lang='lat' dir='ltr'>simpliciter.</span> <span class='ocrx_word' id='word_1_257' title='bbox 1412 1719 1570 1754; x_wconf 87' lang='lat' dir='ltr'>Candide</span> <span class='ocrx_word' id='word_1_258' title='bbox 1581 1745 1590 1761; x_wconf 93' lang='lat'>‚</span> <span class='ocrx_word' id='word_1_259' title='bbox 1607 1729 1641 1753; x_wconf 83' lang='lat' dir='ltr'>et</span> <span class='ocrx_word' id='word_1_260' title='bbox 1652 1720 1726 1753; x_wconf 87' lang='lat' dir='ltr'>sine</span> <span class='ocrx_word' id='word_1_261' title='bbox 1740 1720 1890 1753; x_wconf 81' lang='lat' dir='ltr'>fallacia-</span> 
     </span>
     <span class='ocr_line' id='line_1_47' title="bbox 1209 1772 1889 1818; baseline -0.001 -12"><span class='ocrx_word' id='word_1_262' title='bbox 1209 1786 1289 1806; x_wconf 84' lang='lat' dir='ltr'>rum</span> <span class='ocrx_word' id='word_1_263' title='bbox 1305 1772 1606 1807; x_wconf 85' lang='lat' dir='ltr'>involucris.Vide</span> <span class='ocrx_word' id='word_1_264' title='bbox 1616 1773 1676 1806; x_wconf 88' lang='lat' dir='ltr'>lib.</span> <span class='ocrx_word' id='word_1_265' title='bbox 1692 1774 1745 1806; x_wconf 91' lang='lat' dir='ltr'>III</span> <span class='ocrx_word' id='word_1_266' title='bbox 1755 1799 1764 1813; x_wconf 82' lang='lat'>‚</span> <span class='ocrx_word' id='word_1_267' title='bbox 1777 1773 1889 1818; x_wconf 80' lang='lat' dir='ltr'>epigr,</span> 
     </span>
     <span class='ocr_line' id='line_1_48' title="bbox 1210 1827 1884 1872; baseline 0 -13"><span class='ocrx_word' id='word_1_268' title='bbox 1210 1839 1287 1859; x_wconf 75' lang='lat' dir='ltr'>XL11</span> <span class='ocrx_word' id='word_1_269' title='bbox 1299 1852 1308 1868; x_wconf 90' lang='lat'>,</span> <span class='ocrx_word' id='word_1_270' title='bbox 1323 1839 1356 1860; x_wconf 89' lang='lat' dir='ltr'>v.</span> <span class='ocrx_word' id='word_1_271' title='bbox 1372 1827 1404 1866; x_wconf 82' lang='lat'>3,</span> <span class='ocrx_word' id='word_1_272' title='bbox 1416 1827 1768 1872; x_wconf 83' lang='lat' dir='ltr'>etlib.VI,epigr.V11</span> <span class='ocrx_word' id='word_1_273' title='bbox 1781 1839 1832 1867; x_wconf 86' lang='lat' dir='ltr'>‚v.</span> <span class='ocrx_word' id='word_1_274' title='bbox 1851 1828 1884 1859; x_wconf 65' lang='grc' dir='ltr'>(ἰ.</span> 
     </span>
    </p>
   </div>
   <div class='ocr_carea' id='block_1_6' title="bbox 990 1960 1364 2016">
    <p class='ocr_par' dir='ltr' id='par_1_11' title="bbox 990 1960 1364 2016">
     <span class='ocr_line' id='line_1_49' title="bbox 990 1960 1364 2016; baseline 0.005 -2"><span class='ocrx_word' id='word_1_275' title='bbox 990 1960 1364 2016; x_wconf 81' lang='lat' dir='ltr'>LXXXIX.</span> 
     </span>
    </p>
   </div>
   <div class='ocr_carea' id='block_1_7' title="bbox 766 2087 1592 2136">
    <p class='ocr_par' dir='ltr' id='par_1_12' title="bbox 766 2087 1592 2136">
     <span class='ocr_line' id='line_1_50' title="bbox 766 2087 1592 2136; baseline 0.001 -3"><span class='ocrx_word' id='word_1_276' title='bbox 766 2106 1111 2135; x_wconf 73' lang='lat' dir='ltr'><strong>EPITAPHIUM</strong></span> <span class='ocrx_word' id='word_1_277' title='bbox 1152 2106 1345 2135; x_wconf 84' lang='lat' dir='ltr'>ALCIMI</span> <span class='ocrx_word' id='word_1_278' title='bbox 1385 2087 1592 2136; x_wconf 58' lang='lat' dir='ltr'>PUER1.*</span> 
     </span>
    </p>
   </div>
   <div class='ocr_carea' id='block_1_8' title="bbox 539 2230 1789 2291">
    <p class='ocr_par' dir='ltr' id='par_1_13' title="bbox 539 2230 1789 2291">
     <span class='ocr_line' id='line_1_51' title="bbox 539 2230 1789 2291; baseline 0.002 -18"><span class='ocrx_word' id='word_1_279' title='bbox 539 2232 747 2286; x_wconf 76' lang='lat' dir='ltr'>ALCIME,</span> <span class='ocrx_word' id='word_1_280' title='bbox 769 2246 897 2290; x_wconf 86' lang='lat' dir='ltr'>quem</span> <span class='ocrx_word' id='word_1_281' title='bbox 928 2240 1101 2291; x_wconf 82' lang='lat' dir='ltr'>raptum</span> <span class='ocrx_word' id='word_1_282' title='bbox 1134 2230 1312 2275; x_wconf 88' lang='lat' dir='ltr'>domino</span> <span class='ocrx_word' id='word_1_283' title='bbox 1341 2232 1635 2276; x_wconf 85' lang='lat' dir='ltr'>crescentibus</span> <span class='ocrx_word' id='word_1_284' title='bbox 1663 2233 1789 2275; x_wconf 84' lang='lat' dir='ltr'>annis</span> 
     </span>
    </p>
   </div>
   <div class='ocr_carea' id='block_1_9' title="bbox 539 2358 1609 2432">
    <p class='ocr_par' dir='ltr' id='par_1_14' title="bbox 539 2358 1609 2432">
     <span class='ocr_line' id='line_1_52' title="bbox 539 2358 1609 2432; baseline 0.001 -19"><span class='ocrx_word' id='word_1_285' title='bbox 539 2358 716 2430; x_wconf 72' lang='grc' dir='ltr'>Ᾰλκιμε,</span> <span class='ocrx_word' id='word_1_286' title='bbox 744 2366 859 2414; x_wconf 70' lang='grc' dir='ltr'>παῖδ’</span> <span class='ocrx_word' id='word_1_287' title='bbox 887 2370 928 2413; x_wconf 80' lang='grc' dir='ltr'>ὃν</span> <span class='ocrx_word' id='word_1_288' title='bbox 957 2372 1016 2414; x_wconf 79' lang='grc' dir='ltr'>ἔτι.</span> <span class='ocrx_word' id='word_1_289' title='bbox 1046 2378 1107 2427; x_wconf 80' lang='grc' dir='ltr'>τῷ</span> <span class='ocrx_word' id='word_1_290' title='bbox 1139 2365 1320 2432; x_wconf 72' lang='grc' dir='ltr'>δεσπότῃ</span> <span class='ocrx_word' id='word_1_291' title='bbox 1350 2372 1609 2432; x_wconf 77' lang='grc' dir='ltr'>ἁρπαχθέντα</span> 
     </span>
    </p>
   </div>
   <div class='ocr_carea' id='block_1_10' title="bbox 466 2504 1142 2713">
    <p class='ocr_par' dir='ltr' id='par_1_15' title="bbox 466 2504 1142 2713">
     <span class='ocr_line' id='line_1_53' title="bbox 521 2504 1142 2555; baseline 0.002 -14"><span class='ocrx_word' id='word_1_292' title='bbox 521 2504 535 2518; x_wconf 69' lang='lat'>&#39;‘</span> <span class='ocrx_word' id='word_1_293' title='bbox 557 2509 617 2542; x_wconf 72' lang='lat' dir='ltr'>Ad</span> <span class='ocrx_word' id='word_1_294' title='bbox 640 2510 799 2542; x_wconf 68' lang='lat' dir='ltr'>Alcimum</span> <span class='ocrx_word' id='word_1_295' title='bbox 827 2510 861 2542; x_wconf 87' lang='lat' dir='ltr'>in</span> <span class='ocrx_word' id='word_1_296' title='bbox 890 2509 1076 2555; x_wconf 83' lang='lat' dir='ltr'>plerisque.</span> <span class='ocrx_word' id='word_1_297' title='bbox 1100 2511 1142 2542; x_wconf 91' lang='lat' dir='ltr'>In</span> 
     </span>
     <span class='ocr_line' id='line_1_54' title="bbox 467 2560 1141 2607; baseline 0.003 -14"><span class='ocrx_word' id='word_1_298' title='bbox 467 2560 544 2594; x_wconf 80' lang='lat' dir='ltr'>cod.</span> <span class='ocrx_word' id='word_1_299' title='bbox 564 2561 662 2595; x_wconf 80' lang='lat' dir='ltr'>Bodl.</span> <span class='ocrx_word' id='word_1_300' title='bbox 682 2562 884 2595; x_wconf 83' lang='lat' dir='ltr'>inscribitur</span> <span class='ocrx_word' id='word_1_301' title='bbox 901 2575 910 2596; x_wconf 90' lang='lat'>:</span> <span class='ocrx_word' id='word_1_302' title='bbox 933 2564 1141 2607; x_wconf 75' lang='lat' dir='ltr'>Epitaphium</span> 
     </span>
     <span class='ocr_line' id='line_1_55' title="bbox 467 2615 1139 2659; baseline 0.004 -13"><span class='ocrx_word' id='word_1_303' title='bbox 467 2615 588 2647; x_wconf 59' lang='lat' dir='ltr'>Alcimi</span> <span class='ocrx_word' id='word_1_304' title='bbox 622 2617 723 2659; x_wconf 69' lang='lat' dir='ltr'>pueri.</span> <span class='ocrx_word' id='word_1_305' title='bbox 756 2636 806 2640; x_wconf 86' lang='lat'>--</span> <span class='ocrx_word' id='word_1_306' title='bbox 835 2615 989 2649; x_wconf 82' lang='lat' dir='ltr'>Alcimus</span> <span class='ocrx_word' id='word_1_307' title='bbox 1023 2628 1139 2649; x_wconf 86' lang='lat' dir='ltr'>servus</span> 
     </span>
     <span class='ocr_line' id='line_1_56' title="bbox 466 2668 1138 2713; baseline 0.003 -14"><span class='ocrx_word' id='word_1_308' title='bbox 466 2676 557 2708; x_wconf 70' lang='lat' dir='ltr'>erat,</span> <span class='ocrx_word' id='word_1_309' title='bbox 582 2680 640 2701; x_wconf 78' lang='lat' dir='ltr'>seu</span> <span class='ocrx_word' id='word_1_310' title='bbox 672 2680 757 2713; x_wconf 82' lang='lat' dir='ltr'>puer</span> <span class='ocrx_word' id='word_1_311' title='bbox 777 2668 967 2708; x_wconf 81' lang='lat' dir='ltr'>Martialis,</span> <span class='ocrx_word' id='word_1_312' title='bbox 1000 2670 1034 2701; x_wconf 88' lang='lat' dir='ltr'>in</span> <span class='ocrx_word' id='word_1_313' title='bbox 1065 2670 1138 2712; x_wconf 77' lang='lat' dir='ltr'>ipso</span> 
     </span>
    </p>
   </div>
   <div class='ocr_carea' id='block_1_11' title="bbox 1202 2510 1885 2714">
    <p class='ocr_par' dir='ltr' id='par_1_16' title="bbox 1202 2510 1884 2608">
     <span class='ocr_line' id='line_1_57' title="bbox 1202 2510 1884 2556; baseline -0.001 -13"><span class='ocrx_word' id='word_1_314' title='bbox 1202 2510 1309 2543; x_wconf 74' lang='lat' dir='ltr'>aelatis</span> <span class='ocrx_word' id='word_1_315' title='bbox 1331 2510 1416 2543; x_wconf 87' lang='lat' dir='ltr'>flore</span> <span class='ocrx_word' id='word_1_316' title='bbox 1438 2519 1557 2556; x_wconf 83' lang='lat' dir='ltr'>raptus</span> <span class='ocrx_word' id='word_1_317' title='bbox 1572 2536 1580 2551; x_wconf 89' lang='lat'>‚</span> <span class='ocrx_word' id='word_1_318' title='bbox 1604 2522 1709 2555; x_wconf 86' lang='lat' dir='ltr'>quem</span> <span class='ocrx_word' id='word_1_319' title='bbox 1738 2510 1774 2542; x_wconf 85' lang='lat' dir='ltr'>in</span> <span class='ocrx_word' id='word_1_320' title='bbox 1799 2522 1884 2556; x_wconf 78' lang='lat' dir='ltr'>agro</span> 
     </span>
     <span class='ocr_line' id='line_1_58' title="bbox 1202 2563 1587 2608; baseline -0.005 -12"><span class='ocrx_word' id='word_1_321' title='bbox 1202 2563 1377 2596; x_wconf 80' lang='lat' dir='ltr'>Labicano</span> <span class='ocrx_word' id='word_1_322' title='bbox 1396 2564 1587 2608; x_wconf 84' lang='lat' dir='ltr'>sepelierat.</span> 
     </span>
    </p>

    <p class='ocr_par' dir='ltr' id='par_1_17' title="bbox 1207 2616 1885 2714">
     <span class='ocr_line' id='line_1_59' title="bbox 1258 2616 1885 2661; baseline 0.003 -13"><span class='ocrx_word' id='word_1_323' title='bbox 1258 2628 1287 2648; x_wconf 93' lang='lat'>1.</span> <span class='ocrx_word' id='word_1_324' title='bbox 1314 2617 1439 2650; x_wconf 75' lang='lat' dir='ltr'>Alcime</span> <span class='ocrx_word' id='word_1_325' title='bbox 1455 2642 1462 2654; x_wconf 90' lang='lat'>,</span> <span class='ocrx_word' id='word_1_326' title='bbox 1487 2629 1578 2661; x_wconf 79' lang='lat' dir='ltr'>quam</span> <span class='ocrx_word' id='word_1_327' title='bbox 1603 2616 1639 2648; x_wconf 85' lang='lat' dir='ltr'>in</span> <span class='ocrx_word' id='word_1_328' title='bbox 1667 2616 1885 2650; x_wconf 40' lang='lat' dir='ltr'>Juntsanno</span> 
     </span>
     <span class='ocr_line' id='line_1_60' title="bbox 1207 2669 1668 2714; baseline 0.002 -13"><span class='ocrx_word' id='word_1_329' title='bbox 1207 2682 1219 2701; x_wconf 95' lang='lat'>1</span> <span class='ocrx_word' id='word_1_330' title='bbox 1232 2670 1248 2701; x_wconf 80' lang='lat'>5</span> <span class='ocrx_word' id='word_1_331' title='bbox 1260 2680 1272 2701; x_wconf 92' lang='lat'>1</span> <span class='ocrx_word' id='word_1_332' title='bbox 1285 2682 1323 2707; x_wconf 78' lang='lat'>2,</span> <span class='ocrx_word' id='word_1_333' title='bbox 1349 2681 1533 2714; x_wconf 80' lang='lat' dir='ltr'>operarum</span> <span class='ocrx_word' id='word_1_334' title='bbox 1559 2669 1668 2714; x_wconf 79' lang='lat' dir='ltr'>lapsu.</span> 
     </span>
    </p>
   </div>
  </div>
 </body>
</html>
