2061 3288
455 222 551 266 218
826 224 887 266 M.
911 225 1053 268 VAL.
1093 226 1488 272 MARTIALIS

586 311 748 354 Levior
774 327 800 355 o
824 312 1026 369 conchis,
1051 312 1200 369 Galle,
1225 315 1511 376 Cytheriacis.

521 380 718 426 Confidis
750 382 952 427 natibus?
978 401 1069 427 non
1094 394 1159 428 est
1188 386 1356 446 paedico
1388 387 1581 431 maritus.

590 452 701 509 Quae
727 452 858 498 faciat
883 454 971 499 duo
995 465 1095 499 sunt
1121 473 1130 499 :
1158 457 1366 513 irrumat,
1393 467 1468 502 aut
1493 458 1637 502 futuit.

505 604 535 623 2.
564 590 698 624 Conclzis
734 590 942 637 Cytheriacis.
977 591 1020 627 Id
1050 601 1101 627 est
1118 620 1128 635 ‚

448 643 591 677 marinis
608 669 617 681 ‚
638 645 693 677 vel
719 646 901 689 venereis,
929 645 1025 692 quod
1043 659 1127 680 con-

447 696 513 730 cha
545 706 626 731 nata
654 707 741 732 esset
762 699 898 733 Venus.
926 700 1129 745 Intelligere

449 750 554 784 etlam
581 763 767 796 possumus
785 753 958 794 conchas,
977 766 1061 798 quas
1085 754 1127 787 li-

452 811 507 837 tus
537 804 658 838 insulae
697 804 859 850 Cytherae
889 806 1049 841 ferebat:
1077 807 1128 840 nil

1190 602 1306 629 nutem
1326 595 1438 630 levius
1457 595 1690 642 conchylibus
1709 595 1867 631 marinis.

1195 647 1278 682 Vid.
1301 649 1415 683 Plaut.
1434 649 1471 682 in
1491 649 1666 683 Rudente.
1679 650 1748 684 En.

1242 702 1279 736 3.
1299 701 1442 747 szfidis
1467 703 1602 737 natibus.
1628 702 1737 745 Quod
1761 710 1864 737 vocat

1189 755 1366 801 eleganter
1398 756 1583 802 suppliciam
1602 757 1723 802 puerile
1754 756 1867 801 epigr.

1187 821 1231 842 Lx
1247 808 1330 842 infr.

1003 948 1310 1004 XLVIII.

977 1101 1048 1129 AD
1099 1079 1342 1131 RUFUM.*

661 1237 960 1291 CAUPONEM,
987 1234 1259 1297 laniumque,
1286 1234 1600 1296 balneumque,

660 1308 930 1363 Tonsorem,
959 1306 1262 1368 tabulamque,
1290 1306 1592 1367 calculosque,

660 1380 716 1421 Et
744 1395 930 1439 paucos,
959 1378 1032 1422 scd
1063 1388 1109 1422 ut
1137 1378 1318 1440 eligam,
1349 1377 1516 1421 libellos
1539 1395 1547 1420 :

663 1450 815 1492 Unum
839 1466 928 1493 non
951 1449 1134 1492 nimium
1162 1449 1315 1492 rudem
1344 1448 1559 1503 sodalem,

659 1521 716 1562 Et
746 1536 891 1563 carnin
922 1537 1060 1580 puero
1092 1537 1189 1563 meo
1219 1519 1434 1580 puellam,

501 1656 515 1669 *
533 1657 745 1691 Felicitatem
764 1670 837 1691 non
859 1658 936 1692 loco
955 1656 1014 1691 sed
1037 1671 1129 1691 coni—

449 1710 676 1744 moditatibus
707 1711 881 1744 contineri
909 1710 1013 1745 docet
1035 1712 1130 1744 Mar-

452 1764 557 1804 tialis,
578 1773 610 1797 et
627 1777 703 1809 quae
715 1763 908 1808 desideret,
927 1764 962 1797 in
978 1765 1129 1798 obscuro

449 1829 583 1850 secessu
605 1843 613 1858 ,
648 1818 725 1850 vitae
756 1817 901 1851 modicae
932 1827 965 1851 et
1003 1818 1129 1863 quietae

448 1871 721 1909 oblectamenta,
746 1879 938 1903 enumerat.
962 1871 1029 1904 En.

503 1936 515 1956 Ι
525 1951 532 1957 .
551 1924 743 1968 Cauponem,
758 1925 945 1970 lum'umque.
959 1923 1012 1957 Ad
1027 1937 1127 1957 inen-

448 1989 493 2011 sae
514 1976 668 2011 delicias.
685 1993 738 1999 —
755 1978 971 2022 Balneumque
983 2005 992 2018 ,
1010 1986 1044 2011 et
1063 1986 1130 2010 ton-

449 2044 559 2064 sorem.
577 2030 631 2063 Ad
647 2043 768 2063 curam
788 2031 961 2076 corporis.

505 2098 538 2118 2.
567 2084 804 2130 Tabalamquc’,
829 2084 1036 2130 calculosque.
1060 2084 1127 2116 Ta-

447 2138 566 2170 bulam
592 2137 758 2170 lusoriam
788 2149 870 2170 cum
898 2137 1102 2170 latrunculis
1119 2163 1128 2177 ,

445 2191 565 2236 gallice
586 2191 714 2229 echas,-
742 2189 785 2223 acl
808 2190 914 2223 animi
942 2189 1126 2222 relaxatio-

448 2257 540 2277 nem.
560 2242 644 2277 Vid.
667 2244 729 2276 lib.
748 2244 850 2284 XIV,
873 2243 980 2289 epigr.
999 2255 1088 2275 xvn.

502 2298 537 2330 3.
561 2298 610 2329 Et
627 2309 746 2342 paucos
762 2324 771 2337 ‚
797 2305 863 2330 ete.
891 2295 946 2329 Ad
970 2295 1126 2329 studium

451 2359 485 2383 et
506 2350 610 2383 animi
632 2350 780 2382 cultum.
801 2351 854 2383 Ita
870 2350 998 2383 Seneca
1014 2350 1126 2394 Epist.

453 2416 470 2435 2
492 2412 525 2435 et
542 2403 600 2443 45.
617 2420 630 2432 «
647 2403 726 2435 Non
740 2403 848 2436 refert
862 2415 965 2448 quarn
982 2403 1124 2444 multos,

450 2455 511 2488 sed
543 2469 648 2501 quam
684 2457 800 2489 bonos
841 2456 967 2489 habeas
1002 2456 1122 2489 libros.

448 2509 620 2541 Distrahit
639 2510 794 2542 animum
814 2509 986 2542 librorum
1004 2509 1123 2541 multi-

449 2560 548 2594 tudo.
571 2563 691 2595 Lectio
720 2563 833 2596 omnis
858 2563 993 2607 generis
1022 2563 1122 2595 volu-

447 2614 587 2647 minum
619 2615 725 2648 habet
759 2615 891 2661 aliquid
926 2627 1050 2660 vagum
1088 2623 1121 2648 et

448 2668 617 2701 instabile.
639 2668 759 2702 Paucis
773 2669 871 2701 libris
886 2668 1069 2702 immorari
1086 2676 1118 2701 et

1188 1657 1358 1691 innutriri
1387 1665 1550 1703 oportet,
1573 1658 1600 1691 si
1625 1657 1712 1691 velis
1734 1656 1869 1702 aliquid

1190 1712 1352 1752 trahere,
1385 1710 1480 1755 quod
1512 1712 1547 1744 in
1577 1711 1694 1744 animo
1716 1709 1868 1744 fideliter

1188 1764 1328 1797 haereat.
1340 1764 1460 1798 Lectio
1476 1773 1568 1798 certa
1587 1763 1733 1810 prodest
1746 1790 1755 1805 ,
1768 1763 1862 1797 varia

1188 1817 1349 1851 delectat.
1374 1817 1445 1859 Qui
1466 1818 1541 1851 vult
1564 1817 1749 1862 pervenire
1763 1842 1773 1858 ,
1795 1829 1866 1861 quo

1188 1870 1375 1904 destinavit
1391 1896 1399 1912 ‚
1419 1882 1524 1903 unam
1558 1878 1723 1916 sequatur
1747 1870 1839 1903 viam
1855 1895 1864 1909 ,

1187 1937 1259 1957 non
1282 1936 1346 1970 per
1368 1924 1486 1969 plures
1502 1932 1648 1968 vagetur
1661 1949 1669 1965 ,
1683 1932 1749 1956 etc.
1767 1940 1780 1952 n
1798 1923 1865 1957 ΕΙ).

1244 1982 1276 2017 4.
1305 1978 1428 2017 Unum,
1453 1985 1517 2010 etc.
1546 1976 1602 2009 Ad
1623 1976 1703 2009 vitae
1722 1976 1866 2010 societa-

1187 2038 1279 2071 tem,
1313 2031 1460 2063 amicum
1493 2042 1626 2071 unuin,
1657 2038 1760 2074 atque
1786 2041 1867 2062 eum

1187 2082 1413 2116 mediocriter
1430 2081 1608 2116 eruditum
1619 2108 1628 2123 ‚
1648 2081 1743 2128 apud
1759 2094 1864 2128 quem

1186 2137 1286 2170 liceat
1296 2136 1446 2182 ineptire
1454 2134 1865 2181 aliquando.Videndum

1185 2189 1247 2222 inf.
1269 2190 1376 2235 epigr.
1395 2201 1458 2222 xc:
1481 2189 1558 2222 «Sit
1573 2202 1645 2222 non
1667 2188 1864 2222 doctissima

1185 2244 1332 2288 conjux3
1347 2242 1453 2277 nimia
1466 2242 1561 2275 enim
1571 2241 1726 2276 eruditio
1742 2253 1866 2286 super-

1184 2296 1277 2329 biam
1300 2296 1394 2342 parit
1413 2322 1421 2337 ‚
1444 2309 1519 2341 quae
1539 2296 1576 2328 in
1604 2295 1684 2328 vitae
1704 2295 1865 2328 societate

1184 2349 1312 2394 gravis.
1333 2350 1414 2382 Non
1435 2349 1478 2382 sit
1497 2357 1614 2381 tamen
1637 2348 1787 2381 nimium
1803 2359 1864 2379 ru-

1184 2401 1238 2435 dis
1256 2403 1389 2436 inculto
1408 2414 1550 2447 prorsus
1568 2401 1730 2446 ingenio,
1751 2408 1785 2433 et
1802 2399 1864 2444 qui

1184 2456 1226 2488 ab
1248 2456 1343 2488 omni
1363 2455 1543 2488 literarum
1568 2452 1780 2487 commercio
1804 2464 1860 2485 re-

1183 2508 1303 2554 fugiat.
1323 2526 1336 2538 n
1361 2509 1427 2541 ED.

1238 2564 1256 2595 5
1274 2587 1283 2602 ‚
1308 2564 1342 2595 6.
1367 2561 1411 2594 Hi
1442 2560 1515 2593 duo
1548 2558 1707 2592 versiculi
1737 2558 1772 2590 in
1803 2556 1859 2590 ed.

1182 2615 1332 2655 Barbou,
1355 2614 1460 2648 Paris.
1489 2613 1582 2658 1754
1597 2638 1606 2654 ,
1631 2610 1831 2656 transpositi
1851 2621 1859 2643 :

1180 2669 1226 2701 sic
1258 2668 1360 2701 etiam
1395 2667 1560 2710 leguntur
1588 2665 1623 2697 in
1648 2662 1727 2697 Ald.
1758 2664 1864 2697 Junt.
