2061 3288
437 223 1027 268 EPIGRAMMATUM
1068 224 1191 266 LIB.
1233 224 1330 266 111.

1498 220 1585 268 351

718 375 1052 432 LXXXIV.

599 533 657 560 IN
714 510 1172 561 TONGILIONEM.*

387 658 515 713 QUID
548 666 697 700 narrat
727 666 803 700 tua
833 654 1032 699 moecha?
1061 672 1149 699 non
1180 654 1366 715 puellam

386 728 512 782 Dixi,
537 726 767 788 Tongilion
791 744 799 770 :
827 726 931 787 quid
963 724 1100 787 ergo?
1126 725 1330 787 linguam.

229 865 242 877 *
257 867 368 899 Vocat
382 867 600 912 Tongilionis
616 866 769 912 linguam
783 880 853 899 mnr-

175 920 262 952 cltum
277 947 285 960 ,
310 919 408 965 quod
432 920 458 952 is
481 932 541 952 ore
561 920 718 953 moechus
744 927 851 961 esset3

174 982 401 1017 percontatur
422 985 504 1018 ergo
525 972 610 1018 quid
635 981 753 1006 narret
779 974 853 1017 ejus

173 1026 307 1059 moecha
325 1038 332 1059 ε
358 1038 396 1058 ex
418 1026 482 1058 hac
503 1026 776 1072 interrogatione
794 1038 855 1071 po-

173 1086 260 1111 terat
285 1080 362 1125 quis
384 1079 583 1112 existimare
606 1080 853 1124 Tongilionein

172 1132 326 1175 puellam
347 1133 476 1165 habere
493 1144 642 1177 quacum
662 1133 852 1165 moechare-

174 1192 239 1217 tur.
257 1185 408 1230 Corrigit
421 1186 533 1218 statim
545 1212 553 1227 ‚
569 1198 641 1218 non
661 1185 740 1219 dico
752 1186 851 1231 puel-

172 1237 238 1269 lam
250 1263 258 1277 ‚
277 1237 338 1270 sed
355 1238 523 1283 linguam.
543 1240 692 1271 Hamis-es.

229 1304 260 1322 2.
298 1292 338 1323 In
375 1290 582 1336 quibusdam
618 1300 703 1325 vett.
733 1293 851 1336 lingum

172 1355 237 1386 pro
255 1344 395 1387 linguam
412 1372 419 1383 ,
443 1344 538 1389 quod
560 1344 686 1377 vitium
706 1357 777 1377 esse
797 1353 852 1389 ty-

173 1397 373 1442 pographiae
404 1397 514 1430 credit
545 1398 749 1443 CagneriuS.
776 1397 852 1430 Hoc

172 1457 283 1482 tamen
307 1459 446 1484 servant
463 1451 592 1484 Junius
608 1476 616 1491 ‚
632 1451 802 1496 Langius‚
819 1458 853 1484 et

913 866 982 899 alii.
999 887 1052 892 —
1074 866 1243 910 Linguam.
1263 865 1352 906 Quae.
1368 866 1520 909 λείχωσα
1540 869 1593 900 καὶ.

913 920 1057 964 μύζουσα.
1070 945 1078 960 ,
1098 918 1230 965 patitur
1252 918 1348 964 quod
1368 920 1512 953 moeeha.
1539 920 1594 953 Si(=

912 973 972 1005 lib.
988 973 1039 1004 XI
1051 999 1059 1013 ‚
1072 973 1276 1017 epigramm.
1292 985 1387 1006 Lxu:
1405 990 1417 1002 «
1435 973 1593 1006 Moeclms

915 1038 976 1059 ore
1004 1026 1203 1059 Manneius.
1222 1044 1234 1055 u
1258 1024 1300 1058 Id
1319 1026 1469 1059 verbum
1489 1027 1592 1059 etiam

914 1088 1027 1111 nar-rat
1048 1079 1174 1124 linguae
1196 1079 1434 1125 impuritatem
1463 1080 1590 1113 innuit.

914 1133 980 1165 Vel
1013 1145 1077 1177 per
1108 1135 1249 1176 linguam
1288 1132 1405 1165 innuit
1442 1133 1591 1178 puellam

913 1185 1013 1218 istam
1052 1184 1138 1218 adeo
1175 1185 1281 1218 fuisse
1314 1186 1494 1230 loquacem
1512 1211 1521 1226 ‚
1554 1194 1592 1218 ut

914 1238 1023 1282 lingua
1049 1238 1119 1271 dici
1143 1247 1335 1280 mereatur3
1357 1248 1415 1272 aut
1438 1239 1591 1284 linguam

914 1291 1021 1324 instar
1036 1292 1130 1324 canis
1147 1292 1295 1338 Appulae
1311 1318 1319 1332 ,
1340 1300 1372 1324 et
1389 1291 1531 1337 quidem
1550 1292 1594 1324 si-

913 1345 1031 1378 tientis
1058 1345 1188 1390 ubique
1217 1354 1252 1378 et
1274 1357 1412 1390 semper
1438 1345 1591 1390 linguam

913 1398 1113 1431 exserentis.
1132 1397 1317 1431 Probanda
1336 1398 1437 1431 nobis
1454 1398 1592 1431 videtur

916 1451 1014 1496 prior
1035 1451 1231 1496 explicatio.
1252 1452 1318 1484 En.

717 1584 1044 1640 LXXXV.

661 1741 731 1768 An
779 1722 1094 1770 MA1i1T111x1.*

241 1866 361 1921 Quis
386 1864 464 1907 tibi
490 1865 706 1924 persuasit
727 1879 855 1907 nares
883 1864 1138 1908 abscindere
1160 1867 1365 1910 moecho?

310 1936 411 1979 Non
433 1935 515 1978 hac
542 1944 772 1995 peccatum
797 1944 862 1978 est
885 1945 1033 1995 parte,
1059 1937 1214 1979 marite
1230 1972 1241 1991 ‚
1268 1938 1357 1981 tibi.

241 2005 402 2061 Stulte,
430 2005 535 2066 quid
563 2004 718 2066 egisti?
741 2005 849 2048 nihil
877 2006 949 2050 hic
979 2015 1055 2049 tua
1080 2006 1268 2067 perdidit
1295 2024 1424 2064 uxor,

309 2077 459 2133 Quum
493 2077 547 2119 sit
577 2075 696 2119 salva
729 2077 794 2120 sui
824 2075 1018 2120 mentula
1049 2078 1284 2139 Deiphobi.

223 2210 238 2226 *
259 2214 425 2261 Ejusdem
448 2216 645 2261 argumenti
665 2215 767 2256 vide,
786 2217 846 2250 lib.

172 2270 204 2301 11
218 2294 225 2304 ,
247 2269 460 2314 epigramma
484 2281 637 2302 Lxxxnt.

228 2333 257 2354 1.
279 2321 472 2354 Abscifzdere
495 2322 621 2354 ma‘clzo.
649 2322 765 2363 Quem
794 2335 849 2356 ca-

169 2383 278 2407 strare
297 2373 430 2407 debuit.
449 2373 543 2407 Vide
562 2375 624 2407 lib.
646 2375 698 2415 II,
719 2387 773 2420 ep.
795 2389 849 2408 Lx.

224 2432 257 2467 4.
291 2428 396 2471 Quum
426 2429 468 2459 sit
499 2428 586 2459 salva
622 2427 679 2460 tibi
706 2427 743 2460 ill
772 2428 848 2461 Ald.

167 2480 266 2513 Junt.
295 2480 409 2513 Colin.
439 2480 586 2526 aliisque
613 2489 696 2513 vett.
724 2502 776 2507 —-
793 2481 852 2514 Sui

168 2533 337 2577 Deiphobi.
369 2531 506 2567 Alludit
536 2534 662 2575 Poeta,
686 2542 724 2567 ut
754 2534 850 2568 aiunt

910 2217 1144 2263 interpretes,
1175 2218 1220 2252 ad
1247 2219 1346 2251 illum
1372 2218 1512 2265 Virgilii
1539 2220 1590 2253 lo-

911 2283 990 2303 cum
1004 2297 1012 2311 ‚
1026 2270 1166 2305 AEneid.
1181 2272 1233 2304 VI
1244 2297 1253 2312 ,
1268 2284 1304 2304 v.
1320 2276 1391 2316 494
1407 2298 1415 2312 ,
1428 2285 1498 2318 quo
1509 2273 1593 2306 Dei-

911 2324 1051 2368 phobus
1080 2325 1224 2358 naribus
1258 2325 1426 2358 truncatis
1462 2324 1592 2359 descri-

912 2376 1010 2408 bitur
1033 2389 1040 2409 :
1079 2394 1091 2405 «
1117 2377 1208 2415 Ora,
1237 2390 1431 2423 manusque
1453 2380 1591 2419 ambas,

911 2429 1146 2475 populataque
1172 2438 1329 2477 tempora
1352 2431 1460 2477 raptis
1486 2433 1591 2465 Auri·

910 2482 995 2523 hus,
1019 2491 1054 2516 et
1075 2491 1214 2517 truncas
1235 2484 1423 2518 inhonesto
1446 2485 1592 2519 vulnere

910 2547 1022 2568 nares.
1046 2554 1058 2565 n
