2061 3288
448 218 1035 262 EPIGRAMMATUM
1073 217 1197 261 LIB.
1238 218 1271 260 I.

1476 232 1568 277 129

662 382 1052 438 LXXXIII.

715 535 775 562 DE
807 534 1006 563 REGULO.

366 656 500 709 Hm,
522 670 617 714 quae
645 653 824 715 pulvere
851 653 1057 714 dissipata
1083 652 1221 696 multo

364 727 540 785 Longas
568 725 763 786 porticus
792 723 980 785 explicat
1004 723 1177 779 ruinas,

364 798 433 839 En
459 805 622 856 quanto
648 795 763 855 jacet
792 793 994 838 absoluta
1019 791 1142 838 casu!

368 867 511 910 Tectis
536 882 637 909 nam
663 865 795 909 modo
817 864 1011 926 Regulus
1037 864 1117 908 sub
1140 862 1220 908 illis

366 939 573 981 Gestatus
600 937 741 980 fuerat
755 970 767 990 ,
793 944 1140 996 recesseratque3

364 1008 496 1052 Victa
521 1017 586 1051 est
609 1007 804 1068 pondere
827 1023 962 1068 quum
990 1022 1068 1050 suo
1094 1015 1297 1067 repente3

367 1080 424 1121 Et
448 1087 679 1139 postquam
708 1077 887 1122 domino
912 1076 1019 1120 nihil
1047 1077 1243 1131 timebat,

367 1150 532 1193 Securo
563 1150 650 1192 ruit
674 1149 901 1192 incruenta
925 1148 1100 1192 damno.

366 1221 539 1274 Tantae,
568 1218 760 1280 Regule,
786 1229 885 1280 post
914 1228 1080 1262 metum
1107 1217 1316 1279 querelae,

365 1351 422 1403 Ἐν
448 1365 578 1421 πολλῇ
602 1362 705 1403 κόνει
728 1365 751 1408 ἠ
785 1362 860 1410 rso->1
890 1364 1067 1419 ῥιφεῖσα,

366 1433 532 1492 Μακρὸν
566 1433 711 1491 ῥυσμὸν
740 1430 917 1491 ἐρειπίων
949 1431 1141 1483 ἁπλῶσα,

367 1503 481 1558 Ποίῳ
502 1504 697 1558 πτώματι
725 1507 854 1544 κεῖται
874 1502 1079 1560 ἧμύουσας

368 1566 512 1633 Ᾱκμὴν
542 1567 677 1617 ταῖσδ’
705 1574 782 1615 ὑπὸ
813 1562 994 1633 Ρῆγυλος
1025 1572 1186 1632 ςέγῃσιν

374 1643 527 1705 Αἰώρης
557 1643 703 1694 ἐλάσας
733 1644 854 1702 ὄχημ’
881 1641 1050 1690 ἀπῆλθε.

370 1714 498 1774 Βρίθει
524 1709 562 1757 δ’
585 1714 784 1773 ἀχθομένη
812 1707 1006 1756 δέδουπεν
1033 1710 1160 1769 ἄφνω.

371 1786 424 1826 X’
452 1789 503 1834 ὡς
534 1784 654 1844 μηθὲν
680 1784 769 1842 περὶ
795 1777 975 1843 δεσπότῃ
1003 1784 1174 1840 τρέουσα

370 1857 533 1897 Πτώσει
558 1856 694 1913 ἤριπεν
717 1855 899 1912 ἀσφαλὴς
921 1853 1050 1907 ἀθώῳ.

371 1927 553 1980 Τόσσου,
578 1916 758 1985 Ρῆγυλε,
785 1919 968 1967 κινδύνου
997 1924 1086 1982 μετ’
1115 1920 1251 1976 αἶσαν,

220 2081 235 2102 1
245 2095 253 2102 .
268 2068 350 2101 Hoec
365 2081 446 2114 quoe.
461 2066 628 2113 Ejusdem
645 2066 841 2112 argumenti

165 2130 215 2155 est
239 2121 348 2167 epigr.
371 2122 478 2162 XIII,
499 2133 614 2166 supra.
635 2141 688 2147 —
707 2120 842 2153 Pulvere

164 2175 330 2220 dissipata.
350 2174 440 2207 Cum
459 2173 594 2218 ingenti
608 2173 756 2218 pulvere
772 2173 841 2206 col-

164 2228 268 2273 lapsa.

221 2281 256 2314 3.
279 2279 437 2314 Absoluta
457 2291 541 2311 casu.
561 2279 629 2312 Hic
650 2291 746 2311 casus
762 2277 843 2311 fuis-

166 2342 216 2367 set
241 2346 335 2366 mors
362 2331 503 2377 Reguli;
530 2344 607 2377 quae
630 2343 739 2376 quum
762 2331 843 2362 uni-

165 2399 300 2420 versam
332 2385 517 2419 hominum
551 2383 720 2417 invidiam
752 2383 843 2415 exci-

167 2449 286 2481 tasset,
304 2452 376 2472 non
401 2438 521 2471 fuisset
546 2450 667 2483 expers
686 2436 844 2470 criminis

167 2505 288 2535 casus;
311 2491 396 2525 inde
427 2491 514 2524 dicit
542 2491 719 2536 porticum
745 2489 844 2522 abso-

166 2545 276 2579 lutam
299 2559 391 2585 casu,
415 2544 512 2590 quasi
530 2543 623 2577 dicat
648 2542 844 2576 absolutam

169 2601 308 2631 crimine.
321 2598 511 2631 Eu-—Vel
521 2623 531 2638 ,
544 2609 646 2642 quam
659 2596 750 2629 felici
763 2607 843 2628 casu

170 2651 362 2693 innocens,
383 2660 417 2685 et
438 2650 517 2684 ideo
537 2650 715 2689 absoluta,
732 2648 843 2693 jacet!

240 2727 276 2767 I.

959 2077 993 2108 7.
1022 2065 1064 2097 In
1093 2063 1174 2097 Ald.
1197 2064 1298 2097 Junt.
1322 2072 1357 2097 et
1386 2063 1502 2098 Colin.
1531 2065 1579 2098 Et

898 2126 1064 2163 postquam
1083 2117 1254 2149 dominum.

957 2172 991 2204 8.
1011 2170 1127 2204 Securo
1148 2170 1274 2203 damno.
1303 2168 1373 2203 Suo
1394 2168 1522 2203 damno
1545 2178 1580 2204 et

900 2223 1061 2269 periculo
1081 2232 1229 2257 tantum.

956 2290 989 2320 9.
1022 2276 1133 2309 Janus
1163 2275 1369 2320 Rutgersius
1397 2287 1470 2309 var.
1499 2276 1578 2310 lect.

900 2329 963 2362 lib.
982 2330 1034 2361 VI
1045 2354 1055 2370 ‚
1070 2341 1147 2374 cap.
1168 2340 1182 2361 1
1195 2342 1227 2369 1,
1248 2329 1341 2360 Tutae
1353 2327 1579 2362 scribendum

902 2390 1023 2427 putat,
1035 2390 1222 2427 postquam
1236 2382 1397 2414 evasisset
1412 2382 1577 2427 Regulus.

903 2455 954 2460 —
975 2436 1006 2467 T
1004 2443 1090 2468 antae
1101 2442 1175 2480 post
1190 2442 1301 2467 metum
1321 2434 1465 2480 qaerelae.
1483 2435 1580 2468 Post-

904 2500 1009 2533 quam
1032 2488 1169 2521 liberati
1196 2500 1313 2521 sumus
1339 2495 1435 2520 metu
1458 2486 1579 2520 damni

905 2540 1000 2586 quod
1033 2540 1190 2586 ingentes
1216 2540 1372 2586 querelas
1400 2540 1580 2573 excitasset

904 2594 1081 2627 fortunam
1094 2593 1327 2627 incusantium
1336 2619 1345 2635 ,
1360 2593 1579 2638 negantium-

905 2660 972 2692 que
991 2646 1266 2692 providentiam.
1285 2646 1344 2680 Sic
1362 2647 1470 2692 epigr.
1488 2657 1558 2679 §4111
1570 2671 1578 2687 ,

1305 2735 1334 2778 9
