2061 3288
479 227 1071 274 EPIGRAMMATUM
1110 226 1234 268 LlB.
1275 225 1358 267 IV.

1525 221 1627 284 379

276 319 395 378 Quid
424 335 503 362 nos
532 316 734 361 derides?
758 317 864 361 here
893 315 967 376 qui
997 330 1127 376 puer,
1152 312 1302 373 Hylle,
1325 312 1467 369 fuisti,
1612 331 1627 354 5

347 391 431 434 Dic
462 389 609 445 nohis,
635 387 766 432 hodie
795 403 882 449 qua
911 387 1080 430 ratione
1105 385 1172 428 vir
1197 382 1271 428 es?

261 531 296 565 5.
316 531 422 571 Puer,
446 538 512 564 etc.
532 529 673 564 Scilicet
693 530 808 563 viriles
830 530 884 562 in-

211 584 320 618 sultus
335 582 516 629 patiendo.

261 640 296 670 6.
323 639 404 670 Ant.
437 638 476 669 de
502 638 595 673 Rom·
616 637 711 670 hunc
748 648 887 670 versum

208 690 254 724 ita
269 689 543 736 depungendum
558 698 678 736 putat:
700 690 782 729 Dic,
801 689 890 721 nobis

945 527 1038 560 lzodie
1065 539 1127 572 qua
1154 528 1275 558 ratione
1304 527 1358 557 vir
1381 529 1444 556 es?
1464 523 1519 557 Cf.
1540 522 1630 556 infra

946 581 1038 627 epig.
1049 592 1123 613 XLII
1136 592 1144 613 ε
1162 579 1228 611 «Et
1242 578 1361 611 timeat
1373 589 1500 623 pueros
1517 594 1530 606 »
1546 584 1630 617 ,etc.

948 655 999 661 —
1010 634 1074 665 Vir
1091 645 1132 665 es.
1149 630 1324 665 Faciendo
1337 657 1346 673 ,
1369 638 1408 664 ut
1424 630 1628 676 epigramm.

950 699 1026 721 xL11
1049 686 1152 719 infra.

824 836 1008 892 VIII.

687 995 755 1024 AD
794 971 1155 1024 EUPHEMUM*

280 1124 438 1166 psum
461 1120 698 1165 salutantes
724 1129 855 1181 atque
877 1118 1014 1163 altera
1036 1118 1224 1162 conterit
1246 1117 1379 1171 hora3

351 1195 538 1236 Exercet
563 1208 717 1235 raucos
740 1192 869 1235 tertia
892 1189 1148 1234 causidicos.

280 1265 333 1307 In
362 1265 558 1324 quintam
584 1263 730 1306 varios
756 1261 949 1306 extendit
973 1262 1117 1305 Roma
1140 1259 1324 1304 labores.

263 1399 278 1414 ³
293 1404 387 1438 Petit
408 1404 451 1438 ab
469 1404 654 1451 Euphemo
675 1412 891 1438 exstructore

212 1470 339 1491 mensae
356 1458 549 1491 Domitiani
568 1484 577 1499 ‚
600 1467 639 1492 ut
657 1471 717 1491 sua
735 1457 892 1491 carmina

211 1511 280 1556 legi
314 1511 433 1556 jubeat
465 1511 676 1557 Imperatori
695 1538 704 1554 ,
735 1523 892 1545 commo-

211 1563 356 1597 dissimo
376 1572 534 1610 tempore
549 1590 559 1606 ‚
576 1563 613 1598 id
633 1573 700 1606 est,
719 1564 807 1597 hora
829 1577 894 1598 coe-

213 1630 266 1650 nae
282 1644 290 1658 ,
304 1630 412 1663 quum
429 1619 498 1662 jam
516 1618 662 1663 coeperit
682 1617 893 1651 incalescere

214 1683 313 1703 mero
332 1682 340 1703 τ
361 1670 459 1716 quod
490 1679 528 1704 nt
557 1671 683 1712 faciat,
710 1671 895 1716 praemittit

213 1723 380 1756 horarum
410 1732 489 1757 ante
522 1736 658 1757 coenam
685 1724 793 1758 totius
824 1724 895 1757 diei

214 1775 514 1811 distributionem.
535 1777 690 1810 Ramires.

272 1842 300 1862 1.
321 1830 537 1864 Pulmannus
550 1855 560 1871 ‚
578 1838 673 1873 atque
689 1831 790 1862 altera
802 1829 895 1862 disti-

216 1890 268 1915 net
301 1883 402 1922 llora;
434 1883 492 1916 alii
509 1909 517 1926 ,
550 1885 689 1916 continet
717 1884 804 1916 hora.
843 1904 895 1909 —

217 1937 329 1969 Prima
345 1937 518 1969 salutantes
530 1964 540 1977 ‚
557 1944 622 1970 etc.
641 1936 789 1982 Antiqui
802 1934 896 1969 diem

217 1996 352 2027 totum,
385 2002 403 2023 a
432 1990 546 2035 prima
576 1990 655 2023 luce
683 1988 726 2023 ad
758 1998 897 2022 noctem

218 2054 329 2087 usque
340 2069 349 2084 ‚
367 2042 404 2075 in
424 2042 613 2077 duodecim
628 2043 777 2088 aequales
794 2042 897 2076 horas

218 2095 461 2140 partiebantur
471 2121 481 2138 ,
493 2104 527 2129 et
539 2096 575 2129 in
591 2095 739 2130 totidem
757 2103 897 2129 noctem

220 2148 352 2193 ipsam;
377 2147 464 2195 'quae
497 2150 592 2182 horae
620 2148 691 2183 diei
721 2162 759 2183 ac
784 2149 898 2182 noctis

221 2201 257 2234 in
275 2202 494 2247 aequinoctiis
511 2201 731 2236 solummodo
751 2203 898 2248 aequales

221 2263 319 2288 erant
332 2281 342 2296 ‚
362 2255 455 2288 inter
473 2268 508 2288 se
534 2256 679 2301 reliquis
699 2256 785 2289 anni
810 2264 898 2289 tem-

221 2307 368 2352 poribus
404 2308 599 2353 inaequales.
649 2308 738 2342 Nam
783 2316 899 2342 aestate

222 2359 363 2405 quando
383 2361 573 2407 longissimi
589 2370 673 2395 sunt
692 2361 785 2403 dies,
803 2361 900 2395 horae

222 2412 293 2446 diei
305 2414 417 2459 longae
433 2423 532 2448 erant
545 2441 554 2456 ,
571 2415 683 2448 noctis
699 2414 899 2456 breviores3

222 2467 337 2499 hieme
351 2479 436 2500 vero
452 2476 585 2501 contra.
604 2468 757 2500 Ramires.
775 2488 827 2494 —
843 2468 902 2502 Sa-

225 2520 370 2553 latantes.
400 2520 435 2553 Si
464 2520 531 2554 hoc
552 2520 765 2567 epigramma
794 2521 901 2566 aequi-

224 2573 367 2606 noctiali
403 2582 562 2619 tempore
592 2573 697 2607 fuisse
729 2573 902 2619 scriptum

225 2634 385 2670 putamus
398 2652 407 2667 ‚
426 2636 498 2659 tum
519 2625 674 2661 dicemus
691 2627 813 2660 horam
830 2627 902 2672 pri-

225 2691 314 2711 :nam
335 2688 366 2713 et
388 2679 575 2714 secundam
600 2681 703 2714 fuisse
725 2680 793 2714 hoc
815 2689 902 2714 tem-

952 1416 1018 1450 pus
1037 1401 1135 1449 quod
1148 1427 1157 1444 ‚
1177 1400 1271 1448 apud
1290 1414 1353 1435 nos
1368 1428 1376 1442 ‚
1394 1414 1412 1434 e
1434 1409 1526 1435 sexta
1546 1400 1634 1435 hora

953 1455 1127 1490 matutina
1150 1463 1316 1495 sonante,
1340 1467 1448 1500 usque
1478 1453 1521 1488 ad
1542 1463 1638 1487 octa·

954 1522 1033 1543 vam
1054 1517 1235 1543 sonantem
1253 1517 1461 1541 numeratur
1479 1522 1486 1540 τ
1507 1515 1542 1541 et
1563 1520 1638 1541 am-

954 1563 1007 1596 bae
1024 1562 1210 1596 clientibus
1221 1571 1388 1607 patronos
1405 1561 1639 1595 salutantibus

954 1625 1056 1650 erant
1071 1615 1263 1649 destinatae.
1281 1614 1366 1648 Vid.
1384 1615 1444 1648 lib.
1467 1616 1521 1647 III
1537 1641 1546 1656 ‚
1565 1614 1638 1659 epi-

954 1682 1103 1715 gramm.
1129 1681 1235 1702 xxxw
1250 1694 1260 1710 ‚
1282 1681 1332 1702 vs.
1355 1668 1398 1709 33
1421 1677 1456 1702 et
1474 1667 1637 1701 Juvenal.

955 1732 1016 1757 sat.
1035 1724 1052 1756 I
1074 1735 1083 1756 ε
1111 1740 1125 1752 «
1144 1723 1223 1768 Ipse
1243 1721 1318 1755 dies
1337 1722 1488 1767 pulchro
1509 1719 1637 1754 distin·

954 1777 1075 1822 guitur
1109 1774 1235 1808 ordine
1268 1787 1391 1808 rerum
1409 1787 1418 1809 ε
1450 1774 1613 1821 Sportula
1630 1800 1640 1814 ,

958 1828 1088 1863 deinde
1127 1829 1243 1862 forum
1262 1854 1271 1868 ‚
1310 1828 1468 1873 jurisque
1505 1827 1641 1873 peritus

956 1883 1085 1929 Apollo
1097 1908 1106 1923 ,
1122 1889 1189 1915 etc.
1210 1899 1223 1910 n
1245 1881 1313 1914 En.
1334 1902 1385 1906 —
1401 1881 1557 1914 Conterit.
1572 1880 1636 1913 Fa-

958 1935 1061 1981 figat,
1093 1942 1128 1967 et
1157 1942 1268 1968 vestes
1298 1933 1504 1980 calceosque
1527 1942 1640 1967 terere

957 1989 1061 2035 cogit.
1086 1989 1153 2021 En.

1015 2056 1048 2076 2.
1076 2042 1196 2074 Tertia.
1221 2041 1299 2074 Hoc
1328 2039 1483 2086 spatium
1507 2048 1642 2085 tempo-

959 2095 1007 2129 ris
1017 2121 1025 2137 ‚
1043 2093 1185 2140 agendis
1195 2094 1273 2127 foro
1288 2093 1398 2128 causis
1408 2092 1620 2126 destinatum
1631 2118 1641 2134 ,

959 2148 1047 2182 illud
1059 2146 1234 2194 estquod,
1255 2146 1349 2192 apud
1365 2159 1428 2180 nos
1440 2171 1450 2187 ‚
1463 2147 1506 2180 ab
1520 2154 1640 2180 octava

959 2210 1128 2242 sonante,
1152 2213 1262 2246 usque
1286 2199 1330 2233 ad
1354 2212 1486 2233 nonam
1516 2212 1642 2233 sonan-

961 2264 1033 2289 tem
1053 2254 1266 2289 extenditur.
1296 2271 1309 2283 »
1335 2254 1402 2286 En.

1016 2309 1051 2342 3.
1069 2309 1106 2341 In
1122 2310 1273 2354 quintam.
1298 2305 1339 2339 Id
1359 2314 1429 2348 est,
1449 2304 1542 2351 apud
1559 2317 1640 2344 nos,

961 2374 1003 2394 ex
1028 2373 1122 2394 nona
1148 2361 1235 2393 hora
1267 2368 1432 2400 sonante,
1465 2371 1576 2404 usque
1600 2357 1644 2391 ad

962 2413 1144 2448 meridiem
1164 2421 1347 2446 sonantem
1360 2439 1370 2455 ‚
1395 2411 1575 2458 quidquid
1599 2421 1651 2445 est

962 2468 1082 2501 Romae
1104 2465 1272 2512 opificum
1296 2466 1367 2499 suis
1395 2473 1492 2499 vacat
1511 2465 1644 2498 labori·

963 2520 1052 2562 hus3
1081 2528 1115 2554 et
1148 2519 1218 2553 suis
1254 2518 1313 2553 alii
1342 2519 1505 2552 homines
1538 2530 1646 2562 nego-

965 2574 1033 2607 tiis.
1058 2573 1113 2607 Sic
1143 2573 1277 2606 Bolaeus
1306 2581 1443 2613 noster,
1464 2571 1535 2605 Sat.
1563 2572 1614 2603 VI
1638 2583 1646 2603 :

964 2627 989 2659 J
996 2627 1129 2659 'metends
1153 2627 1224 2669 de'jc'z
1252 2634 1382 2671 parton!
1410 2626 1452 2658 les
1480 2625 1641 2670 boatiqcm

966 2680 1106 2713 focca-rit:
1127 2680 1192 2713 En.
