2061 3288
459 212 1036 258 EPIGRAMMATUM
1073 215 1196 258 LIB.
1237 217 1331 260 III.

184 301 248 334 lin.
263 307 329 334 etc.
347 299 420 332 sine.
436 300 705 344 interrogatione
718 299 860 345 legitur,

186 367 268 387 nunc
293 353 349 385 tihi
375 365 450 397 copo
475 352 574 385 dabit.
605 352 754 393 Junius,
775 354 864 387 Lan-

186 407 262 452 gius
277 432 286 448 ,
304 406 537 447 Pulmzmnus,
562 403 627 438 Ed.
650 406 778 452 Delph.
805 407 863 440 alii

188 461 331 504 legunt:
355 471 435 491 nunc
466 459 523 491 tibi
551 471 651 504 caupo
679 459 803 492 dabis?
831 469 866 494 et

187 512 236 545 sic
253 513 289 545 in
307 512 461 557 margine
479 511 634 545 Juntinae
656 521 795 547 nostrae.
814 535 866 540 —

189 566 294 598 Fullo.
333 565 403 606 Qui
437 565 528 599 lavat
559 573 670 599 vestes
689 587 700 604 ‚
735 566 865 612 tingit,

1499 218 1596 266 323

922 308 1064 347 purgat,
1086 308 1153 334 etc.
1181 323 1234 328 —
1260 302 1408 338 Mutina».
1431 305 1570 340 Modena
1588 334 1598 348 ‚

923 355 959 387 in
1005 353 1126 387 eadem
1168 354 1310 401 regione
1348 369 1388 391 ac
1429 358 1599 394 Bononia.

923 429 974 433 —
999 406 1122 453 Campo.
1152 410 1266 454 AEque
1291 410 1367 444 vilis
1396 411 1526 457 opifex.
1548 435 1601 440 —-

929 461 990 493 Ubi
1022 474 1121 506 caupo
1148 461 1268 494 dabit?
1291 463 1344 496 An
1373 464 1477 498 etiam
1504 464 1602 500 dabit

925 514 1065 555 Romae,
1094 527 1138 547 ne
1172 514 1260 560 quid
1295 515 1339 549 ad
1376 518 1601 562 ignominiam

925 575 1080 601 nostram
1098 566 1212 601 desit?

830 718 959 774 LX.

683 875 734 902 ιΝ
782 854 1114 903 PONTICUMf

259 1009 412 1065 QUUM
438 1023 574 1050 vocor
599 1006 651 1049 ad
681 1021 874 1061 coenam„
898 1023 987 1050 non
1011 1007 1101 1067 jam
1125 1008 1311 1065 venalis,
1336 1021 1384 1055 ut
1409 1023 1508 1058 ante
1524 1050 1535 1067 ‚

330 1080 423 1122 Cur
450 1078 556 1121 mihi
582 1094 671 1120 non
697 1075 875 1132 eadem,
900 1093 996 1137 quae
1026 1079 1127 1134 tibi,
1150 1096 1275 1124 coena
1306 1081 1463 1127 datur?

261 1150 419 1193 Ostrea
445 1159 491 1193 tu
522 1149 655 1192 sumis
683 1157 836 1208 stagno
859 1157 1050 1191 saturata
1076 1151 1270 1195 Lucrino
1292 1169 1301 1194 :

328 1220 506 1280 Sugitur
534 1219 670 1262 inciso
696 1217 871 1278 mytilus
902 1235 977 1262 ore
1007 1220 1124 1264 mihi.

261 1292 371 1334 Sunt
396 1290 475 1334 tibi
502 1289 634 1334 boleti
662 1307 670 1332 .·
698 1289 856 1350 fungos
887 1305 968 1350 ego
995 1307 1120 1335 sumo
1150 1292 1307 1337 suillos.

243 1436 256 1450 ⁴¹
275 1440 521 1486 Sportularum
549 1452 682 1473 morem
709 1439 869 1485 antiqua-

191 1503 265 1527 tum
287 1520 295 1535 ,
318 1502 351 1527 et
371 1506 551 1527 coenarum
571 1501 745 1526 rectarum
765 1505 870 1526 usum

192 1555 392 1580 revocatum
419 1547 522 1580 fuisse
547 1560 565 1581 a
586 1546 789 1579 Domitiano
818 1546 870 1579 vi-

191 1599 309 1633 dimus
327 1600 435 1646 epigr.
454 1612 508 1632 vu
528 1608 561 1633 et
580 1611 663 1632 xx1v
683 1612 778 1645 supr.
803 1599 872 1631 Im-

194 1653 362 1698 peratoris
377 1661 491 1685 autem
510 1652 624 1685 edicto
643 1652 734 1685 fraus
749 1652 871 1693 fiebat,

196 1717 259 1738 nec
279 1706 313 1738 in
327 1713 422 1738 recta
437 1717 532 1738 coena
547 1713 639 1738 recte
658 1705 871 1747 coenabatur,

193 1771 303 1804 quum
342 1758 559 1803 potentiores
596 1758 660 1791 sibi
697 1758 847 1802 optimos
861 1783 870 1798 ‚

194 1811 382 1844 clientibus
410 1811 593 1844 vilissimos
621 1811 748 1856 apponi
778 1811 874 1856 jube-

195 1872 273 1898 rent
295 1864 414 1903 cibos;
440 1864 559 1908 sicque
584 1863 698 1896 minus
726 1863 817 1896 forte
837 1863 872 1895 in

194 1930 290 1950 coena
302 1942 311 1958 ,
332 1929 435 1962 quam
452 1917 550 1962 prius
563 1917 599 1948 in
616 1916 792 1961 sportula,
810 1915 874 1948 im-

196 1968 400 2015 penderent.
428 1970 547 2010 Quam
568 1968 710 2015 quidem
730 1969 873 2014 superbi

196 2023 285 2067 regis
302 2035 437 2055 avaram
458 2022 749 2055 inhumanitatem
766 2022 876 2054 incre-

198 2084 257 2120 pat
274 2076 442 2108 Martialis
455 2076 523 2108 hoc
542 2076 791 2120 epigrammate
803 2099 813 2115 ‚
841 2084 875 2108 et

198 2141 275 2173 sup.
297 2128 397 2169 lib.I‚
417 2128 526 2173 epigr.
547 2141 606 2161 xm
619 2154 627 2169 ,
649 2136 682 2161 et
701 2128 782 2161 infr.
812 2128 873 2160 lib.

199 2182 250 2214 VI
265 2207 274 2222 ‚
291 2181 401 2226 epigr.
419 2193 454 2214 x1
468 2207 477 2222 ,
494 2190 558 2215 etc.
579 2180 674 2227 quod
694 2190 727 2214 et
744 2182 874 2214 Juven.

201 2234 304 2267 Satir.
316 2235 348 2267 V
367 2234 524 2276 ;Plinius
544 2235 626 2267 Jun.
642 2234 706 2267 lib.
723 2235 759 2267 II
775 2234 875 2279 epist.

201 2289 236 2319 6.
257 2287 324 2320 En.

257 2353 287 2373 1.
312 2339 390 2372 Ald.
407 2340 506 2373 Junt.
524 2339 640 2372 Colin.
660 2339 798 2384 Gryph.
816 2339 879 2372 Ju-

200 2393 292 2425 nian.
311 2394 420 2437 Lang.
439 2401 504 2426 etc.
523 2405 585 2424 non
601 2400 663 2424 tam
678 2393 810 2425 venalis.
826 2413 879 2419 —-

201 2446 274 2478 Non
283 2447 352 2490 jam
366 2446 501 2478 venalis.
519 2446 600 2478 Non
616 2446 687 2490 jam
709 2445 879 2479 misellam

203 2498 299 2543 quasi
315 2497 516 2531 mendicans
530 2498 734 2544 sportulam.
751 2498 817 2530 ΕΙ).
828 2519 881 2524 —-

207 2550 251 2584 Ut
280 2560 363 2585 ante.
392 2551 443 2584 Ex
473 2549 589 2585 edicto
616 2550 766 2584 Neronis
786 2563 882 2584 nunc

203 2604 381 2649 abrogato.
404 2605 471 2637 En.

261 2657 290 2689 3,
312 2657 437 2701 Stagno
458 2665 611 2689 saturata.
633 2656 765 2689 Ostreis
792 2656 882 2703 cpti-

1593 1317 1608 1340 (ἰ

929 1439 977 1472 mi
995 1441 1127 1486 saporis
1147 1442 1347 1478 abundabat
1371 1446 1464 1479 lacus
1485 1447 1609 1482 Lucri-

929 1505 995 1526 nus
1012 1493 1046 1526 in
1069 1495 1256 1541 Campania
1274 1521 1283 1537 ‚
1305 1497 1414 1532 hodie
1433 1500 1525 1545 Lago
1554 1502 1611 1535 Li-

930 1547 999 1578 cola
1020 1547 1074 1580 vel
1094 1548 1188 1581 filare
1207 1558 1317 1583 morto.

984 1604 1018 1639 4.
1037 1600 1171 1644 Sugitur
1192 1602 1413 1637 Pnlmannus
1429 1631 1438 1645 ‚
1457 1606 1585 1640 Junius
1600 1634 1610 1648 ‚

930 1652 1057 1697 Delph.
1077 1653 1135 1686 alii
1153 1680 1162 1696 ,
1185 1656 1321 1702 turtulas
1334 1670 1387 1689 ore
1405 1658 1481 1691 milei
1500 1658 1610 1693 codex

929 1705 1070 1738 Thuan.
1089 1708 1223 1753 nurtilis
1238 1722 1291 1741 ore
1311 1710 1386 1742 mihi
1401 1710 1512 1744 codex
1527 1713 1610 1746 Vat.

932 1757 999 1791 Alii
1015 1762 1160 1800 sumitur,
1173 1761 1269 1805 quod
1283 1775 1407 1807 parum
1422 1765 1611 1799 verisimile

931 1822 1039 1855 quum
1059 1824 1093 1845 v.
1111 1811 1131 1843 3
1152 1821 1184 1845 et
1204 1813 1222 1846 5
1243 1813 1363 1848 eadem
1378 1828 1445 1849 vox
1463 1817 1609 1862 legatur.

931 1863 1118 1907 —Szcgz'tur
1128 1867 1226 1897 inciso
1241 1868 1379 1910 mytilus,
1389 1876 1453 1902 etc.
1464 1870 1610 1914 Mytilus

933 1923 983 1948 est
993 1916 1070 1949 vilis
1081 1917 1269 1961 pisciculus
1279 1927 1363 1953 testa
1376 1920 1540 1965 inclusus,
1552 1937 1610 1956 une

935 1969 1034 2001 moult?
1045 1982 1057 2008 ‚·
1075 1970 1137 2014 qui
1156 1983 1227 2003 non
1246 1970 1410 2006 dentibus
1428 1975 1483 2008 vel
1498 1976 1611 2009 cultro

935 2021 1158 2064 avellendus,
1185 2023 1246 2057 sed
1277 2037 1358 2058 cum
1380 2033 1466 2060 testa
1487 2041 1612 2074 sugen-

935 2074 1000 2108 dus
1030 2083 1104 2115 est,
1126 2088 1213 2121 qua,
1243 2076 1331 2111 dura
1351 2079 1480 2113 scilicet
1503 2090 1536 2115 et
1557 2082 1612 2114 in-

935 2128 1077 2173 aequali,
1098 2128 1194 2162 labra
1221 2131 1378 2176 sugentis
1401 2132 1513 2166 scindi
1530 2146 1613 2180 pos-

937 2189 1028 2214 sunt.
1050 2181 1117 2215 ED.

992 2234 1024 2267 5.
1054 2234 1123 2267 Alii
1145 2235 1288 2280 legunt:
1304 2238 1426 2282 fungos
1449 2252 1507 2283 ego
1528 2252 1615 2273 sumo

933 2288 1090 2332 pusillos;
1110 2296 1144 2321 et
1165 2288 1212 2321 sic
1241 2289 1277 2321 in
1307 2290 1514 2325 Beverlandi
1539 2293 1614 2327 MS.

937 2361 988 2365 ——
1001 2340 1119 2374 Boleti.
1134 2340 1160 2373 F
1164 2353 1337 2385 ungorum
1345 2355 1453 2388 genus
1468 2345 1616 2379 nobilis·

939 2393 1077 2425 simum.
1106 2392 1192 2427 Vid.
1220 2394 1282 2428 lib.
1318 2396 1354 2437 Ι,
1386 2397 1496 2443 epigr.
1529 2411 1592 2434 xm
1607 2422 1616 2439 ‚

939 2457 1027 2479 vers.
1050 2459 1082 2479 2.
1102 2468 1153 2473 —-
1174 2446 1304 2481 Suillos.
1325 2449 1397 2490 Qui
1415 2450 1535 2485 suibus
1552 2452 1616 2486 im-

942 2497 1083 2531 mundis
1114 2499 1321 2533 comedendi
1347 2503 1624 2549 relinquuntur;

941 2551 1008 2584 hoc
1021 2563 1085 2597 per
1096 2561 1340 2599 contemptum
1351 2554 1486 2590 dictum
1496 2571 1514 2591 a
1525 2558 1620 2591 Mar-

943 2604 1035 2637 tiale.
1046 2604 1130 2638 Tria
1140 2617 1265 2650 genera
1280 2607 1468 2653 fungorum
1482 2636 1490 2652 ‚
1500 2611 1621 2652 boleti,

944 2657 1034 2689 suilli
1050 2658 1103 2690 vel
1121 2660 1259 2703 porcini
1272 2686 1281 2700 ,
1298 2669 1331 2693 et
1347 2662 1515 2696 amanitae.

1281 2732 1372 2775 21²
