2061 3288
416 262 465 289 w
627 247 970 291 EDITORIS
1008 248 1182 291 NOVI
1221 249 1597 294 PRAEFATIO.

489 352 744 396 2⁰Textum
778 370 830 397 ex
866 355 1041 415 optimis
1071 355 1381 416 Manuscriptis
1424 356 1711 417 omnibusque
1741 358 1828 401 edi-

415 433 632 492 tionibus,
669 435 799 479 etiam
830 437 1157 490 recentissimis,
1187 436 1300 480 inter
1332 454 1376 481 se
1407 437 1573 482 collatis
1598 437 1826 500 diligenter

414 518 688 577 recognitum
708 519 1033 564 emendavimus
1046 555 1057 575 ‚
1071 529 1263 563 veterem
1276 519 1538 581 ὀρθογραφίαν
1559 531 1824 582 respuentes.

413 599 525 641 Tum
560 598 661 642 Julii
697 599 901 662 Scaligeri
937 600 1183 661 μετοίφρασιν
1227 618 1413 662 graecam
1459 603 1824 664 epigrammatum

413 682 702 741 quorumdam
741 685 961 728 contextui
992 684 1264 744 subjecimus.

486 760 542 808 3⁰
559 766 830 810 Variantium
852 754 1086 811 lectionum
1106 766 1196 811 fere
1216 767 1412 811 omnium
1433 768 1731 824 meminimus;
1751 767 1826 812 sed

413 843 466 887 de
490 845 540 889 iis
569 862 667 890 raro
688 847 1001 907 judicavimus,
1027 865 1159 908 quum
1191 849 1343 908 saepius
1373 849 1473 892 satis
1497 848 1726 905 indicaret,
1751 858 1827 892 aut

413 927 629 986 quantitas
650 927 932 988 syllabarum,
959 938 1032 972 aut
1052 945 1221 985 sensus,
1245 946 1341 990 quae
1362 930 1478 973 bona
1494 965 1506 986 ‚
1533 947 1627 990 quae
1651 929 1827 986 melior3

415 1009 553 1052 rarius
578 1025 683 1054 vero
706 1010 758 1054 de
784 1012 833 1055 iis
861 1011 1096 1072 disputatio
1124 1011 1251 1054 nobis
1277 1012 1471 1055 instituta
1492 1011 1586 1055 fuit.

485 1091 544 1145 4⁰
565 1092 622 1135 Iis
648 1093 866 1153 praecipue
888 1093 1000 1136 notis
1022 1093 1088 1136 usi
1108 1109 1270 1148 sumus,
1291 1108 1396 1152 quas
1417 1093 1629 1153 principio
1658 1094 1702 1136 in
1723 1093 1823 1136 edit.

414 1171 567 1216 Gallie.
605 1173 659 1216 ad
694 1190 819 1217 usum
855 1173 1064 1234 Delphini
1101 1173 1263 1234 publici
1299 1174 1406 1234 juris
1447 1174 1582 1218 factas
1616 1175 1724 1234 juris
1762 1175 1824 1218 sui

414 1253 478 1297 Cl.
512 1257 557 1297 V
555 1256 668 1315 alpy
693 1255 813 1310 fecit,
847 1255 1003 1315 quibus
1029 1264 1174 1298 tamen
1204 1265 1248 1298 et
1272 1256 1506 1299 Variorum
1533 1265 1657 1299 notas
1690 1272 1824 1316 saepe,

413 1337 632 1380 interdum
659 1347 853 1393 nostras,
879 1337 1165 1397 adjunximus.

485 1417 540 1463 5⁰
565 1420 844 1463 Monetarum
863 1455 874 1473 ‚
905 1419 1149 1480 ponderum
1180 1429 1224 1463 et
1248 1435 1551 1463 mensurarum
1573 1418 1769 1472 tabulas,
1797 1436 1821 1462 a

415 1502 681 1547 Doctissimo
715 1503 823 1546 Viro
858 1504 1115 1547 LETRONNE
1146 1511 1348 1546 accurate
1379 1501 1622 1558 confectas,
1657 1500 1824 1546 tabulas

413 1584 469 1627 ad
489 1583 651 1628 calcem
673 1585 803 1646 primi
823 1584 1055 1629 voluminis
1078 1584 1299 1638 dedimus;
1322 1584 1377 1628 ad
1397 1600 1504 1645 quas
1527 1600 1824 1645 saepenumero

411 1667 725 1711 recurrendum
756 1667 833 1710 tibi
862 1677 950 1723 est,
975 1667 1080 1710 dum
1107 1666 1354 1711 Martialem
1389 1665 1507 1727 legis.

482 1747 541 1793 6⁰
571 1749 768 1794 Iudicem
803 1749 1045 1794 addidimus
1082 1750 1455 1810 copiosissimum,
1496 1747 1667 1810 qualem
1705 1748 1821 1792 nulla

412 1830 636 1890 hucusque
669 1830 713 1873 in
750 1828 937 1873 editione
971 1829 1160 1890 reperire
1185 1837 1288 1872 erat.
1314 1827 1531 1889 Valpiano
1573 1826 1745 1887 quidem
1778 1828 1821 1871 in

410 1911 613 1956 Martiale
646 1912 833 1956 indicem
870 1913 1006 1956 habes
1040 1912 1235 1956 omnium
1271 1927 1431 1955 vocum
1473 1910 1628 1971 quibus
1669 1919 1822 1952 auctor

412 2010 516 2039 usus
544 2004 609 2038 est
630 2012 642 2051 3
668 1993 742 2039 sed
761 2003 1020 2056 perpetuum
1047 1995 1137 2038 fere
1167 1995 1295 2037 unica
1320 2009 1406 2037 vox
1436 2002 1523 2047 cst,
1549 1991 1672 2051 cujus
1701 1990 1820 2034 locus

411 2076 640 2120 indicatur.
668 2078 761 2121 Nos
796 2076 902 2120 duas
920 2112 932 2133 ,
961 2076 1179 2120 interdum
1212 2085 1299 2120 tres
1328 2091 1455 2119 voces
1487 2075 1547 2118 ita
1571 2073 1819 2134 jungimus,

412 2169 462 2202 ut
487 2160 706 2203 memoriae
729 2159 856 2204 simul
875 2159 1081 2203 auxilium
1110 2159 1332 2214 adveniat,
1354 2168 1398 2202 et
1426 2157 1584 2201 laboris
1610 2156 1751 2200 minus
1776 2155 1818 2198 in

411 2241 672 2301 requirendo
697 2250 991 2286 consumatur.

423 2330 442 2347 V

1014 2398 1023 2399 ff
1070 2392 1358 2413 *ow-—
