2061 3288
484 190 1065 235 EPIGRAMMA'I'UM
1102 191 1228 233 LIB.
1270 190 1302 232 Ι.
1536 188 1594 234 55

322 283 494 325 Limina
521 291 619 342 post
645 281 792 334 Pacis,
818 279 1143 339 Palladiumque
1170 278 1327 322 forum.

181 412 235 436 ms
256 403 304 436 M.
333 402 440 435 Tullii
466 401 645 436 Ciceronis
668 401 782 435 dictus
809 410 859 435 est

181 457 230 490 M.
249 456 386 489 Tullius
402 456 499 489 Tiro.
513 456 580 488 En.

237 511 273 543 8.
296 509 489 542 Palladfmn.
515 509 645 542 Forum
675 508 712 541 in
737 516 860 553 quarta

183 562 294 594 Urbis
315 562 456 607 regione
486 562 730 607 appellabatur
746 561 860 594 Palla-

180 615 264 647 dium
293 616 335 648 ab
365 614 439 648 aede
466 614 616 648 Palladis
641 627 718 661 quae
749 614 785 647 in
820 626 862 647 eo

181 667 276 709 fuit,
308 669 407 712 juxta
443 667 611 713 templum
644 668 772 710 Pacis;
805 667 859 701 vel

925 402 1155 434 Transitorium
1188 398 1269 445 quia
1298 411 1361 445 per
1388 397 1475 431 illud
1507 399 1599 432 ultro

919 454 1079 500 citroque
1099 453 1202 486 multi
1221 452 1474 486 commeabant.
1503 452 1599 484 Inter

920 507 1135 553 Capitolium
1165 515 1198 540 et
1221 505 1441 547 Quirinalem
1463 513 1601 538 montes

921 560 1075 606 positum
1086 586 1095 602 ,
1111 560 1317 593 inchoatum
1336 571 1354 591 a
1376 558 1580 591 Domitiano
1591 584 1602 597 .,

920 614 1116 660 perfectum
1138 611 1267 646 deinde
1289 624 1307 645 a
1327 612 1442 645 Nerva
1455 638 1464 654 ,
1483 611 1599 645 forum

923 667 1047 701 Nervae
1062 673 1183 712 postea
1202 665 1337 700 dictum
1360 672 1423 699 est.

819 802 919 858 IV.
938 803 966 832 '‘

208 962 271 990 AD
310 961 489 990 LIBRUM
528 960 684 999 suum,

725 960 771 988 IN
812 958 973 988 LUCEM
1013 959 1219 988 PRODIRE
1260 957 1566 987 GESTIENTEM.

254 1087 589 1130 ARGILETANAS
615 1085 752 1127 mavis
778 1083 975 1127 habitare
1006 1083 1233 1136 tabernas,

320 1156 472 1212 Quum
500 1155 603 1208 tibi,
632 1170 766 1215 parve
792 1153 920 1209 liber,
948 1154 1105 1198 scrinia
1131 1163 1280 1198 nostra
1306 1164 1476 1198 vacent.

250 1227 428 1278 Nescis,
454 1226 565 1278 heu,
594 1226 733 1268 nescis
758 1224 945 1268 dominae
971 1224 1142 1268 fastidia
1166 1226 1319 1269 Romae
1342 1242 1350 1268 :

320 1296 462 1340 Crede
489 1296 624 1348 mihi,
652 1296 834 1338 nimium
860 1295 1022 1338 Martia
1048 1295 1177 1338 turba
1203 1296 1328 1355 sapit.

251 1367 442 1427 Majores
465 1382 680 1427 nusquam
705 1365 881 1419 ronchi,
901 1365 1173 1426 juvenesque
1199 1382 1409 1426 senesque

322 1439 378 1481 Et
404 1438 528 1498 pueri
553 1453 707 1481 nasum
735 1437 1045 1480 Rhinocerotis
1070 1436 1246 1480 habent.

236 1565 248 1579 ¹
267 1569 428 1603 Tertium
447 1571 660 1616 epigramma
678 1570 714 1602 in
732 1571 752 1603 J
757 1579 831 1603 unt.

240 1635 272 1656 1.
304 1623 526 1668 A1giletanas.
556 1623 751 1668 Argiletum
786 1631 860 1656 erat

183 1676 281 1709 locus
300 1675 444 1721 quidam
463 1677 582 1709 Romae
594 1701 604 1717 ,
623 1675 719 1709 haud
737 1676 860 1721 procul

183 1728 320 1761 theatro
345 1729 528 1770 Marcelli;
554 1730 590 1761 in
614 1742 685 1774 quo
707 1729 860 1762 tabernae

183 1781 468 1827 bibliopolarum.
485 1782 539 1815 Sic
552 1780 664 1814 dictus
678 1790 727 1815 est
743 1793 760 1814 a
777 1795 861 1827 quo-

182 1832 263 1866 dam
279 1835 386 1879 Argo,
399 1834 488 1867 duce
500 1834 710 1880 Argivorum
723 1860 731 1875 ,
742 1835 802 1879 qui
817 1836 859 1867 ab

183 1886 347 1920 Evandro
358 1897 522 1933 exceptus
533 1888 815 1932 hospitio,quum
825 1888 859 1920 in

183 1940 331 1973 affectati
339 1941 438 1985 regni
451 1940 686 1985 suspicionem
698 1941 862 1981 venisset,

183 1993 226 2025 ab
247 1993 442 2026 Arcadibus
453 2020 462 2034 ‚
482 1994 590 2027 inscio
607 1992 773 2026 Evandro
785 2019 793 2033 ,
810 1993 860 2026 iu-

184 2046 348 2079 terfectus
377 2055 444 2087 est3
467 2046 523 2079 cui
554 2055 671 2092 postea
698 2045 861 2079 Evander

184 2099 361 2131 tumulum
383 2099 508 2139 erexit,
530 2112 633 2144 quem
656 2098 699 2132 de
717 2100 860 2132 nomine

185 2152 261 2195 ejus
296 2152 490 2196 Argiletum
525 2152 724 2197 appellavit.
770 2153 861 2197 Lege

186 2204 284 2249 virg.
300 2206 380 2236 [ΕΠ.
400 2205 503 2239 VIII,
521 2217 554 2238 v.
576 2206 660 2245 346.

241 2270 273 2290 2.
286 2257 420 2289 Scrinia.
439 2257 558 2297 Quum
575 2258 610 2289 in
630 2258 714 2290 meis
726 2257 861 2290 scriniis

185 2318 218 2342 et
234 2310 360 2342 arculis
374 2310 467 2342 locus
481 2310 524 2342 sit
534 2323 661 2342 vacuus
678 2319 710 2343 et
724 2319 861 2355 patens,

186 2362 248 2394 ubi
269 2375 408 2395 manere
420 2388 429 2402 ‚
446 2363 543 2407 quasi
559 2361 654 2395 domi
675 2372 740 2396 tuae
755 2389 764 2404 ‚
784 2372 861 2396 tuto

184 2416 305 2460 possis.

241 2469 273 2501 3.
295 2468 590 2510 Domlncefizsliclia
613 2469 732 2501 Roman
760 2469 862 2500 Exci-

187 2520 309 2565 pieris,
329 2522 425 2553 velut
447 2533 566 2553 servus
586 2534 601 2552 a
626 2521 774 2553 Domino
791 2548 799 2562 ‚
818 2522 861 2553 ab

186 2573 273 2605 urbe
305 2575 415 2606 Roma
428 2600 435 2613 ⁷
466 2575 605 2606 urbium
635 2574 861 2618 gentiumque

185 2626 324 2670 regina,
343 2636 444 2672 atqu(-
471 2626 549 2659 idco
572 2626 770 2668 fastidius&
792 2640 860 2671 qu«)

921 1570 998 1615 quis
1013 1570 1107 1603 enim
1124 1570 1307 1603 sublimius
1322 1569 1527 1603 dominatur
1538 1596 1548 1611 ‚
1558 1584 1600 1604 eo

919 1623 1104 1668 saepissime
1114 1623 1247 1657 fastidit
1264 1624 1491 1669 arrogantius.
1506 1624 1574 1658 En.

976 1681 1010 1717 4.
1030 1677 1153 1709 Martia
1178 1677 1281 1711 turba.
1301 1677 1471 1719 Romani,
1492 1690 1511 1710 a
1531 1678 1599 1710 Ro-

921 1730 1018 1761 mulo
1041 1729 1202 1770 oriundi,
1221 1731 1279 1763 cui
1300 1730 1393 1763 Mars
1412 1738 1511 1776 pater
1529 1730 1596 1762 fin-

919 1783 1012 1827 gitur
1025 1795 1033 1815 :
1049 1782 1130 1815 vide
1142 1783 1373 1816 Plutarchum
1386 1784 1422 1816 in
1435 1784 1599 1816 Romulo.

919 1856 971 1860 ——
984 1836 1125 1868 Nimium
1137 1838 1231 1881 sapit.
1245 1837 1339 1870 Gens
1352 1838 1507 1869 Romana
1521 1848 1599 1869 acu-

919 1887 1001 1920 tiori
1029 1887 1163 1932 judicio
1195 1898 1379 1934 poetarum
1407 1902 1512 1934 opera
1543 1888 1598 1921 di-

919 1941 1072 1985 stringit,
1087 1950 1119 1974 et
1134 1942 1216 1974 lima
1229 1942 1384 1975 censoria
1399 1940 1597 1975 mordacius

923 1994 1047 2026 utitur.
1069 1995 1135 2027 En.

975 2048 1006 2079 5.
1034 2047 1220 2081 Nonnullae
1242 2055 1326 2080 vett.
1352 2047 1482 2080 habent
1503 2048 1597 2078 rhon-

921 2099 979 2132 clu'.
1000 2121 1050 2125 -—
1068 2101 1199 2133 Honesti.
1220 2101 1404 2133 Ronchum
1423 2100 1613 2145 appellant

922 2152 1035 2185 Graeci
1055 2154 1127 2186 nasi
1149 2166 1273 2186 sonum
1301 2154 1360 2198 qui
1385 2153 1556 2186 emittitur
1580 2166 1598 2186 a

921 2207 1164 2247 stertentibus;
1178 2219 1246 2251 quo
1260 2219 1349 2251 saepe
1365 2214 1523 2247 utuntur,
1537 2206 1597 2251 qui

921 2257 1052 2303 aliquid
1073 2268 1323 2298 contemnunt3
1349 2259 1447 2304 quasi
1465 2259 1596 2304 signifi-

921 2319 1038 2344 carent
1058 2311 1142 2345 adeo
1158 2313 1317 2357 ineptum
1336 2310 1427 2343 illud
1443 2324 1533 2353 esse,
1558 2321 1597 2345 ut

923 2365 1044 2396 malint
1056 2373 1212 2404 stertere,
1224 2378 1328 2410 quam
1342 2364 1377 2397 id
1396 2364 1525 2405 videre,
1540 2366 1594 2397 vel

922 2415 1052 2448 audire.
1085 2419 1211 2450 Sensus
1240 2418 1345 2462 igitur
1377 2427 1425 2450 est
1443 2444 1451 2457 ‚
1479 2418 1596 2451 nullos

922 2482 992 2501 esse
1040 2470 1199 2503 homines
1230 2471 1394 2503 Romanis
1441 2470 1597 2512 fastidio-

922 2523 1040 2554 bilLsPN.

977 2577 1008 2607 (i.
1022 2575 1255 2608 lllmoetwmis
1270 2575 1381 2609 codex
1394 2577 1593 2608 Thuanouz.

923 2651 965 2653 >w
991 2628 1109 2661 Nasam
1129 2630 1339 2662 rl'zinocaercn'i».
1359 2629 1454 2662 Sicut
1473 2628 1597 2662 dextra

1331 2703 1355 2754 [Ι
1382 2701 1386 2716 .
