2061 3288
579 214 668 257 DE
705 211 1188 258 SPECTACULIS.
1527 222 1580 250 21

323 301 582 364 Implicitam
605 303 725 346 visco
744 301 933 364 perdidit
955 298 1024 345 ille
1045 297 1209 361 fugam.

253 372 486 436 Splendida
504 373 594 434 jam
620 382 736 418 tecto
761 382 931 418 cessent
951 369 1168 415 venabula
1193 368 1333 423 ferr03

325 444 418 488 Nec
440 443 558 488 volet
582 460 761 489 excussa
783 443 934 489 lancea
955 451 1071 487 torta
1091 456 1237 485 manu.

256 514 513 576 Deprendat
537 531 678 559 vacuo
699 525 883 560 venator
905 516 949 558 in
974 529 1073 557 aere
1096 510 1311 573 praedam,

327 587 370 630 Si
398 596 574 647 captare
598 585 710 630 feras
733 587 913 648 aucupis
935 593 1027 630 arte
1049 581 1204 645 placet.

328 705 581 775 Ρεμὲόμενον
609 721 774 774 ταχινῆς
804 710 882 766 ἰξὸς
909 714 1052 772 ἐπέσχε
1081 716 1220 772 φυγῆς.

259 786 415 828 Κείσθω
443 786 614 847 ἀεργηλή
644 792 709 829 νῦν
740 786 965 846 αἰχμτῖεσσα
992 783 1155 844 σιγύνη,

331 850 445 905 Μ·ήδ’
469 859 641 917 ἐλαφρῆς
668 850 879 917 κραδάοιτ’
908 857 952 898 ἐκ
975 854 1088 916 χερὸς
1118 851 1294 913 αἰγανέῃ.

262 920 414 990 Ᾱγρεὺς
445 927 640 988 θηρεύσειε
666 922 719 970 δι’
745 928 856 987 ἠέρος
885 927 1049 986 εὔπορον
1076 921 1221 985 ἄγρην·

333 998 383 1041 Εἰ
408 992 517 1055 δόλῳ
544 994 706 1049 ίξευτῶν
733 997 853 1059 θῆρας
881 991 1013 1047 ἔδοξεν
1039 998 1153 1038 ἑλεῖν.

195 1151 304 1184 graece
333 1138 369 1172 in
397 1138 519 1172 orbem
543 1139 614 1184 agit
650 1151 713 1173 seu
749 1138 870 1172 volvit.

253 1205 286 1226 2.
312 1192 483 1237 Implicitus
510 1194 618 1234 visco,
645 1192 871 1225 Pulmannus.

196 1266 248 1273 --
264 1244 412 1277 Perdidit
425 1246 478 1278 ille
488 1246 618 1290 fugam.
635 1245 704 1278 Pro
721 1245 799 1290 fuga
819 1244 873 1277 in·

197 1297 312 1342 tellige
331 1298 402 1330 vim
421 1297 598 1343 fugiendi,
623 1306 656 1331 et
678 1297 873 1342 epithetum

198 1351 379 1396 implicitam
395 1363 458 1396 per
474 1351 679 1396 metalepsin
699 1351 788 1395 fugae
811 1349 873 1384 tri-

196 1404 335 1446 buitur,
357 1402 453 1450 quod
474 1417 557 1438 urso
575 1403 722 1450 fugienti
745 1413 875 1437 conve-

199 1457 329 1491 niebat.

255 1510 287 1544 3.
312 1510 488 1544 Marcilius
514 1518 596 1543 recto
615 1508 773 1542 venabula
785 1509 877 1552 ferro

201 1564 378 1609 scripsisse
399 1562 597 1597 Martialem
622 1569 793 1604 testatur3
814 1573 876 1595 ne-

201 1625 258 1662 gat
279 1617 445 1650 Ramires.
471 1615 629 1650 Raderus
658 1615 776 1648 nescio
800 1626 877 1661 quae

203 1668 248 1703 de
277 1669 454 1703 coloribus
475 1668 752 1702 comminiscitur
777 1675 813 1701 et
833 1666 879 1701 de

203 1722 302 1756 tectis
328 1722 521 1756 venabulis.
543 1721 579 1754 Si
599 1721 727 1755 infecta
751 1720 878 1754 eolori-

203 1775 287 1811 bus,
310 1775 370 1820 qui
395 1774 600 1820 Splendida?
625 1775 734 1808 Janus
751 1773 882 1807 Grute-

204 1841 264 1861 rus
291 1836 370 1860 terso
398 1827 483 1862 dicit
506 1840 541 1861 se
564 1827 694 1861 habere
720 1825 764 1860 ad
782 1839 880 1860 oram

205 1881 262 1915 sui
277 1880 356 1915 cod.
383 1889 417 1914 et
432 1880 611 1914 Melissum
633 1878 819 1926 quemdam
835 1879 883 1913 le-

207 1947 287 1980 gere
321 1942 399 1967 terto
430 1933 544 1979 prisca
577 1945 661 1967 voce
693 1946 758 1979 pro
790 1941 880 1966 terso.

209 1987 339 2020 Omnes
346 1985 448 2020 codd.
457 1994 490 2020 et
500 1985 688 2020 editt.vett.
697 1985 774 2019 Ald.
782 1985 881 2019 Junt.

209 2040 347 2086 Gryph.
357 2041 435 2073 Par.
449 2040 562 2074 Colin.
574 2048 639 2074 etc.
651 2047 715 2073 etc.
727 2047 883 2072 nostram

208 2093 403 2126 lectionem.
424 2101 605 2126 testantur.
633 2112 686 2118 —
710 2092 884 2138 Splendida

204 2148 274 2191 jam
296 2153 393 2187 tecto,
417 2153 475 2180 etc.
497 2146 684 2192 Postquam
702 2157 792 2180 nova
809 2145 884 2178 haec

212 2207 247 2232 et
262 2207 363 2233 acuta
380 2199 522 2233 inventa
540 2208 591 2233 est
609 2199 762 2233 ferarum
778 2198 885 2232 visca-

213 2252 284 2293 tio,
315 2260 450 2285 cessent
483 2252 652 2285 venabula
687 2251 818 2297 vaginis
853 2258 887 2285 et

214 2305 323 2339 thecis
336 2313 423 2338 tecta
435 2331 443 2345 ‚
459 2304 496 2338 id
507 2313 556 2338 est
564 2303 744 2338 recondita
753 2330 763 2345 ‚
776 2316 887 2349 quan-

215 2357 262 2391 do
289 2358 356 2391 illis
382 2359 451 2403 jam
480 2370 568 2402 opus
593 2370 663 2390 non
691 2366 754 2391 est.
775 2358 837 2390 Est
854 2365 889 2391 et

217 2411 303 2444 alter
330 2424 448 2444 sensus
465 2423 472 2444 :
492 2418 672 2444 venatores
699 2410 793 2443 enim
820 2410 889 2442 fer-

217 2477 296 2498 rum
314 2476 375 2499 seu
396 2476 603 2499 mucronem
620 2463 782 2498 venabuli
800 2470 891 2508 tege-

928 1137 1034 1177 bant,
1053 1143 1094 1169 ut
1115 1134 1196 1168 ferae
1216 1132 1350 1168 facilius
1375 1144 1410 1166 se
1437 1132 1532 1166 ferro
1555 1132 1607 1165 in-

930 1189 1078 1223 duerent
1094 1201 1166 1221 non
1184 1187 1280 1228 viso;
1301 1199 1318 1219 a
1334 1185 1408 1220 viso
1422 1194 1542 1219 autem
1555 1198 1607 1218 re-

931 1242 1120 1288 fugiebant.
1141 1238 1375 1286 Splendidum
1393 1251 1476 1284 ergo
1494 1250 1557 1284 per
1573 1250 1608 1271 se

929 1294 1143 1328 venabulum
1153 1319 1162 1335 ,
1179 1292 1355 1327 coloribus
1366 1292 1535 1326 fucabant
1546 1316 1556 1332 ‚
1571 1299 1610 1324 ut

932 1348 1020 1381 seras
1047 1347 1229 1380 fallerent:
1248 1344 1345 1392 quod
1362 1345 1420 1378 hic
1440 1357 1512 1377 non
1535 1352 1609 1377 erat

931 1412 1081 1442 necesse,
1088 1412 1197 1446 quum
1204 1398 1376 1433 declinare
1384 1398 1487 1432 etiam
1498 1397 1612 1442 splen-

934 1452 1075 1487 dentem
1091 1452 1175 1486 ferri
1190 1452 1301 1486 aciem
1323 1451 1423 1486 visco.
1438 1451 1610 1484 haerentes

934 1519 1006 1541 non
1021 1514 1174 1552 possent.

990 1564 1024 1601 4.
1048 1560 1186 1592 Lancea.
1209 1557 1398 1591 Venabulo
1426 1556 1610 1594 cominus,

934 1613 1053 1647 lancea
1074 1612 1210 1646 eminus
1233 1611 1306 1645 fera
1325 1610 1521 1656 petebatur.
1544 1609 1611 1642 En.

991 1666 1027 1701 5.
1045 1665 1230 1711 Deprendat
1246 1677 1359 1697 vacuo.
1376 1664 1508 1708 Argute
1524 1662 1616 1695 clau-

937 1718 990 1753 dit
1011 1719 1131 1765 Epigr.
1155 1717 1335 1752 antithetis
1364 1728 1409 1750 ex
1433 1723 1613 1762 permuta-

936 1774 1034 1806 tione
1048 1772 1232 1817 utriusque
1246 1770 1399 1804 artificii.
1419 1791 1472 1797 -
1492 1770 1616 1813 Depre-

938 1825 1070 1858 bendere
1104 1825 1199 1858 enim
1233 1822 1378 1869 proprie
1416 1821 1591 1855 venatoris
1606 1846 1616 1862 ‚

939 1887 1066 1923 captare
1085 1877 1227 1923 aucupis
1252 1884 1314 1910 est.
1337 1860 1536 1921 Ergo⁹quid
1558 1887 1616 1907 su-

939 1939 1054 1977 perest
1083 1930 1242 1964 venatori
1271 1928 1339 1962 nisi
1362 1936 1402 1962 ut
1430 1940 1509 1961 aves
1535 1939 1616 1973 per-

940 1992 1104 2030 sequatur
1133 1984 1171 2016 in
1202 1994 1281 2016 aere
1303 2007 1314 2024 ‚
1347 1980 1515 2027 quoniam
1542 1981 1615 2026 ejus

941 2038 1016 2071 vice
1034 2036 1191 2082 fungitur
1207 2047 1350 2081 auceps,
1370 2033 1508 2068 etseras
1521 2033 1616 2066 visco

943 2090 1047 2136 capit.

997 2146 1031 2177 6.
1051 2142 1106 2177 δῖε
1126 2149 1254 2188 captare
1266 2168 1275 2183 ,
1291 2139 1363 2175 sola
1383 2137 1492 2173 editio
1505 2139 1616 2171 Plant.

943 2209 1130 2243 operarum
1146 2206 1264 2229 errore
1278 2206 1317 2227 ex
1332 2193 1456 2226 litterae
1472 2204 1619 2237 sequen-

945 2250 988 2283 tis
1010 2249 1318 2295 geminatione.-
1330 2246 1368 2279 Si
1381 2254 1507 2291 captare
1519 2245 1622 2287 seras.

946 2304 1094 2348 Captare
1114 2302 1263 2334 verbum
1287 2306 1337 2333 est
1358 2298 1541 2344 proprium
1564 2310 1624 2330 au-

947 2356 1062 2401 cupii,
1087 2352 1349 2400 deprehendere
1376 2360 1493 2384 autem
1520 2363 1624 2384 vena·

949 2408 1056 2441 tionis
1073 2419 1080 2440 ε
1101 2406 1197 2453 quasi
1213 2406 1321 2444 dicat,
1337 2406 1408 2451 jam
1425 2412 1570 2438 venator
1588 2411 1623 2435 et

951 2461 1102 2507 aucupio
1121 2461 1228 2501 feras,
1249 2458 1357 2493 veluti
1379 2469 1478 2500 aves,
1499 2463 1624 2503 captet.
