2061 3288
472 193 506 235 F„
518 193 579 235 ΡΙ
593 193 633 235 G
646 193 684 234 R
701 192 733 235 A
747 193 794 235 M
807 193 855 235 M
869 193 940 235 n·
955 193 990 234 U
1005 192 1053 234 M
1099 193 1130 234 L
1144 193 1159 234 l
1175 194 1218 234 Β.
1260 194 1291 234 l.

1499 208 1580 237 101

249 283 359 337 Quae
390 290 463 323 tua
494 279 683 323 traducit
713 280 941 324 manifesto
971 280 1162 323 carmina
1192 279 1321 323 furto.

248 352 318 394 Sic
347 351 626 412 interpositus
653 349 757 394 villo
785 351 1053 395 contaminat
1078 360 1210 394 uncto

253 421 409 465 Urbica
441 422 705 483 Lingonicus
728 422 1012 482 Tyrianthina
1040 419 1374 466 bardocucullus
1395 438 1402 464 ε

249 493 318 536 Sic
349 493 537 536 Aretinae
565 492 729 536 violant
754 491 1001 553 crystallina
1031 501 1148 536 testae
1172 509 1179 534 :

247 563 316 607 Sic
343 564 485 624 niger,
513 564 554 606 in
582 563 684 624 ripis
713 573 828 607 errat
853 580 985 623 quum
1018 562 1129 607 forte
1152 563 1348 624 Caystri,
1397 577 1403 589 ·

177 718 325 763 Signata.
355 718 423 752 Sed
450 719 507 752 illa
535 719 656 765 pagina
674 747 682 761 ‚
717 718 852 754 celandi

178 771 263 804 furti
283 784 383 806 causa
401 772 604 818 interposita
617 799 625 814 ,
644 781 715 806 tam
737 773 854 818 inepte

177 832 211 858 et
226 824 368 871 illepide
383 826 511 871 scripta
530 835 598 867 est,
617 834 654 859 ut
671 838 773 872 quem
793 826 853 859 ha-

177 877 254 910 beat
286 887 463 912 auctorem
493 878 645 912 declaret
673 879 853 924 signetque

176 929 369 965 evidenter.
383 932 450 965 ΕΙ).

231 984 264 1017 3.
286 985 490 1022 Turnebus,
512 984 656 1018 Advers.
680 985 740 1019 lib.
761 998 830 1018 x111
844 1012 852 1027 ‚

176 1048 251 1081 cap.
294 1042 338 1079 24
355 1064 363 1077 ‚
403 1037 589 1083 legendum
629 1051 700 1072 esse
736 1047 854 1072 censet

176 1092 320 1123 crimina.
338 1112 389 1117 -—
413 1093 444 1124 T
443 1092 576 1124 raducit.
596 1091 707 1126 Trans
726 1092 853 1124 urbem

176 1151 236 1176 aut
252 1155 315 1189 per
330 1156 468 1177 arenam
487 1144 704 1178 ducebantur
725 1153 852 1183 sontes,

176 1204 216 1228 ut
248 1205 363 1230 essent
391 1198 554 1230 omnibus
589 1198 786 1242 spectaculo
819 1205 853 1230 et

177 1247 344 1283 ludibrio.
358 1249 447 1283 Inde
458 1251 605 1283 verbum
618 1251 749 1283 traduco
763 1262 853 1295 saepe

176 1302 329 1335 sumitur
344 1315 410 1348 pro
432 1303 547 1336 irrideo
561 1329 569 1342 ,
592 1303 753 1336 ridendum
773 1315 851 1347 pro-

173 1357 272 1398 pino,
304 1356 413 1400 palum
445 1369 565 1388 accuso.
598 1377 651 1382 —-
679 1356 853 1398 Allatzisesto

177 1409 317 1440 cat-mina
329 1410 436 1451 furto.
450 1409 597 1442 Furtum
617 1407 709 1454 apud
729 1410 853 1442 Roma-

177 1473 240 1493 nos
268 1459 397 1506 duplex
433 1470 506 1495 erat
520 1488 530 1503 ‚
564 1462 786 1495 manifestum
820 1470 853 1495 et

178 1526 249 1547 non
264 1515 501 1548 manifestum.
520 1515 747 1549 Manifestum
764 1514 855 1548 dice-

177 1567 263 1600 bant
281 1567 370 1601 illud
398 1580 469 1602 esse
498 1567 592 1613 quod
615 1567 700 1601 dum
727 1568 768 1601 fit
791 1567 853 1601 de-

179 1619 430 1665 prehenditur,
448 1622 502 1654 vel
522 1620 617 1667 quod
639 1634 680 1654 eo
697 1622 775 1654 loco
792 1620 853 1654 de-

178 1672 416 1718 prehenditur
426 1674 489 1707 ubi
499 1675 612 1715 fit‚vel
624 1674 727 1707 etiam
742 1673 854 1707 donec

179 1726 353 1770 perferret
383 1739 424 1760 eo
452 1739 521 1772 quo
547 1727 603 1760 fur
628 1726 853 1768 destinasset,

179 1779 234 1811 vel
262 1778 415 1825 denique
437 1779 578 1825 quando
608 1793 685 1813 eam
704 1793 778 1813 rem
797 1780 855 1813 fur

180 1840 304 1865 tenens
323 1833 417 1866 visus
445 1832 562 1866 fuerit.
594 1833 685 1866 Huic
715 1841 855 1866 senten-

181 1885 261 1925 tiae,
286 1898 366 1931 quae
388 1894 503 1919 tamen
524 1893 644 1931 postea
669 1899 742 1919 non
763 1886 855 1919 obti-

180 1938 282 1979 nuit,
312 1938 435 1972 alludit
464 1939 594 1972 Noster
624 1951 735 1984 quum
770 1937 856 1971 dicit

182 1989 407 2024 Fidentinum
431 1992 525 2025 furto
550 1992 733 2025 manifesto
757 2004 857 2024 reum

184 2056 275 2083 esse,
307 2045 389 2090 quia
418 2045 666 2090 epigrammata
690 2045 858 2078 Martialis

183 2105 347 2142 tanquam
384 2110 443 2130 sua
479 2098 620 2143 publice
653 2098 858 2131 recitaverat

184 2158 218 2182 et
237 2149 320 2183 inde
337 2162 414 2183 rem
436 2150 602 2184 furtivam
624 2159 746 2184 tenens
768 2151 858 2184 visus

183 2202 306 2236 fuerat.
343 2203 425 2236 Non
464 2204 686 2237 manifestum
726 2204 858 2237 furtum

184 2264 257 2288 erat
270 2281 279 2297 ‚
298 2269 410 2302 quum
427 2256 473 2289 sic
494 2256 550 2289 fur
568 2269 640 2289 non
663 2256 858 2301 deprehen-

184 2308 337 2342 deretur.
368 2309 472 2341 Poena
500 2309 584 2342 furti
616 2309 790 2342 manifesti
817 2322 858 2342 ex

182 2362 257 2406 lege
276 2362 347 2394 XII
363 2362 577 2395 Tabularum
596 2362 751 2408 capitalis
767 2370 857 2403 erat;

184 2427 249 2448 nec
265 2414 439 2448 manifesti
457 2427 558 2460 poena
576 2413 686 2460 dupli.
704 2415 757 2448 Cf.
778 2414 857 2460 Gaj.

185 2467 322 2501 Comm.
343 2468 416 2509 III,
434 2465 452 2506 ἓ
475 2469 559 2508 184.
577 2467 645 2500 En.

242 2524 276 2559 4.
307 2520 360 2554 Sic
390 2523 587 2565 iulet-positus
613 2520 689 2552 ovilis
707 2533 720 2559 ‚·
749 2529 782 2552 et
794 2519 857 2563 filo

186 2574 287 2606 etiam
306 2572 430 2619 legitur
446 2587 456 2615 ;
483 2576 560 2606 vilio
581 2574 615 2606 in
633 2572 719 2606 aliis.
737 2572 790 2606 Sec
808 2576 856 2605 ιἰι-

188 2629 331 2670 iet-posito
356 2627 428 2659 vilis
446 2628 638 2660 contaminat
657 2639 734 2660 (mco
751 2624 854 2660 codd.

915 718 1078 752 Scriverii
1109 727 1143 753 et
1172 718 1348 761 Salmasii,
1382 731 1460 764 quae
1490 727 1588 752 vetus

913 772 1016 806 lectio
1036 780 1101 813 est,
1125 780 1211 806 teste
1233 771 1502 806 Musambertio.
1522 773 1590 806 Ra-

913 824 987 858 deri
1026 834 1194 859 testantur
1224 826 1409 858 lectionem
1453 824 1591 859 codices

913 879 1027 912 minus
1055 878 1268 924 interpolati.
1301 879 1472 924 Unguine
1495 878 1589 912 enini

911 931 1136 977 splendorem
1159 932 1238 964 willo
1267 932 1518 973 conciliabant,
1539 940 1592 965 at-

913 997 984 1030 que
1001 984 1048 1018 ita
1060 984 1296 1031 Tyrianthina
1309 983 1500 1018 adulterata
1511 997 1593 1018 veu-

911 1037 1083 1071 ditabant.
1101 1058 1152 1064 -—-
1171 1038 1260 1070 Villo
1276 1040 1470 1070 contaminat
1485 1046 1590 1070 uncto.

911 1089 1188 1124 Bardocucullus
1218 1098 1291 1124 erat
1324 1091 1428 1124 vestis
1459 1090 1591 1124 Gallica

912 1144 1086 1177 crassioris
1105 1144 1178 1183 fili,
1202 1144 1291 1176 villis
1312 1142 1453 1177 sordida
1479 1144 1591 1189 longis

913 1204 1015 1242 atque
1035 1197 1112 1230 oleo
1126 1197 1251 1230 unctis.
1268 1195 1391 1239 Bardi,
1407 1197 1589 1230 Gallorum

913 1258 1072 1283 cantores
1097 1258 1130 1283 et
1153 1257 1283 1295 poetae,
1304 1250 1369 1282 hac
1390 1258 1485 1283 veste
1514 1258 1592 1283 ute-

912 1302 1061 1336 bantur:
1085 1301 1237 1336 habebat
1259 1303 1316 1335 illa
1335 1302 1515 1348 quoddam
1533 1316 1593 1337 ca·-

911 1355 993 1400 pitis
1014 1363 1152 1400 tegmen
1174 1355 1234 1400 qui
1257 1356 1416 1389 cucullus
1438 1369 1456 1389 a
1479 1356 1590 1389 forma

912 1409 1126 1450 vocabatur3
1149 1420 1231 1441 nam
1262 1409 1407 1453 proprie
1435 1409 1591 1442 cucullus

913 1469 962 1494 est
984 1473 1221 1507 papyraceum
1245 1461 1492 1503 involucrum,
1519 1475 1590 1507 quo

911 1514 1135 1559 pigmentarii
1155 1522 1317 1548 utuntur.
1338 1515 1389 1548 Ut
1409 1514 1517 1560 igitur
1539 1515 1591 1548 sui

911 1567 986 1599 villi
1014 1568 1111 1601 uncti
1132 1566 1295 1601 sordibus
1322 1567 1507 1613 inquinare
1527 1580 1592 1613 po-

913 1620 1035 1654 tuisset
1061 1633 1221 1654 romanas
1249 1629 1344 1666 togas
1373 1620 1476 1654 vestis
1506 1621 1565 1653 illa
1583 1647 1591 1662 ,

913 1674 961 1706 sic
974 1673 1162 1707 sordebant
1175 1686 1294 1707 versus
1304 1672 1484 1707 Fidentini
1500 1674 1592 1707 inter

914 1738 1033 1760 versus
1049 1727 1230 1760 Martialis.

970 1780 1002 1812 5.
1029 1780 1156 1813 Urbica.
1177 1781 1345 1813 Romana.
1366 1801 1418 1806 -——
1437 1780 1592 1824 Lingoni-

914 1840 977 1864 cus.
1001 1833 1177 1878 Lingones
1199 1841 1279 1866 sunt
1307 1832 1428 1866 Galliae
1455 1833 1591 1878 populi.

915 1883 998 1918 Yid.
1022 1885 1083 1918 lib.
1106 1885 1212 1926 XIV,
1239 1886 1346 1931 epigr.
1369 1897 1517 1918 cxxvnr.
1541 1906 1594 1912 —-

921 1938 1142 1984 Zyriantltina.
1161 1938 1284 1971 Vestes
1298 1946 1397 1970 erant
1412 1937 1572 1970 violaceae
1585 1964 1593 1978 ,

918 2003 1065 2035 quarum
1094 1990 1189 2023 color
1217 2003 1236 2023 e
1263 2002 1419 2036 purpura
1449 1999 1482 2023 et
1501 1990 1595 2023 viola

918 2044 1026 2076 factus
1049 2042 1174 2088 (τὺριες
1188 2071 1197 2084 ,
1223 2044 1374 2087 Tyrius3
1394 2043 1436 2075 ἴον
1450 2066 1460 2083 ,
1478 2043 1568 2076 viola
1585 2056 1594 2083 ;

919 2096 1009 2135 ἄνθος
1023 2123 1031 2137 ,
1053 2090 1157 2139 flos.)

973 2152 1006 2182 6.
1029 2149 1192 2183 Arretinae
1211 2147 1290 2182 Ald.
1310 2149 1407 2181 Junt.
1426 2148 1541 2182 Colin.
1561 2157 1596 2181 et

919 2202 991 2235 aliae
1010 2210 1093 2235 vett.
1114 2223 1167 2228 -—
1189 2201 1242 2234 Sic
1261 2201 1415 2234 Aretinae.
1434 2201 1595 2234 Aretium

918 2256 1001 2288 urbs
1030 2255 1203 2295 Etruriae,
1235 2266 1331 2287 nunc
1356 2255 1504 2295 Aroezzo,
1534 2255 1595 2287 ubi

919 2308 1037 2342 fictilia
1055 2320 1131 2341 vasa
1152 2306 1294 2339 fiebant.

973 2374 1007 2405 7·
1015 2358 1221 2393 Beverlandi
1234 2359 1310 2392 MS.
1318 2368 1410 2391 erant
1421 2373 1488 2392 cum
1496 2362 1596 2403 sorte.

919 2435 970 2439 —
989 2414 1127 2460 Caystri.
1149 2413 1295 2457 Cayster
1318 2412 1446 2446 fluvius
1465 2413 1574 2446 Ioniae
1589 2438 1598 2452 ‚

920 2478 960 2499 ex
980 2466 1132 2511 Phrygia
1150 2478 1276 2511 magna
1297 2464 1434 2508 oriens,
1453 2478 1491 2499 ac
1506 2466 1597 2499 inter

917 2519 1094 2564 Ephesum
1121 2526 1154 2552 et
1174 2518 1419 2564 Colophonem
1442 2519 1478 2551 in
1500 2531 1595 2551 marc

918 2571 1130 2606 decurrens:
1150 2571 1219 2605 illic
1239 2584 1363 2617 magna
1379 2565 1517 2607 olorum
1536 2584 1596 2604 co-

917 2625 985 2670 pia.
1011 2626 1116 2660 Nunc
1137 2632 1278 2659 vocatur
1303 2625 1419 2669 Chim.

1375 2687 1388 2709 3

1336 2712 1360 2757 7
