2061 3288
431 240 597 268 Lxxxvi
729 226 1101 270 RECENSUS
1138 230 1558 272 EDJTIONUM

501 313 563 355 M.
583 312 680 356 Val.
705 313 918 358 Martialis
940 316 1291 377 Epigrammata,
1312 332 1366 360 ex
1386 316 1577 361 editione
1596 318 1850 378 Bipontina‚

433 398 534 426 cum
562 383 691 427 variis
720 382 1004 442 lectionibus,
1035 387 1149 430 notis
1171 388 1432 445 Variorum,
1460 388 1614 432 notitia
1640 386 1854 443 literaria,

431 462 476 496 et
505 452 647 498 indice
678 453 1020 516 locupletissimo
1048 467 1252 502 accurate
1277 459 1505 503 recensita.
1531 458 1741 515 Londini,
1773 475 1853 503 cu-

434 533 559 567 rante
597 534 642 569 et
675 526 956 587 imprimente
983 529 1032 570 A.
1066 530 1103 572 J.
1128 528 1296 590 Valpy,
1329 532 1379 573 A.
1412 531 1476 573 M.
1516 529 1669 585 1822,
1711 547 1735 574 2
1768 528 1854 573 vol.

433 595 575 639 in-80.

505 674 738 731 Marziale‚
758 676 1019 722 fedelmente
1040 679 1235 724 tradotto
1260 680 1304 722 in
1325 677 1511 724 Italiano
1535 680 1589 723 da
1615 681 1857 741 Giuspanio

438 744 632 807 Graglia.
660 747 800 791 Lond.
838 747 965 810 1785
983 785 994 805 ,
1028 767 1053 793 2
1075 749 1157 794 vol.
1191 751 1234 796 8.

506 824 721 869 Martialis
749 826 942 872 Ramleri
967 830 1010 872 in
1032 845 1062 873 v
1087 839 1191 874 toni.
1231 831 1349 891 Lips.
1387 829 1511 892 1787
1533 846 1733 892 —1791
1762 866 1773 886 ‚
1815 831 1857 876 8.

437 895 629 939 Accedat
663 897 864 960 Anhang.
906 916 1007 943 zum
1045 902 1203 945 Ersten
1222 900 1346 945 Theil
1386 901 1488 944 ibid.
1531 900 1685 963 1793,
1720 902 1762 946 8.
1791 925 1860 929 —

435 964 559 1009 Idem
588 967 819 1013 Ramlerus
858 971 1167 1015 Germanicam
1197 971 1411 1016 Martialis
1444 973 1687 1016 versionem
1725 972 1859 1016 dedit.

437 1037 491 1078 In
518 1037 602 1080 hac
633 1054 737 1083 vero
767 1056 855 1083 non
883 1043 1029 1085 omnia
1063 1042 1271 1087 Ramlero
1303 1043 1560 1104 assignanda
1592 1053 1705 1087 sunt.
1727 1043 1860 1086 Varia

438 1108 754 1167 epigrammata
771 1127 795 1154 a
816 1113 945 1156 variis
966 1112 1276 1174 interpretibus
1302 1130 1424 1157 versa
1445 1124 1570 1170 sunt,
1596 1131 1693 1174 quae
1716 1115 1862 1157 omnia

439 1178 670 1223 Ramlerus
696 1183 738 1225 in
771 1199 907 1226 unum
946 1200 1107 1245 corpus
1137 1184 1312 1247 collegit
1330 1221 1342 1241 ,
1373 1195 1417 1229 et
1441 1185 1622 1229 dimidio
1648 1184 1746 1246 plus
1770 1185 1863 1246 ipse

436 1249 746 1312 interpretatus
775 1264 852 1298 est.

510 1332 572 1376 M.
598 1334 651 1376 V.
684 1333 1115 1388 Martialis,Viennae
1149 1335 1269 1380 180[
1290 1371 1300 1390 ,
1336 1336 1378 1380 8.
1409 1354 1433 1380 2
1460 1335 1561 1380 voll.

511 1413 815 1474 Epigrammes
845 1413 898 1457 de
926 1415 986 1457 M.
1009 1417 1066 1458 V.
1106 1414 1311 1470 Marfial,
1349 1417 1447 1459 Lat.
1482 1425 1527 1459 et
1559 1417 1628 1458 Fr.
1661 1413 1864 1458 nouvelle

442 1482 706 1528 traduction.
733 1488 771 1527 A
792 1485 982 1545 Paphos.
1010 1486 1141 1529 Paris.
1168 1485 1195 1530 3
1220 1485 1320 1530 voll.
1347 1486 1388 1531 8.
1419 1488 1562 1547 1807.

513 1563 575 1606 Μ.
595 1565 649 1607 V.
678 1563 905 1608 Martialis.
935 1567 1087 1608 Franc.
1117 1565 1171 1608 ad
1196 1566 1331 1609 Moen.
1368 1564 1513 1621 1808,
1547 1565 1588 1610 8.
1613 1566 1774 1608 Textus
1797 1567 1860 1608 ni-

442 1632 557 1677 tidus
579 1644 623 1678 et
645 1635 923 1689 emendatus,
949 1635 1112 1696 absque
1138 1637 1251 1679 notis
1269 1672 1280 1691 ,
1306 1637 1350 1679 in
1375 1653 1502 1680 usum
1529 1634 1791 1680 scholarum.

513 1711 574 1756 M.
598 1713 652 1756 V.
678 1713 891 1758 Martialis
916 1715 1064 1775 Epigr.
1093 1732 1145 1758 ex
1168 1716 1433 1776 optimarum
1461 1715 1701 1759 editionum
1731 1715 1863 1760 colla-

444 1783 562 1826 tione
586 1785 858 1829 concinnata.
886 1784 1027 1829 Lond.
1067 1785 1220 1841 1816,
1255 1786 1326 1831 18.

515 1864 817 1924 Epigrammes
844 1865 897 1908 de
921 1867 982 1908 M.
1010 1867 1063 1909 V.
1091 1865 1562 1911 Martial,Traduction
1585 1862 1793 1909 nouvelle
1822 1875 1866 1909 et

445 1933 661 1995 complete
681 1971 692 1990 ,
730 1952 809 1996 par
832 1938 881 1979 E.
900 1938 946 1979 T.
975 1937 1137 1980 Simon.
1176 1939 1292 1981 Avec
1322 1936 1360 1981 le
1387 1947 1502 1980 texte
1532 1937 1659 1980 Latin
1680 1972 1691 1991 ,
1722 1946 1766 1980 et
1789 1936 1864 1980 des

443 2014 568 2048 notes
583 2041 594 2059 ‚
620 2015 663 2049 et
688 2005 748 2050 les
771 2006 1016 2051 meilleures
1037 2008 1271 2051 imitations
1297 2025 1350 2051 en
1376 2025 1474 2051 vers
1492 2008 1706 2066 Francais.
1730 2008 1865 2058 Paris,

453 2076 608 2137 1819,
642 2075 669 2121 3
693 2076 792 2121 voll.
821 2079 865 2123 8.

496 2197 592 2230 Inter
609 2210 648 2230 ea
667 2210 744 2243 quae
760 2198 929 2232 Martialis
944 2199 1192 2244 epigrammata
1212 2198 1370 2245 quaedam
1390 2200 1672 2245 complectuntur
1684 2224 1694 2241 ‚
1712 2200 1767 2234 vel
1779 2201 1864 2246 ejus-

444 2247 525 2281 dem
543 2259 626 2283 sunt
648 2251 879 2294 imitationes,
900 2251 973 2285 haec
994 2252 1175 2298 sequentia
1192 2260 1435 2287 numerentur.

516 2367 893 2428 Epigrammatum
913 2369 1105 2414 delectus
1122 2387 1173 2414 ex
1190 2370 1394 2414 omnibus
1414 2380 1507 2414 tum
1528 2370 1747 2414 veteribus
1769 2379 1861 2413 tum

444 2439 757 2482 recentioribus
795 2441 934 2500 poetis
960 2436 1178 2497 (Maxime
1207 2458 1257 2485 ex
1283 2438 1514 2497 Martiale)
1545 2449 1747 2485 accurate
1789 2440 1862 2484 de-

443 2517 618 2568 cerptus
647 2503 787 2565 (cura
819 2510 885 2554 Cl.
925 2511 1159 2567 Lancelot‚
1194 2507 1491 2567 Benedictini)
1523 2528 1622 2555 cum
1659 2510 1861 2555 disserta-

443 2578 561 2622 tione
589 2579 642 2623 de
672 2596 773 2623 vera
800 2580 1124 2641 pulchritudine
1154 2577 1216 2638 (a
1241 2585 1287 2626 P.
1314 2577 1493 2635 Nicole)
1524 2584 1739 2637 Pariszk's,
1773 2584 1862 2628 Sa-

444 2665 604 2703 w‘fflcx,
649 2648 798 2709 1659,
827 2652 989 2705 iii-123
1020 2653 1207 2697 Londini
1241 2652 1458 2697 multoties
1487 2668 1680 2697 recusus.
