2061 3288
468 208 559 262 124

831 207 892 250 M.
919 209 1058 251 VAL.
1097 209 1190 253 MA
1207 210 1494 254 RTIALIS

598 294 784 338 Inclinat
809 296 948 339 varias
975 296 1169 357 pondere
1195 298 1318 359 nigra
1343 314 1502 342 eomas.

528 366 690 408 Praeter
717 382 849 426 aquas
872 366 1079 423 Helicon,
1105 378 1148 412 et
1172 378 1285 412 serta
1300 404 1311 424 ,
1335 367 1532 429 lyrasque
1559 367 1740 414 dearum

598 435 670 479 Nil
696 436 846 491 habet,
876 446 919 480 et
944 453 1151 499 magnum
1178 439 1251 482 sed
1277 440 1482 500 perinane
1508 439 1682 500 sophos.
1833 469 1862 484 ,ο

527 505 645 563 Quid.
675 506 753 551 tibi
778 524 878 551 cum
901 508 1086 552 Cirrha?
1109 509 1213 569 quid
1236 526 1336 554 cum
1361 509 1629 554 Permesside
1657 510 1803 555 nuda?

596 578 845 621 Romanum
871 579 1073 640 propius,
1101 579 1360 641 divitiusque
1390 579 1533 624 forum
1563 590 1638 624 est.

511 715 544 747 8.
566 715 789 760 Cogitabam,
810 729 875 761 pro
900 719 1009 749 varias
1025 743 1033 757 ‚
1055 730 1134 761 gra-

460 767 567 808 avidas,
589 768 643 802 vel
670 782 779 801 curvas
793 783 806 809 ;
826 769 951 814 quibus
972 769 1135 815 epithetis

459 821 586 866 passim
613 831 764 855 utuntur
787 831 946 856 auctores
962 847 971 862 ,
1001 823 1061 855 ubi
1092 821 1135 855 de

458 874 636 907 fructuum
670 874 883 909 abundantia
911 883 1019 921 agunt
1042 887 1050 908 :
1075 874 1135 909 sed

459 927 615 960 abstineo
624 953 632 969 ‚
644 936 827 974 postquam
840 929 876 961 τὸ
891 931 1001 962 varias
1012 928 1135 974 saepius

460 979 562 1013 olivis
598 981 705 1014 tribui
735 980 944 1023 didicerim3
975 980 1068 1014 unde
1102 990 1136 1014 et

460 1032 580 1065 bicolor
605 1033 701 1066 bacca
721 1035 812 1067 oliva
839 1033 972 1068 dicitur
1003 1033 1133 1067 ovidio

460 1086 602 1120 Metam.
614 1088 703 1120 VIII
716 1114 724 1129 ,
746 1090 831 1127 664.
850 1088 904 1120 An
922 1096 1035 1120 autem
1049 1113 1057 1126 ,
1071 1100 1135 1133 pro

461 1142 575 1183 nigra,
606 1139 791 1185 legendum
815 1137 941 1186 pigra?
970 1141 1025 1173 vel
1055 1141 1136 1186 quia

460 1192 544 1225 oleae
566 1191 662 1226 tarde
681 1203 837 1227 crescunt
854 1207 863 1235 3
882 1193 954 1227 vid.
970 1195 1073 1226 Varr.
1093 1192 1136 1226 de

462 1245 513 1278 Re
527 1246 625 1279 Rust.
642 1247 674 1286 I,
693 1251 752 1288 41,
769 1256 803 1280 et
816 1247 913 1292 Virg.
933 1247 1058 1291 Georg.
1081 1247 1116 1278 II
1128 1273 1136 1287 ‚

464 1297 503 1339 33
520 1299 573 1331 vel
596 1300 677 1344 quia
697 1300 837 1332 arbores
858 1313 930 1332 non
950 1300 1065 1345 inepte
1083 1303 1135 1343 μίν

459 1363 529 1394 groe
545 1350 614 1384 dici
627 1361 777 1397 queunt,
798 1365 908 1397 quum
921 1379 930 1393 ‚
948 1353 1051 1386 ramis
1069 1352 1138 1384 fru-

461 1412 581 1437 ctuum
605 1405 760 1450 pondere
786 1406 953 1450 gravatis,
975 1418 1046 1438 non
1067 1413 1136 1437 tam

460 1456 577 1490 faciles
602 1466 736 1491 motant
760 1459 953 1492 cacumina.
977 1460 1031 1490 An
1054 1458 1137 1490 scri-

462 1510 531 1555 psit
564 1511 674 1552 forte,
710 1512 848 1544 Inclinat
879 1513 971 1544 vario
1001 1511 1137 1555 pondere

456 1565 553 1607 pigra
577 1561 708 1596 comas-'³
738 1563 843 1597 Haud
868 1572 998 1597 temere
1020 1572 1137 1596 tamen

461 1616 496 1648 τὸ
520 1618 613 1659 nigra
634 1617 812 1662 rejecerim
833 1628 840 1650 :
862 1625 934 1650 tum
950 1643 958 1657 ‚
977 1616 1056 1662 quia
1080 1629 1137 1649 ex-

461 1667 583 1713 plicari
613 1678 727 1715 potest
751 1670 917 1708 umbrosa;
936 1669 1020 1702 oleae
1044 1678 1138 1702 certe

463 1728 495 1753 et
518 1723 649 1755 umbrae
670 1723 776 1767 gratia
802 1719 1032 1761 serebantur(
1047 1723 1137 1756 Plin.

462 1774 505 1806 N.
535 1775 577 1807 H.
604 1775 687 1817 XV,
712 1774 778 1815 18)
801 1787 808 1808 :
828 1783 903 1807 tum
932 1787 1036 1815 vero,
1058 1776 1138 1820 quia

462 1828 555 1871 nigra
569 1840 634 1873 pro
654 1828 750 1861 viridi
764 1828 876 1873 accipi
892 1836 1018 1873 potest.
1032 1827 1136 1861 Ovid.

464 1879 554 1914 Fast.
574 1881 640 1922 IV,
663 1881 745 1925 139.
772 1898 784 1910 n
808 1882 889 1914 Ant.
906 1881 944 1913 de
964 1882 1064 1926 Rooy.
1087 1903 1134 1907 -

466 1934 585 1966 Varias
601 1947 715 1968 comas.
727 1934 818 1975 Quia
835 1933 965 1967 virides
982 1947 1050 1968 una
1065 1946 1142 1978 par·

464 1994 497 2019 te
508 2012 516 2027 ‚
537 1988 644 2020 altera
663 1986 883 2021 candidiores
896 1995 991 2020 sunt.

516 2052 550 2083 9.
573 2040 727 2086 Langius
749 2053 790 2074 ex
810 2039 864 2073 ed.
883 2039 1070 2073 Pulmanui
1089 2040 1138 2072 ci-

463 2100 511 2125 tat
525 2106 533 2126 :
552 2094 774 2139 cytlzammque
787 2093 924 2126 deorum.
938 2094 1038 2125 Junt.
1057 2105 1136 2125 ann.

468 2158 480 2178 1
493 2145 510 2178 5
522 2158 533 2178 1
545 2158 561 2178 2
580 2171 589 2186 ,
615 2147 756 2180 exhibet
770 2172 779 2187 ,
807 2147 960 2193 hyr-usque
985 2145 1111 2178 deorum
1124 2158 1136 2184 ;

463 2198 536 2231 aliae
550 2225 559 2241 ‚
587 2200 733 2246 (rt-mque
761 2199 899 2232 deorum.
920 2218 972 2223 —-
989 2198 1134 2230 Helicon.

462 2252 603 2285 Boeotiae
621 2261 670 2286 est
684 2265 800 2291 mons,
819 2250 965 2284 Phocidi
984 2251 1135 2289 vicinus,

462 2316 534 2337 non
548 2306 674 2349 procul
690 2317 708 2338 a
727 2306 894 2338 Parnasso
908 2329 917 2346 ‚
933 2303 995 2349 qui
1012 2312 1045 2337 et
1062 2304 1136 2348 ipse

463 2358 620 2401 Apollini
640 2370 734 2391 sacer
753 2367 802 2391 est
825 2366 860 2391 et
878 2357 1001 2390 Musis.

519 2422 576 2443 10.
586 2410 705 2444 Codex
721 2411 828 2444 Palat.
843 2419 949 2456 atque
963 2409 1051 2443 alius
1065 2422 1136 2454 quo

464 2475 543 2496 usus
558 2472 608 2496 est
624 2463 795 2497 Heraldus
809 2464 998 2501 habebant,
1014 2462 1070 2494 sed
1080 2475 1139 2506 pet·

465 2518 581 2554 inane;
602 2516 697 2549 unde
716 2517 772 2549 ille
796 2518 887 2561 conj.
907 2514 963 2548 Sed
977 2517 1137 2560 pet-inane.

465 2569 518 2601 Sic
533 2569 631 2602 etiam
649 2569 729 2613 legit
744 2570 863 2602 Heius.
883 2567 925 2602 ad
941 2567 1047 2602 Ovid.
1062 2570 1138 2601 Art.

466 2622 480 2655 Ῑ
493 2647 502 2662 ,
518 2621 534 2653 3
544 2622 603 2665 37.
619 2622 686 2655 Alii
700 2636 818 2667 semper
833 2625 993 2655 inanc.-
1006 2621 1136 2665 Sophus.

1193 718 1405 751 Acclamatio
1420 726 1492 751 erat
1505 731 1571 764 qua
1588 719 1771 753 recitantes
1784 731 1868 765 poe-

1193 779 1235 804 tae
1253 771 1534 816 excipiebantur,
1551 771 1611 805 sed
1629 772 1719 805 nihil
1739 772 1870 806 emolu·

1194 823 1303 856 menti
1323 824 1549 869 accipiebant.
1571 824 1662 859 Vide
1681 825 1788 871 epigr.
1811 837 1869 866 lv,

1194 889 1299 922 supra
1315 902 1324 918 ‚
1340 890 1375 910 v.
1397 889 1431 921 7.

1251 941 1308 963 11.
1332 930 1542 963 Permessidos
1566 931 1650 963 unda
1675 929 1730 964 ed.
1759 930 1868 976 antiq.

1194 982 1328 1016 Ferrar.
1360 995 1451 1017 anno
1482 987 1589 1028 1471.
1616 984 1757 1017 Venett.
1789 982 1868 1017 Ald.

1192 1036 1291 1068 Junt.
1313 1035 1425 1069 Colin.
1450 1035 1588 1081 Gryph.
1615 1036 1700 1069 aliae.
1726 1037 1869 1068 Permes-

1193 1089 1259 1121 sicle
1279 1089 1404 1135 lympha
1420 1089 1503 1134 legit
1517 1090 1626 1122 Janus
1645 1089 1868 1122 Guilielmius

1194 1154 1235 1174 ex
1260 1141 1391 1176 codice.
1421 1142 1614 1175 Permesside
1638 1142 1723 1174 unda
1744 1142 1870 1174 citatur

1195 1195 1230 1227 in
1258 1194 1341 1228 edit.
1365 1195 1495 1228 Barbou
1526 1194 1637 1239 1754.
1667 1195 1870 1228 Lectionem

1195 1256 1347 1280 nostram
1372 1261 1414 1281 ex
1437 1247 1579 1293 optimis
1606 1247 1783 1281 codicibus
1810 1246 1870 1280 de-

1195 1299 1323 1334 deruut
1345 1301 1518 1334 Gruterus
1540 1309 1572 1334 et
1593 1300 1795 1334 Scriverius.
1821 1321 1870 1325 —

1198 1353 1325 1387 Cirrha.
1346 1354 1448 1387 Unus
1469 1362 1519 1387 est
1539 1366 1557 1386 e
1580 1354 1768 1387 verticibus
1787 1352 1870 1384 Par-

1195 1407 1284 1439 nassi
1301 1419 1310 1446 ;
1339 1407 1424 1439 alter
1444 1407 1536 1451 Nysa
1559 1405 1700 1440 dicitur.
1716 1427 1768 1431 —-
1790 1405 1870 1438 Per-

1196 1460 1334 1492 messide.
1357 1459 1542 1492 Permessis
1562 1458 1688 1492 fluvius
1712 1470 1753 1491 ex
1776 1457 1871 1491 Heli-

1196 1523 1283 1545 cone
1299 1511 1476 1545 dilabitur.

1254 1576 1310 1598 12.
1334 1565 1507 1597 Romanum
1523 1590 1532 1604 ,
1561 1572 1624 1596 etc.
1646 1563 1776 1596 Forum
1805 1564 1874 1596 Ro-

1197 1630 1360 1657 manum,
1392 1617 1554 1662 idemque
1583 1624 1682 1649 vetus
1707 1614 1840 1649 dictum
1861 1639 1870 1654 ‚

1196 1679 1269 1703 erat
1293 1670 1454 1703 omnium
1479 1669 1785 1714 antiquiSsimum3
1812 1666 1873 1701 ad-

1197 1723 1310 1756 ditum
1335 1722 1429 1756 aliud
1448 1721 1576 1755 deinde
1598 1735 1614 1754 a
1635 1722 1768 1755 Caesare
1787 1721 1872 1760 fuit,

1196 1776 1335 1809 Julium
1371 1783 1612 1821 nuncupatum
1631 1801 1639 1816 ,
1677 1786 1714 1807 ac
1746 1772 1873 1807 deinde

1198 1829 1392 1863 Palladium
1406 1854 1415 1869 ,
1429 1841 1538 1874 quum
1550 1827 1769 1861 Domitianus
1786 1825 1873 1859 illud

1197 1883 1442 1923 instaurasset;
1468 1881 1609 1914 tertium
1635 1880 1677 1913 ab
1705 1883 1871 1924 AugustO.

1198 1935 1349 1969 Accessit
1362 1943 1525 1980 quartum
1539 1933 1663 1966 Nervae
1673 1931 1768 1978 quod
1782 1939 1876 1964 tran-

1197 1989 1356 2022 sitorium
1375 1987 1566 2020 dicebatur.
1588 1984 1758 2018 Additum
1775 1983 1874 2017 deni-

1197 2053 1265 2087 que
1289 2040 1430 2085 Trajani
1457 2040 1592 2079 forum,
1614 2039 1687 2071 sive
1710 2038 1872 2083 Ulpium.

1198 2115 1249 2120 —
1271 2095 1406 2138 Propius
1433 2105 1537 2137 quam
1563 2091 1688 2126 Cirrha
1714 2099 1748 2124 et
1777 2090 1874 2123 Heli-

1197 2159 1263 2179 con
1279 2172 1288 2186 ,
1320 2146 1382 2191 qui
1404 2154 1484 2178 sunt
1507 2145 1654 2191 procul,
1674 2144 1709 2177 in
1728 2143 1874 2177 Graecia.

1196 2220 1249 2226 —-
1287 2200 1437 2231 Divitias.
1478 2199 1637 2230 Verbum
1678 2196 1873 2241 antiquum.

1197 2252 1307 2284 Ditius
1321 2252 1356 2284 in
1378 2264 1442 2285 usu
1457 2250 1687 2295 frequentiori
1705 2257 1765 2282 est.
1783 2249 1875 2292 Lege

1197 2305 1367 2343 Bolaenm,
1389 2313 1451 2337 sat.
1472 2305 1512 2336 I:

1197 2356 1294 2381 Faut-il
1302 2358 1368 2381 donc
1378 2355 1599 2388 ‹16⁵0r111aisjouer
1610 2364 1644 2378 un
1658 2362 1771 2378 nouveau
1782 2350 1854 2376 role?

1197 2404 1294 2437 bois-je
1306 2421 1313 2432 ,
1326 2403 1363 2427 las
1377 2402 1515 2436 ‹l'Apollon
1528 2421 1533 2430 ,
1548 2402 1662 2426 recourir
1676 2400 1689 2423 ὦ
1701 2398 1802 2423 Bartole
1814 2417 1820 2428 ,

1197 2452 1229 2475 Et
1240 2450 1387 2475 feuilletant
1400 2449 1483 2473 Louet
1499 2448 1598 2480 allonge'
1615 2456 1660 2480 par
1675 2446 1787 2470 Brodeau
1797 2463 1803 2473 ‚

1201 2497 1281 2521 D'une
1295 2497 1358 2520 robe
1375 2496 1388 2519 ἐι
1404 2495 1477 2528 longs
1489 2494 1538 2528 plis
1550 2491 1683 2526 balayorle
1697 2492 1801 2515 barreau
1814 2491 1821 2513 ι’

1199 2542 1266 2567 Mais
1278 2542 1290 2566 a
1306 2552 1333 2567 ce
1343 2541 1398 2566 seul
1412 2550 1505 2574 penset
1518 2541 1542 2573 je
1555 2549 1610 2564 sens
1623 2548 1672 2571 que
1688 2538 1712 2570 je
1724 2536 1839 2570 υἰέ-ἑαῖς»,

1200 2590 1258 2615 Moi
1269 2589 1276 2613 ἒ
1289 2598 1338 2623 que
1350 2588 1429 2622 J'aillc
1439 2590 1503 2613 criel·
1515 2587 1576 2611 dans
1584 2595 1610 2610 cc
1623 2594 1684 2619 pays
1695 2584 1800 2609 barbare
1811 2603 1815 2613 ‚
1825 2590 1874 2607 etc.

1760 2626 1806 2648 En.
