2061 3288
455 210 545 253 DE
583 209 849 252 METRIS
890 206 1294 250 MARTIALIS.
1479 220 1583 248 xeix

163 298 459 344 claudicantis.
495 297 648 357 Aptius
678 305 825 340 tamen
859 294 1106 339 claudicare
1131 292 1364 346 diceretur,
1398 294 1471 353 qui
1500 309 1586 336 una

166 370 331 432 syllaba
362 378 506 423 caret,
537 377 580 411 et
610 383 738 428 quem
771 365 1009 411 Acatalecti
1042 364 1219 408 nomine
1247 363 1538 424 designamus.

236 436 288 498 6)
306 441 485 484 Sextum
509 455 646 500 genus
670 439 979 498 Asynartetum
1003 445 1144 490 est,et
1167 434 1340 479 duobus
1363 433 1587 478 versiculis

168 528 248 574 par
281 511 455 555 videtur
477 526 666 570 quorum
696 510 774 553 iste
800 507 1052 569 Dactylicus
1081 506 1265 550 dimeter
1299 504 1587 559 acatalectus,

166 582 237 626 ille.
266 581 538 626 Trochaicus
569 580 753 624 dimeter
792 578 1028 623 catalectus
1068 578 1110 621 in
1145 575 1420 637 bisyllabum.
1459 574 1588 636 Sylla-

164 653 241 697 bas
272 669 378 713 ergo
409 651 544 695 habet
581 650 808 704 undecim,
841 666 971 711 quam
1006 648 1062 692 oh
1086 663 1260 692 causam
1288 645 1586 708 Hendecasyl—

164 722 252 767 labi
279 723 359 767 sul)
385 723 561 766 nomine
590 721 953 766 celebratissimus
984 729 1074 776 est,
1099 717 1384 763 phaleucium
1412 734 1587 778 quoque

166 794 400 839 identidem
431 802 590 838 vocant
614 793 668 836 ab
694 792 933 836 inventoris
960 791 1154 835 nomine.
1181 791 1249 833 En
1276 788 1549 850 exemplum:

371 884 514 922 Dicunt
532 884 699 921 Earinon
721 892 850 920 tamen
870 891 1013 934 poetae,

374 948 449 987 Sed
471 948 591 986 Graeci
609 977 618 995 ,
639 946 779 997 quibus
799 955 854 985 est
872 947 965 984 nihil
988 955 1165 997 negatum
1187 975 1195 990 ‚

376 1018 424 1052 Et
444 1027 541 1064 quos
563 1009 641 1065 Ᾰρες
654 1042 663 1059 ,
680 1013 760 1066 Ᾰρες
779 1013 889 1050 decet
906 1025 1055 1049 sonare.

378 1078 500 1116 Nobis
521 1092 599 1115 non
621 1078 708 1116 licet
728 1092 808 1116 esse
829 1087 904 1115 tam
926 1077 1076 1114 disertis
1091 1107 1100 1123 ,

379 1144 455 1190 Qui
471 1147 601 1181 Musas
619 1144 777 1180 colimus
797 1143 1019 1180 severiores.

235 1239 428 1284 Voluere
451 1239 576 1284 multi
600 1255 811 1283 caesuram
845 1255 933 1282 non
967 1239 1112 1282 minus
1139 1237 1381 1282 leviusculo
1411 1238 1514 1282 huic
1546 1248 1587 1282 et

166 1310 338 1355 ludicro
381 1309 596 1355 versiculo
634 1310 920 1353 necessariam
961 1325 1093 1369 quam
1129 1310 1260 1370 epicis
1296 1310 1583 1353 Hexametris.

164 1381 295 1426 Male.
310 1384 364 1426 In
394 1381 548 1425 eodem
575 1381 689 1424 enim
719 1380 1057 1441 epigrammate,
1087 1381 1160 1440 qui
1187 1396 1339 1423 versus
1370 1380 1582 1424 duntaxat

167 1462 333 1514 septem
358 1462 402 1496 et
423 1452 574 1496 decem
598 1451 746 1507 habet,
764 1461 852 1495 tres
875 1460 978 1494 sunt
996 1451 1176 1494 omnino
1199 1451 1291 1494 sine
1315 1467 1502 1505 caesura,
1527 1468 1585 1495 se-

169 1523 340 1568 cundus
367 1539 551 1584 nempe:

370 1607 464 1650 Quo
484 1616 573 1653 pars
589 1603 733 1653 optima
751 1610 996 1652 nuncupatur
1015 1602 1103 1638 anni
1115 1631 1124 1646 ‚

165 1688 337 1740 tertius,

379 1766 542 1815 Hyblam
562 1766 667 1816 quod
691 1767 789 1816 sapit
810 1766 1033 1815 Atticosque
1053 1766 1185 1810 flores,

165 1846 382 1900 decimus,

377 1940 528 1974 Nomen
547 1936 696 1982 nobile,
722 1937 834 1973 molle
848 1965 857 1982 ,
878 1935 1080 1972 delicatum

171 2021 329 2082 quibus
354 2020 620 2082 penultimus

388 2105 508 2143 Nobis
530 2119 607 2143 non
630 2107 718 2142 licet
738 2119 817 2143 esse
841 2115 916 2142 tam
939 2105 1087 2141 disertis

169 2196 304 2240 ferme
337 2195 463 2255 adjici
490 2198 646 2257 possit,
671 2212 807 2257 quum
837 2211 977 2255 neque
1004 2211 1095 2238 non
1123 2211 1263 2255 neque
1294 2207 1410 2252 tam,
1443 2215 1577 2258 quan·

169 2282 300 2328 quam
332 2265 629 2327 monosyllaba
658 2267 811 2321 verba,
842 2282 1104 2309 caesurarum
1141 2264 1237 2309 loco
1272 2269 1408 2328 accipi
1442 2268 1580 2331 legiti-

170 2354 241 2381 me
266 2337 465 2381 debeant.
482 2336 492 2350 ¹

228 2448 242 2469 1
253 2462 261 2469 .
275 2435 442 2468 Variatur
456 2434 492 2467 in
506 2435 571 2468 hac
588 2434 788 2480 quaestione,
804 2446 846 2466 an
864 2435 1103 2478 monosyllaba
1119 2436 1223 2468 verba
1240 2448 1305 2480 pro
1319 2439 1459 2472 caesuris
1473 2441 1581 2487 accipi

170 2501 234 2534 par
247 2489 301 2522 sit.
319 2488 508 2533 Accipiunt
526 2487 582 2521 alij
602 2495 812 2533 perpetuum
826 2512 834 2527 ‚
851 2486 909 2519 alii
927 2495 1097 2532 respuunt
1117 2496 1150 2520 et
1167 2498 1380 2524 aversantur.
1394 2491 1579 2538 Perperarn

172 2541 332 2586 utrique;
354 2554 416 2586 ego
435 2540 722 2586 distinguendum
741 2552 885 2576 censeo,
907 2548 941 2573 et
955 2539 1060 2572 modo
1081 2541 1234 2586 accipio,
1252 2542 1358 2576 modo
1377 2556 1532 2588 amoveO,
1549 2557 1585 2580 ut

173 2594 316 2639 spurias.
335 2594 479 2639 Accipio
496 2594 658 2627 videlicet
676 2605 785 2639 quum
802 2605 866 2626 vox
890 2592 1124 2637 μονοσύλλαὲος
1144 2594 1184 2627 iis
1200 2594 1353 2629 adhaeret
1365 2610 1441 2642 quae
1457 2611 1586 2643 praece-

175 2646 280 2686 dunt,
297 2659 441 2680 amoveo
458 2647 518 2680 ubi
531 2647 585 2680 his
601 2645 752 2680 adhaeret
768 2658 846 2691 quae
865 2655 1070 2691 sequuntur.
1088 2647 1150 2680 Ex.
1166 2660 1199 2692 g.
1216 2648 1251 2680 in
1274 2649 1466 2683 Horatiano
1485 2654 1589 2687 versi„

1320 2738 1347 2779 g
1372 2720 1384 2735 2
