2061 3288
488 210 577 255 116

843 212 903 255 M.
926 212 1072 256 VAL.
1115 211 1508 254 MARTIALIS

615 298 767 343 Aliena
796 299 988 360 quisquis
1018 298 1192 353 recitat,
1218 307 1261 342 et
1288 299 1396 359 petit
1420 297 1604 353 famam3

615 369 718 413 Non
743 385 887 413 emere
913 368 1070 412 librum
1086 402 1097 423 ,
1124 368 1199 412 sed
1225 367 1440 412 silentium
1466 368 1606 412 debet.

471 491 615 524 Nlercare
635 503 645 524 .·
669 491 745 524 tales
776 491 872 523 habeo
889 517 896 530 ,
933 503 988 523 nec
1013 491 1142 523 scillcet.

470 544 559 584 Alii,
578 543 722 576 Nlercare
737 557 748 578 :
768 544 845 576 tales
861 543 958 576 liabeo
972 557 985 583 ‚·
1002 556 1056 575 nec
1070 545 1147 576 sciet

470 599 644 642 quisquam.
664 597 822 631 Melissus
837 623 846 638 ‚
875 605 909 629 et
929 605 1046 642 postea
1063 597 1143 629 Ant.

469 649 508 681 de
530 650 622 694 Rooj
636 676 644 689 ,
666 651 759 695 conj.
779 650 923 683 Men-care
945 650 1021 681 tales
1047 649 1123 681 adeo
1134 662 1147 689 ‚·

468 703 566 747 cujus
580 703 739 736 meminit
752 702 856 736 etiam
870 701 1057 743 Heraldus3
1070 703 1148 734 adeo

469 767 534 800 pro
551 763 720 800 propterea
738 782 747 796 ,
776 764 815 788 ut
839 755 982 800 saepius;
1002 755 1057 787 vel
1075 755 1147 788 vim

469 807 633 853 explendi
667 809 784 842 hahet.
818 807 911 841 Vide
941 808 1074 840 Duker.
1103 807 1147 840 nd

470 861 564 893 Flor.
592 862 607 893 Ι
620 887 628 901 ,
662 863 706 895 18
721 888 730 903 ‚
759 860 822 902 25,
848 870 882 894 et
902 861 1146 905 Snakenhurg.

469 912 513 946 ad
527 914 628 947 Curt.
644 914 715 954 ΙΙΙ,
737 926 756 958 7
777 940 784 956 ,
804 914 836 947 5.
856 914 924 946 Pro
942 915 1017 945 sciet
1032 922 1147 946 tamen

469 965 562 999 idem
594 968 675 999 Ant.
702 966 799 999 malit
827 970 925 1005 sciat,
947 966 984 998 h.
1006 979 1035 999 e.
1065 978 1147 999 cura

1204 490 1481 535 quibuscumque
1503 491 1658 535 potueris
1679 489 1811 532 modis,
1836 503 1880 524 ne

1204 543 1390 588 quisquam
1405 543 1576 576 resciscat.
1593 543 1745 575 —Tales
1761 544 1856 576 liabeo
1869 571 1876 583 ,

1207 594 1367 628 nondum
1386 595 1497 629 editos
1510 623 1518 637 ‚
1538 592 1631 641 quos*
1644 604 1681 628 tu
1700 608 1802 629 emas.

1264 649 1322 682 13.
1357 648 1435 681 Ald.
1467 649 1565 682 Junt.
1597 649 1711 682 Colin.
1743 649 1878 694 Gryph.

1206 702 1345 735 Junian.
1370 702 1498 746 Delph.
1521 702 1614 741 aliae,
1639 710 1670 733 et
1693 704 1806 747 quaerit
1820 703 1877 745 fa<

1208 768 1306 795 mam,
1327 762 1447 787 eontra
1464 763 1627 788 metrum.

1265 812 1322 848 14.
1351 807 1417 840 Sed
1441 807 1608 840 silentium.
1633 808 1725 840 Dare
1747 808 1877 840 auctori

1207 869 1245 893 ut
1266 861 1380 898 sileat,
1410 860 1656 905 permittatque
1684 868 1716 893 te
1740 873 1799 894 sua
1822 872 1877 893 re-

1207 914 1313 946 citare
1329 925 1396 958 pro
1416 913 1498 952 tuis,
1519 925 1590 945 non
1614 913 1746 946 librum
1765 922 1878 947 autem

1208 979 1225 998 a
1247 966 1437 1010 bibliopola
1455 966 1635 1010 vulgatum
1653 978 1779 999 emere.

1013 1099 1323 1154 LXVIII.

924 1237 950 1265 A
971 1237 1000 1265 D
1044 1236 1383 1265 CHOERILUM.
1407 1216 1425 1233 ⁴*

538 1348 681 1390 mez
713 1346 845 1389 homo
872 1362 916 1389 os
940 1346 1145 1399 nimium,
1169 1344 1274 1389 dicis
1297 1345 1430 1400 mihi,
1453 1344 1667 1400 Choerile,
1693 1362 1873 1407 semper.

609 1419 661 1460 In
693 1426 735 1459 te
764 1417 836 1476 qui
864 1414 990 1469 dicit,
1014 1414 1229 1470 Choerile,
1252 1414 1360 1458 liber
1384 1415 1518 1459 homo
1545 1425 1620 1459 est.

518 1533 532 1547 ⁶
555 1538 615 1571 Ad
637 1537 783 1582 Ceqylum
805 1536 932 1569 lemma
952 1543 1002 1568 est
1021 1535 1055 1568 in
1075 1535 1140 1568 Be-

464 1589 622 1623 x'erlandi
643 1591 717 1623 MS.
739 1589 798 1623 Ad
815 1588 993 1622 Clzoerulum
1011 1588 1045 1621 in
1059 1587 1139 1621 edd.

464 1651 546 1676 veti*-

523 1708 552 1728 1.
574 1695 667 1727 Liber
685 1696 775 1726 lzomo
795 1708 825 1726 es
847 1695 984 1726 nimium.
1008 1692 1048 1726 Id
1067 1701 1117 1726 est
1131 1719 1139 1732 ‚

464 1748 612 1780 nimium
635 1747 762 1780 dicacis
782 1747 909 1787 animi,
928 1746 988 1792 qui
1006 1746 1139 1779 nemini

464 1801 586 1845 parcis.

521 1865 551 1886 1.
573 1866 606 1886 2.
630 1853 740 1899 Cetjrlc
757 1852 791 1885 in
811 1850 934 1884 eodem
957 1851 1029 1884 MS.
1047 1851 1141 1884 Liber

463 1908 553 1938 Ιιωιηο
571 1911 644 1938 est?
664 1918 727 1950 per
750 1904 1057 1950 interrogationem
1070 1930 1076 1942 ,
1104 1905 1139 1937 in

462 1959 571 1992 risum
584 1985 592 1999 ‚
614 1959 727 2003 placet
747 1957 997 1992 Musambertio
1019 1965 1052 1989 et
1072 1957 1138 1990 Th.

464 2011 633 2045 Mamilio.

1256 1547 1288 1568 2.
1309 1536 1403 1567 Liber
1421 1535 1510 1567 Immo
1535 1544 1589 1569 est.
1615 1537 1691 1569 Hoc
1713 1544 1785 1578 est,
1802 1537 1876 1571 sine

1200 1588 1350 1633 negotiis
1383 1585 1395 1627 (
1417 1589 1558 1633 gallice,
1587 1584 1790 1633 clamem-d),
1814 1591 1874 1635 qui

1201 1649 1338 1685 tempus
1357 1641 1437 1673 terit
1456 1641 1491 1673 in
1510 1642 1636 1675 salibus
1653 1642 1874 1688 aspergendis

1200 1706 1303 1738 snper
1316 1693 1384 1726 vile
1396 1701 1493 1726 tuum
1507 1703 1540 1727 et
1552 1695 1740 1728 obscurum
1752 1704 1870 1740 caput.

1201 1745 1403 1791 Videpigr.
1417 1758 1474 1779 ΠΙ
1487 1772 1495 1785 ,
1509 1747 1568 1780 lib.
1588 1748 1619 1779 V
1633 1760 1642 1789 3
1657 1756 1690 1781 et
1703 1760 1778 1781 an
1788 1774 1797 1789 ,
1810 1749 1871 1781 lib.

1200 1799 1280 1831 XII.
1295 1799 1484 1832 liu—Vel
1498 1800 1545 1833 sic
1560 1801 1731 1846 intellige:
1748 1801 1820 1841 Qui
1834 1802 1870 1833 in

1200 1860 1233 1883 te
1248 1851 1333 1885 dicit
1345 1877 1354 1892 7
1374 1852 1480 1895 homo
1497 1861 1547 1886 est
1559 1853 1648 1886 liber
1659 1879 1668 1893 ‚
1684 1853 1720 1886 id
1737 1862 1805 1893 est,
1823 1853 1872 1886 in—

1198 1917 1349 1949 genuus,
1361 1906 1460 1950 cujus
1476 1914 1525 1938 est
1538 1906 1646 1939 libere
1663 1905 1780 1939 dicere
1796 1919 1871 1951 quae

1199 1958 1335 1990 sentiat.
1365 1958 1471 1990 ,Iocus
1502 1966 1551 1991 est
1579 1958 1614 1991 in
1646 1959 1870 2004 ambiguitate

1199 2010 1358 2044 vocabuli
1381 2010 1468 2043 liber.

1047 2147 1281 2203 LXIX.

999 2287 1065 2314 DE
1123 2287 1283 2315 RUFO.
1308 2267 1325 2284 *

531 2396 770 2451 QUICQUID
799 2396 888 2455 agit
916 2393 1083 2449 Rufus,
1106 2393 1210 2437 nihil
1242 2405 1305 2438 est
1336 2395 1415 2438 nisi
1441 2396 1590 2439 Naevia
1615 2395 1742 2440 Rufo.

601 2465 644 2508 Si
672 2464 853 2525 gaudet,
877 2465 911 2508 si
937 2464 1034 2520 flet,
1059 2465 1094 2508 si
1118 2474 1253 2521 tac-et,
1282 2466 1395 2509 hanc
1421 2464 1621 2526 loquitur.

513 2584 528 2598 *
541 2586 594 2617 De
613 2586 712 2629 Russo
726 2593 754 2618 el
767 2586 867 2619 Nevia
884 2585 920 2619 in
936 2584 1014 2619 Ald.
1033 2586 1130 2620 Junt.

459 2647 491 2671 et
511 2638 625 2673 Colin.

1250 2599 1280 2620 1.
1299 2587 1424 2630 Ruffizs.
1504 2595 1537 2620 et
1556 2587 1653 2630 Rufsb
1673 2587 1708 2620 in
1726 2586 1859 2620 iisdem.

1248 2653 1278 2672 ει.
1290 2639 1328 2673 St
1340 2648 1429 2672 tacet.
1444 2640 1606 2673 Insanum
1621 2641 1749 2686 quippe
1760 2653 1860 2674 suum
