2061 3288
423 218 518 280 392
806 220 869 263 Μ.
892 221 1030 264 VAL.
1070 221 1465 266 MARTIALIS

1002 354 1258 410 XVIII.

428 512 495 541 DE
542 510 721 540 PUERO
759 510 858 539 PER
898 509 1130 540 STIRIAM
1168 510 1476 541 CADENTEM
1513 487 1839 556 .IUGUL{ATO.qt

494 636 603 693 QUA
633 636 778 679 vicina
806 632 917 696 pluit
942 633 1150 695 Vipsanis
1177 643 1307 696 porta
1337 632 1575 692 columnis,

562 707 619 750 Et
639 705 786 750 madet
806 704 981 749 assiduo
1002 703 1195 750 lubricus
1217 705 1357 750 imbre
1378 705 1487 767 lapis
1500 741 1511 762 ,

494 777 547 820 In
563 775 765 838 jugulum
789 776 936 838 pueri,
956 775 1031 837 qui
1053 775 1224 821 roscida
1251 775 1413 838 templa
1442 776 1637 833 subibat,

562 847 738 892 Decidit
767 847 967 908 hyberno
995 847 1233 909 praegravis
1261 847 1379 891 unda
1405 845 1505 908 gelu
1528 865 1537 890 :

495 979 550 1030 Ha
570 990 725 1031 πυλεὼν
746 988 892 1039 ςαλοὶει
912 985 1099 1046 Βιψανοῖς
1121 988 1226 1032 κίοσι
1247 987 1389 1050 γείτων
1403 1022 1416 1042 ,

568 1059 652 1103 Καὶ
673 1053 778 1102 δεύει
798 1054 970 1111 ὑανίδως
991 1053 1217 1119 ἐνδελέχεια
1237 1059 1371 1109 λίθους
1386 1093 1396 1111 ,

498 1129 728 1178 Λαυκανίην
753 1132 790 1181 ἐς
813 1125 962 1182 παιδὸς
982 1129 1188 1191 ἀνάκτορα
1211 1130 1359 1184 βάντος
1385 1130 1445 1173 ἀν’
1465 1129 1565 1191 ὑγρὰ

572 1202 810 1262 Χειμερινοῦ
836 1202 997 1261 κρυμοῖ’
1028 1202 1176 1261 ἔμπεσε
1205 1202 1334 1261 τρηχὺ
1360 1202 1519 1260 τρύφος.

479 1335 494 1349 '‘
526 1339 703 1374 Describit
736 1339 977 1374 miserandum
1009 1340 1112 1386 pueri

430 1405 547 1426 casum
578 1393 613 1426 in
639 1394 740 1439 cujus
761 1394 919 1439 jugulum
948 1401 1112 1427 concreta

428 1446 559 1491 frigore
583 1446 710 1480 cecidit
741 1447 860 1487 stiria,
894 1448 993 1491 cujus
1022 1446 1110 1479 acies

431 1512 511 1532 eum
533 1498 674 1533 occidit.
697 1500 765 1533 ΕΒ.
788 1521 840 1526 -—
864 1500 926 1532 Est
947 1499 1030 1533 huic
1053 1512 1111 1544 ge·

431 1552 567 1585 minum
578 1553 789 1598 epigramma
798 1552 858 1585 lib.
873 1553 928 1585 III
937 1577 945 1592 ‚
963 1552 1108 1585 Anthol.

432 1605 547 1638 Flacci
566 1605 748 1650 cujusdam
763 1605 809 1639 de
828 1605 965 1638 Thrace
981 1616 1110 1650 puero,

432 1658 493 1704 qui
508 1671 618 1703 quum
632 1659 669 1691 in
684 1658 804 1692 Hebro
818 1657 975 1697 luderet,
992 1666 1112 1703 rupto-

432 1723 503 1757 que
533 1711 615 1756 gelu
633 1737 642 1753 ,
671 1720 886 1756 mergeretur
913 1711 950 1744 in
980 1723 1110 1756 aquas;

431 1776 541 1809 quum
581 1764 660 1797 imae
695 1772 809 1810 partes
845 1777 943 1810 aquae
976 1764 1112 1809 impetu

432 1818 675 1858 traherentur,
691 1825 796 1863 caput
811 1817 905 1862 quod
922 1817 1113 1862 superemi-

434 1871 538 1904 nebat
549 1870 737 1904 abscissum
751 1878 801 1903 est
814 1870 988 1916 ipsogelu.
1004 1869 1112 1911 Quod

433 1923 646 1969 epigramma
678 1924 910 1957 Germanicus
937 1936 1036 1969 paene
1069 1922 1112 1956 ad

434 1977 580 2009 verbum
602 1977 807 2010 latinissime
832 1977 1018 2010 convertit.
1044 1977 1113 2009 Ra-

434 2032 583 2062 mircsins.

488 2105 539 2109 -—-
563 2083 612 2114 De
629 2096 729 2127 puero
745 2083 849 2127 glacia
865 2084 966 2114 occiso
986 2083 1113 2115 lemma

436 2145 486 2169 est
504 2136 539 2168 in
558 2135 638 2169 Ald.
654 2137 755 2168 Junt.
774 2136 889 2170 Colin.
910 2144 978 2168 etc.

496 2200 525 2221 1.
549 2190 713 2233 l‘ipsaniis
738 2188 819 2233 legit
838 2190 920 2222 Aut.
942 2189 981 2221 cle
1009 2189 1110 2234 [dour.

437 2240 528 2274 Vide
548 2241 592 2275 ad
605 2242 667 2275 lib.
681 2242 699 2274 I
715 2268 724 2283 ‚
744 2241 852 2287 epigr.
875 2253 946 2274 mx.
968 2262 1019 2267 -—
1038 2242 1112 2285 Qua

434 2296 541 2327 vicina
559 2322 568 2335 ,
592 2303 657 2328 etc.
684 2295 827 2328 Portam
855 2295 1032 2340 Capenam
1058 2293 1112 2326 in-

435 2347 551 2392 tellige
566 2373 575 2389 ,
591 2347 636 2381 (le
654 2360 724 2393 qua
737 2346 808 2381 vid.
828 2347 890 2381 lib.
908 2348 977 2386 III,
1000 2347 1110 2392 epigr.

436 2412 556 2441 xum,
578 2413 627 2434 vs.
664 2413 709 2443 13
739 2413 844 2447 quam
873 2413 984 2446 prope
1012 2407 1113 2433 erant

435 2452 678 2498 aquaeductus,
707 2452 802 2487 unde
827 2462 936 2499 guttae
964 2451 1112 2498 grandes

436 2505 666 2551 depluebant.
691 2527 743 2533 -—
764 2506 914 2551 Vipsanis
926 2532 934 2539 .
947 2533 954 2539 .
969 2532 977 2539 .
993 2506 1110 2539 colum-

436 2562 496 2592 nis.
510 2560 558 2591 M.
574 2558 763 2604 Vipsanius
782 2559 954 2605 Agrippa,
969 2557 1112 2592 Caesaris

437 2611 584 2658 Augusti
599 2624 722 2657 gener,
742 2611 925 2645 aedificavit
943 2612 1112 2657 templum

438 2666 473 2697 in
486 2665 656 2698 honorem
668 2665 827 2698 omnium
838 2664 999 2705 deorum,
1017 2663 1110 2709 quod

1170 1339 1356 1386 appellavit
1379 1339 1576 1374 Pantheum
1596 1366 1605 1382 ‚
1639 1338 1846 1385 addiditque

1169 1393 1346 1438 porticum
1381 1393 1553 1426 columnis
1582 1405 1780 1439 suspensam
1811 1401 1845 1425 et

1170 1446 1276 1479 lauris
1307 1445 1570 1487 obumbratam3
1601 1445 1645 1479 de
1674 1458 1743 1492 qua
1764 1444 1845 1479 vide

1168 1498 1229 1532 lib.
1251 1500 1290 1540 I,
1316 1498 1427 1543 epigr.
1452 1511 1537 1539 cm,
1559 1511 1608 1533 VS.
1633 1499 1675 1540 3;
1700 1498 1761 1532 lib.
1784 1499 1820 1531 II
1836 1523 1845 1539 7

1168 1551 1278 1596 epigr.
1300 1563 1380 1592 mv,
1407 1564 1455 1585 vs.
1481 1564 1523 1595 93
1546 1551 1606 1585 lib.
1634 1552 1707 1592 III,
1735 1551 1844 1596 epigr.

1169 1616 1241 1645 mx,
1263 1617 1313 1637 vs.
1343 1616 1370 1636 1.
1400 1605 1484 1649 Ejus
1506 1604 1663 1650 porticus
1685 1604 1846 1637 meminit

1169 1657 1376 1690 Plutarchus
1396 1657 1432 1690 in
1455 1657 1578 1690 Galba.

1226 1724 1257 1743 a.
1281 1710 1445 1743 Labriczts.
1462 1711 1504 1742 In
1526 1722 1597 1755 quo
1617 1722 1677 1755 pes
1700 1709 1772 1742 falli
1795 1709 1846 1742 fa-

1169 1763 1235 1796 cile
1248 1771 1373 1808 potest,
1386 1763 1468 1808 quia
1480 1761 1598 1795 madet
1609 1775 1709 1808 aqua,
1720 1763 1845 1801 imbre,

1169 1816 1275 1861 guttis
1304 1816 1527 1849 stillantibus.
1558 1816 1624 1848 En.
1652 1838 1704 1841 —
1733 1816 1844 1860 Lapis.

1170 1871 1294 1902 Aream
1315 1869 1470 1915 intellige
1489 1867 1664 1914 lapidibus
1683 1876 1823 1901 stratam
1837 1894 1846 1910 ,

1170 1935 1231 1956 seu
1244 1923 1495 1968 pavimentum.

1226 1976 1260 2009 3.
1272 1974 1388 2009 Codd.
1402 1975 1554 2008 Florem.
1572 1982 1605 2007 et
1620 1975 1701 2007 Vat.
1716 1974 1849 2006 hahent

1172 2031 1225 2075 qui
1240 2029 1362 2061 roscida
1382 2029 1495 2072 templa
1511 2027 1635 2059 subibat
1646 2041 1659 2066 ‚·
1679 2035 1713 2059 et
1730 2027 1778 2060 sic
1797 2027 1846 2060 le-

1173 2090 1264 2127 gunt
1277 2080 1357 2114 Ald.
1367 2083 1468 2114 Juut.
1483 2079 1596 2113 Colin.
1609 2080 1747 2125 Gryph.
1766 2080 1848 2113 Pul-

1173 2147 1288 2167 mann.
1318 2134 1460 2167 Junian.
1489 2134 1596 2178 Lang.
1619 2133 1747 2178 Delph.
1779 2141 1846 2166 ete.

1170 2188 1230 2221 alii
1244 2196 1334 2221 tecta.
1353 2210 1405 2214 ——
1424 2186 1561 2219 Roscida
1581 2187 1705 2231 templa.
1723 2186 1851 2219 Trans—

1170 2240 1244 2273 ibat
1263 2253 1349 2286 puer
1365 2252 1427 2286 per
1447 2248 1587 2286 portam
1610 2240 1786 2285 Capenam
1804 2238 1848 2272 ad

1169 2294 1345 2339 porticum
1360 2294 1564 2338 Vipsanam,
1578 2305 1682 2338 quam
1696 2292 1850 2337 appellat

1172 2348 1304 2391 templa,
1326 2345 1424 2392 quod
1441 2346 1490 2379 ita
1509 2354 1681 2379 vocentur
1698 2344 1844 2378 aedificia

1170 2412 1311 2444 magna3
1332 2407 1433 2444 atque
1454 2399 1568 2444 templa
1589 2398 1735 2438 roscida,
1753 2396 1848 2443 quod

1171 2452 1279 2498 guttis
1302 2464 1347 2485 ex
1370 2451 1580 2497 aquaeductu
1601 2450 1848 2497 depluentibus

1171 2505 1269 2551 quasi
1292 2517 1373 2538 rore
1395 2505 1664 2550 inspergeretur.

1227 2562 1261 2598 4.
1278 2558 1430 2603 Iljlwrno
1442 2560 1629 2603 pra’gravis.
1648 2556 1753 2589 Stiria
1767 2568 1848 2588 con-

1171 2619 1266 2644 creta
1284 2620 1317 2644 et
1338 2611 1373 2643 in
1388 2623 1532 2645 acumen
1551 2609 1711 2643 desinens
1727 2635 1736 2651 ,
1753 2607 1846 2654 quod

1170 2664 1330 2708 jugulum
1351 2664 1452 2708 pueri
1471 2663 1651 2696 transfixit.
1672 2661 1738 2695 ΕΙ).
