2061 3288
447 240 1034 283 EPIGRAMMATUM
1069 239 1193 282 LIB.
1234 241 1318 282 IV.

1490 244 1590 302 429

386 329 444 371 Et
472 328 583 389 nigri
612 329 720 388 Syra
743 327 903 371 defruti
925 325 1077 388 lagena
1094 361 1105 381 ,

388 400 443 442 Et
471 398 580 443 ficus
607 398 772 459 Libyca
796 397 935 459 gelata
964 406 1097 452 testa,

389 471 503 513 Cum
534 468 700 525 bulbis,
723 468 1020 529 cochleisque,
1041 484 1266 529 caseoque.

178 586 264 607 uum
276 573 416 606 suillum
431 572 548 606 frustis
560 572 716 617 porcinae
728 572 854 614 carnis,

177 628 298 672 pipere
317 635 350 659 et
367 625 441 658 aliis
457 626 639 672 saporibus
655 625 852 660 conditum.

177 679 262 714 Vid.
280 680 342 714 lib.
364 680 470 719 XIII,
489 679 597 725 epigr.
620 691 722 712 xxxv.
746 677 853 720 Quod

177 733 367 766 farciminis
402 745 536 778 genus,
565 734 685 764 isicium
713 744 853 778 quoque

177 786 330 825 (lictum,
351 786 479 819 milites
503 797 522 817 a
543 785 692 818 Lucanis
718 784 853 819 didice-

177 848 275 877 runt,
297 848 335 873 ut
357 840 472 872 Varro
499 838 620 872 scribit
639 839 700 872 lib.
721 839 787 880 IV,
808 837 852 872 de

177 895 218 927 L.
247 895 287 927 L.
315 911 328 923 «ι
347 891 559 926 Lucanicain
586 890 732 933 dicunt,
756 891 851 938 quod

176 947 302 981 milites
329 959 347 979 a
372 945 524 979 Lucanis
548 943 768 987 didicerunt,
791 946 852 991 qui

176 1009 209 1034 et
239 1012 257 1033 a
289 1000 429 1033 Faliscis
454 1005 626 1031 ventrem.
653 1016 665 1027 ιι
699 998 792 1032 Vide
818 1008 851 1032 et

175 1054 401 1091 Afflaeneurn,
424 1053 484 1085 lib.
517 1051 591 1090 IX,
617 1063 693 1096 cap.
720 1053 751 1085 5.
779 1053 851 1086 Lu-

175 1107 251 1139 cani
281 1114 362 1139 sunt
390 1107 498 1139 Itaiiae
518 1104 667 1153 populi,
700 1118 850 1151 quorum

174 1160 270 1205 regio
287 1172 381 1193 nunc
402 1169 549 1195 vocatur
573 1158 765 1192 Basilicam·
783 1160 849 1192 ED-

175 1235 226 1240 -
248 1214 364 1245 Ventri·
379 1227 446 1246 eccm
460 1214 603 1247 Falisco.
623 1213 712 1244 Cum
730 1221 852 1246 ventre

175 1267 320 1311 porcino
347 1267 451 1300 certis
479 1265 593 1299 modis
622 1264 789 1306 condito,
818 1275 852 1299 et

174 1320 414 1353 farciminibus
428 1328 612 1365 turgente3
629 1319 675 1352 ita
688 1328 850 1352 vocatum

174 1381 225 1406 est
249 1373 316 1406 hoc
346 1373 485 1417 opsonii
512 1385 620 1418 genus
645 1384 664 1404 a
686 1372 849 1414 Faliscis,

172 1437 192 1458 a
214 1426 342 1471 quibus
369 1426 496 1459 milites
520 1426 588 1458 hoc
616 1435 821 1470 acceperant
842 1453 850 1467 ,

174 1487 259 1512 teste
270 1480 449 1518 Varrone,
463 1479 539 1512 loco
557 1491 635 1524 sup.
652 1478 768 1511 citato.
785 1479 848 1511 Fa-

174 1532 336 1565 liscorum
363 1533 446 1565 urbs
468 1532 633 1578 primaria
654 1532 823 1565 Faliscum
840 1559 849 1574 ‚

172 1585 245 1618 sive
262 1585 412 1625 Falisca,
431 1598 525 1618 nunc
551 1585 679 1619 Galese.

228 1653 261 1681 9.
291 1638 499 1671 Rex-erlandi
525 1638 601 1671 MS.
626 1639 763 1681 dest-icti.
804 1659 842 1664 -

174 1692 222 1723 Jz't
235 1693 322 1735 nigri
333 1691 426 1725 Sira.
442 1692 526 1736 Syra
540 1692 658 1736 lagena
672 1718 681 1733 ,
695 1691 762 1723 hoc
778 1699 828 1724 est
839 1717 848 1731 ,

173 1745 307 1786 vitrea,
336 1745 417 1790 quia
445 1745 574 1777 vitrum
604 1743 640 1777 in
668 1744 768 1788 Syria
795 1744 849 1776 in-

173 1806 316 1830 ventum
328 1824 337 1838 ,
357 1806 442 1830 teste
463 1798 578 1830 Plinio
590 1823 599 1838 ,
617 1797 678 1829 lib.
702 1796 824 1829 XXXI
841 1823 849 1837 ,

172 1863 246 1896 cap.
269 1853 326 1883 26.
342 1851 513 1893 Defrutum
533 1863 616 1883 vero
637 1849 846 1887 Columella,

175 1904 264 1936 libro
284 1904 374 1943 XII,
391 1905 504 1949 capite
527 1916 543 1936 2
556 1915 569 1935 1
587 1929 595 1943 ,
611 1903 659 1936 sic
677 1902 848 1948 explicat:

175 1975 188 1986 a
202 1957 356 1990 Mustum
373 1969 478 2002 quam
493 1955 731 1990 dulcissimum
749 1955 850 1989 deco-

172 2011 292 2055 quitur
308 2009 351 2043 ad
370 2010 488 2043 tertias
508 2018 541 2043 et
560 2009 766 2047 decoctum,
783 2010 847 2042 sic-

174 2072 210 2095 ut
228 2076 331 2108 supra
348 2062 419 2095 dixi
436 2089 445 2103 ,
465 2062 648 2096 defrutum
664 2070 819 2096 vocatur.
831 2080 843 2091 ιι

173 2115 272 2148 Idem
290 2115 376 2149 dicit
400 2116 531 2149 Plinius
543 2143 551 2157 ,
571 2116 633 2149 lib.
649 2116 748 2156 XIV,
765 2128 794 2148 c.
813 2129 847 2160 9.

230 2182 287 2202 10.
317 2168 459 2213 Etficus
486 2169 614 2211 Liby-cce
642 2168 722 2202 Ald.
749 2169 849 2202 Junt.

174 2222 289 2255 Coliu.
316 2230 382 2255 etc.
402 2222 516 2254 collata
538 2230 615 2254 testa
641 2218 850 2254 Beverlandi

174 2274 247 2307 MS.
262 2295 313 2301 —
333 2274 474 2319 Etficus
495 2275 613 2321 Libyca
629 2301 637 2315 ,
663 2282 727 2307 etc.
749 2275 850 2307 Ficus

173 2327 318 2360 hiberna
341 2328 516 2361 Africana.
539 2328 624 2360 Aliae
653 2336 733 2360 sunt
758 2328 851 2360 enini

172 2380 258 2413 ficus
276 2380 452 2421 hibernae,
473 2381 548 2413 aliae
577 2379 712 2414 aestivae.
731 2381 782 2413 De
811 2380 851 2412 fi-

172 2434 280 2466 cubus
299 2433 441 2478 Libycis
468 2433 625 2466 hibernis
644 2433 771 2466 scitum
790 2441 853 2474 est,

172 2498 189 2517 a
212 2485 344 2519 Catone
362 2487 530 2529 Africanis
549 2487 728 2532 appellatis
741 2512 750 2527 ,
769 2498 849 2531 quae

172 2553 271 2573 causa
300 2540 448 2573 fuerunt
477 2540 559 2572 belli
588 2539 709 2572 Punici
742 2539 848 2571 tertii.

173 2594 225 2625 Dc
255 2593 427 2626 Maesianis
458 2591 632 2626 videndus
660 2592 750 2625 Plin.
784 2591 848 2624 lib.

173 2647 259 2689 XV,
285 2659 358 2692 cap.
391 2646 441 2679 18.
471 2645 571 2679 Ficus
601 2646 740 2691 Libycae
764 2653 849 2678 testa

912 570 1248 613 condebantur;lib.
1268 572 1334 604 VII
1349 598 1356 605 .
1374 573 1483 619 epigr.
1497 587 1565 608 Lnt
1581 602 1589 614 ,

914 638 963 658 vs.
989 626 1009 658 8
1035 637 1044 658 ε
1075 641 1089 654 α
1108 625 1152 658 Et
1173 625 1315 671 Libycae
1343 625 1400 659 fici
1429 626 1587 672 pondere

914 686 999 711 testa
1017 679 1142 723 gravis.
1165 696 1178 707 ιι
1202 678 1300 712 Sicut
1322 679 1439 713 forsan
1459 688 1493 714 et
1512 694 1588 713 oni-

911 743 973 764 nes
1000 739 1132 766 caeterae
1156 743 1164 765 :
1187 730 1269 765 vide
1297 732 1405 778 epigr.
1436 746 1562 767 Lxxxxx
1578 761 1587 772 ,

912 784 995 817 infr.
1017 797 1050 818 v.
1072 787 1092 818 6
1111 797 1120 818 ε
1145 803 1158 814 «ι
1177 785 1408 831 Antipolitani
1427 799 1492 820 nec
1512 799 1590 833 qua*

911 836 955 871 de
986 838 1152 884 sanguine
1181 838 1308 885 thynni
1332 840 1436 872 Testa
1460 841 1586 879 rubet,

910 903 975 924 nec
986 903 1061 936 quae
1078 900 1222 925 coctana
1235 905 1340 938 parva
1350 893 1451 938 gerit.
1475 909 1489 923 ιι
1506 894 1584 927 Vid.

910 952 944 977 et
966 944 1026 978 lib.
1048 945 1161 983 XIII,
1183 945 1294 991 epigr.
1315 958 1446 981 xxvxu.
1463 946 1589 979 En.—

911 998 1019 1031 Ficus.
1050 998 1170 1040 Quum
1197 999 1251 1031 hae
1274 999 1359 1033 ficus
1381 1012 1506 1045 magno
1528 1001 1588 1033 ha-

909 1051 1077 1084 berentur
1093 1052 1129 1085 in
1151 1052 1285 1098 pretio,
1305 1060 1406 1098 putat
1430 1054 1588 1087 Ramire·

911 1104 981 1137 sius
996 1117 1100 1137 unam
1116 1113 1250 1139 tantum
1272 1107 1410 1139 missam
1425 1106 1563 1140 Sabello
1580 1119 1588 1139 ε

910 1170 1020 1203 quum
1049 1158 1168 1203 plures
1202 1160 1344 1192 xenium
1372 1169 1484 1193 essent
1513 1174 1585 1193 non

909 1211 1207 1245 contemnendum
1231 1220 1265 1245 et
1282 1211 1451 1246 divitibus
1468 1222 1587 1259 patro-

909 1264 963 1296 nis
980 1273 1215 1306 reservatum3
1236 1265 1334 1311 quod
1346 1267 1461 1299 forsan
1481 1268 1589 1300 subti-

908 1317 975 1350 lius
995 1318 1098 1351 nobis
1115 1318 1266 1352 videtur.
1284 1320 1351 1352 ΕΒ.
1375 1341 1428 1345 -—-
1456 1319 1588 1353 Gelam.

909 1370 1068 1403 Gelatam
1098 1370 1183 1405 dicit
1214 1371 1321 1405 ficum
1344 1366 1442 1415 (non
1464 1381 1585 1407 testam

909 1432 947 1456 ut
966 1424 1067 1457 multi
1086 1433 1322 1470 putaverunt,
1337 1427 1496 1460 obstante
1513 1439 1587 1460 me-

909 1474 1010 1518 tro),
1035 1478 1116 1523 quia
1141 1478 1265 1524 stipata
1289 1488 1363 1513 erat
1383 1492 1422 1512 ac
1444 1478 1585 1514 densata

908 1529 993 1563 ficus
1010 1531 1045 1563 in
1069 1539 1154 1564 testa
1175 1531 1245 1577 ipsa
1264 1540 1297 1565 et
1317 1531 1479 1567 adstricta
1499 1546 1585 1579 quo-

907 1582 987 1616 dam
1011 1583 1151 1617 roscido
1176 1585 1344 1622 humore,
1368 1586 1429 1631 qui
1450 1599 1491 1620 ex
1513 1586 1585 1620 ficu

907 1637 1051 1670 emissus
1080 1637 1171 1671 circa
1199 1651 1274 1671 eain
1302 1639 1484 1684 paululum
1519 1639 1586 1673 clu-

907 1690 1075 1724 rescebat.
1105 1691 1172 1723 Er).
1204 1713 1257 1717 —
1284 1692 1352 1724 Alii
1385 1693 1586 1739 intelligunt

906 1744 1046 1787 gelatum
1065 1770 1074 1783 ,
1110 1743 1206 1789 quod
1237 1752 1396 1790 tempore
1435 1747 1586 1779 brumali

911 1796 1013 1845 missa
1039 1797 1160 1830 fuisset
1193 1797 1299 1840 ficus3
1322 1799 1380 1832 alii
1413 1799 1512 1844 quod
1543 1801 1585 1833 fi-

910 1861 1014 1881 cuum
1037 1858 1155 1883 cortex
1182 1859 1270 1883 esset
1296 1860 1392 1885 tactu
1414 1851 1585 1897 frigidus3

910 1901 967 1934 alii
987 1901 1128 1935 tandein
1143 1925 1152 1941 ,
1173 1902 1234 1936 sed
1258 1912 1352 1937 certe
1375 1917 1559 1950 perperam
1575 1932 1585 1947 ,

910 1963 1019 1987 testam
1041 1955 1241 2001 intelligunt
1262 1955 1390 1990 durum
1413 1958 1498 1991 ficus
1526 1972 1584 1992 co-

908 2008 1012 2042 rium.
1030 2007 1172 2042 Judicet
1184 2010 1314 2052 lector,
1330 2019 1364 2044 et
1379 2011 1406 2044 si
1423 2019 1581 2045 nostruin

908 2074 1049 2094 sensum
1080 2061 1278 2106 adoptavit,
1307 2063 1423 2097 videat
1443 2065 1477 2096 J.
1500 2065 1583 2098 Bar-

908 2115 987 2148 ‹·laii
1009 2115 1241 2160 Argenidem,
1262 2116 1323 2150 lib.
1346 2118 1392 2159 V,
1411 2116 1454 2150 (le
1475 2119 1582 2152 artifi-

908 2167 999 2201 ciosa
1014 2169 1149 2202 ratione
1169 2169 1306 2214 gelandj
1330 2170 1508 2216 glacieque
1529 2173 1582 2205 in-

909 2220 1085 2255 crustandi
1102 2235 1207 2267 poma
1225 2223 1260 2255 in
1281 2224 1408 2257 Africa.

968 2287 981 2307 1
996 2286 1025 2307 1.
1040 2275 1152 2307 Bulhis
1163 2302 1172 2315 ‚
1183 2284 1249 2309 etc.
1264 2276 1369 2309 Bulbi
1381 2290 1487 2323 coepae
1503 2288 1584 2312 sunt

912 2324 1074 2371 (gallice,
1093 2329 1146 2360 des
1155 2327 1319 2373 oignons),
1337 2330 1486 2364 maxime
1502 2332 1582 2364 her-

910 2381 1056 2421 barum,
1079 2393 1229 2426 quarum
1258 2381 1394 2416 radices
1421 2383 1583 2418 rotunda}

912 2441 946 2465 et
971 2433 1155 2475 tunicatae,
1181 2443 1222 2467 ut
1248 2434 1428 2478 liliorum,
1456 2438 1582 2483 tuIIpa-

908 2499 987 2519 rum
1004 2511 1014 2527 ,
1038 2494 1104 2520 etc.
1132 2487 1219 2520 Sunt
1244 2489 1348 2521 etiam
1365 2502 1472 2535 coepae
1489 2504 1582 2536 quae-

911 2538 991 2571 dam
1012 2540 1202 2573 Ascaloniae
1217 2538 1372 2586 (gallice,
1390 2543 1443 2576 des
1458 2544 1583 2576 e‘clmlo-

912 2586 976 2634 κω)
991 2591 1103 2626 dictae.
1123 2593 1268 2627 Coclzleoe
1287 2604 1367 2628 sunt
1382 2597 1526 2641 proprie
1546 2597 1584 2629 li·

914 2658 1023 2679 maces
1044 2655 1129 2679 testa
1144 2646 1297 2681 inclusae.
1312 2671 1362 2675 —-
1375 2650 1485 2683 Erant
1502 2650 1587 2682 balla·
