2061 3288
473 219 1057 263 EPIGRAMMATUM
1095 219 1222 262 LIB.
1262 220 1296 262 I.
1527 219 1590 281 (37

316 306 489 352 Gaudia
514 323 603 350 non
630 316 878 362 remanent,
905 306 980 351 sed
1006 306 1191 367 fugitiva
1218 304 1383 350 volant.

244 381 349 423 Haec
379 388 563 438 utraque
594 393 752 433 manu7
778 377 1096 439 complexuque
1126 377 1279 421 adsere
1310 387 1434 422 toto:

311 451 435 510 Saepe
463 449 608 492 fluunt
637 450 724 492 imo
751 449 811 492 sie
840 465 1013 509 quoque
1042 447 1160 509 lapsa
1193 449 1304 492 sinu.

243 520 346 564 Non
373 530 464 576 est,
489 519 618 563 crede
647 519 775 575 mihi,
802 520 1010 581 sapientis
1038 519 1206 581 dicere,
1227 520 1402 562 Vivam.

312 592 418 635 Sera
448 591 576 635 nimis
606 591 696 634 vita
725 600 791 634 est
821 591 1009 635 crastina
1035 606 1044 634 :
1070 590 1171 634 vive
1198 589 1342 634 hodie.

227 726 262 760 8.
286 724 356 758 Alii
372 751 381 767 ‚
403 733 443 759 ut
469 723 549 758 Ald.
582 725 682 759 Junt.
715 725 855 771 Gryph.
915 723 1010 758 enim
1029 724 1067 757 in
1087 723 1286 757 libertatem
1305 722 1506 769 quempiam
1523 724 1603 757 vin-

172 778 286 812 Pulm.
305 778 428 824 legunt
443 786 597 820 remeant,
615 779 704 812 forte
720 791 761 812 ex
780 778 856 811 Ηο-
914 776 1064 811 dicaturi
1077 803 1086 819 ,
1100 790 1206 811 manu
1221 776 1442 823 prendebant
1461 775 1598 810 adsere-

172 832 308 864 ratiano
334 832 396 865 illo
415 843 424 865 z
449 849 463 861 «x
488 831 543 865 Sic
561 832 666 865 semel
688 831 853 865 emissum
914 832 1092 875 bamque,
1117 829 1250 875 adjecta
1273 830 1338 864 hac
1359 842 1444 863 voce
1463 841 1472 863 :
1497 830 1590 863 Ilum

170 885 265 918 volat
299 885 529 918 irrevocabile
556 885 704 918 verbum
731 902 762 917 n.
798 884 856 918 Sic
915 884 1041 917 liberali
1057 897 1154 917 causa
1170 896 1264 916 manu
1282 883 1404 917 adsero.
1427 881 1516 916 Rad.

170 937 337 982 gaudium
367 939 475 971 semel
502 938 670 971 omissum
702 950 774 971 non
801 950 855 971 re·
974 949 1030 971 10.
1052 937 1145 983 Saepe
1159 937 1273 982 fluunt
1298 939 1410 976 immo,
1435 936 1471 969 in
1495 936 1596 970 Junt.

170 1000 282 1033 meat,
304 989 365 1024 sed
383 992 477 1025 volat
495 991 694 1036 fugitivum.
915 991 1100 1024 manifesto
1134 1002 1267 1023 errore.
1297 1011 1350 1017 —-
1378 989 1433 1024 Sic
1464 1002 1596 1036 quoque.

225 1057 259 1088 9.
289 1043 520 1091 Comple.1·uque
536 1072 544 1084 ,
578 1053 646 1078 etc.
676 1042 851 1086 Vindica,
911 1043 1058 1077 Etiamsi
1082 1055 1226 1076 manum
1252 1043 1390 1077 fortiter
1412 1042 1596 1088 injeceris,

170 1097 303 1142 supinis
327 1098 490 1132 manibus
506 1097 625 1143 accipe
641 1124 650 1139 ‚
667 1097 780 1131 obviis
797 1097 852 1130 ul-
911 1109 1004 1142 saepe
1019 1095 1199 1130 excidunt.
1218 1096 1287 1130 ΕΙ).

170 1150 225 1183 nis
243 1152 463 1197 amplectere.
482 1151 679 1184 —Adsem
702 1149 757 1183 Ad
779 1150 852 1184 for·
970 1161 1028 1183 12.
1058 1150 1137 1182 Vive
1161 1149 1263 1183 hodie.
1291 1149 1369 1183 Hoc
1392 1156 1466 1191 est,
1491 1148 1593 1183 volu-

172 1203 301 1237 mulam
329 1203 513 1239 adserendi
541 1203 676 1238 alludit.
703 1204 852 1237 Veteres
911 1203 1066 1248 ptatibus
1084 1203 1212 1237 fruere.

770 1314 990 1372 XVII.

342 1467 411 1495 AD
453 1466 687 1508 AVITUM,
726 1466 791 1495 DE
829 1464 945 1495 SUlS
983 1462 1424 1493 EPIGRAMMATIS.

241 1588 367 1631 SUNT
391 1587 529 1641 bona,
551 1596 652 1631 sunt
672 1586 868 1648 quaedam
891 1585 1151 1640 mediocria,
1176 1593 1278 1628 sunt
1299 1581 1414 1627 mala
1437 1581 1589 1644 plura,

312 1658 422 1714 Quae
443 1657 550 1719 legis
573 1658 644 1703 hic
669 1674 677 1701 ε
702 1657 828 1702 aliter
847 1674 936 1701 non
960 1656 1032 1713 fit,
1053 1657 1201 1711 Avite‚
1226 1653 1349 1699 liber.

228 1805 262 1825 2.
292 1791 384 1825 Male
415 1791 679 1837 interpungitur
705 1791 744 1824 in
772 1790 851 1825 edd.
913 1791 1024 1824 multa
1045 1789 1242 1823 contineat:
1261 1801 1335 1822 non
1351 1796 1502 1834 possunt
1517 1801 1594 1822 om-

171 1853 273 1879 vettt.
300 1853 374 1877 sunt
394 1845 477 1877 mala
501 1845 597 1890 plura
610 1871 619 1885 ‚
646 1845 729 1889 Quae
749 1845 826 1888 legis
840 1857 853 1884 ;
912 1844 971 1877 nia
985 1855 1057 1876 esse
1073 1841 1319 1888 optima.Vid.
1331 1842 1394 1876 lib.
1411 1842 1468 1883 II,
1482 1842 1593 1887 epigr.

172 1898 222 1930 laic
235 1899 346 1938 aliter,
367 1906 432 1931 etc.
453 1919 504 1924 -—
518 1897 647 1943 Nonfit
666 1898 754 1930 liber.
768 1897 852 1930 Non
912 1909 984 1930 v111
999 1896 1081 1938 ;lib.
1094 1897 1165 1929 VII
1176 1922 1185 1937 ,
1199 1895 1307 1941 epigr.
1323 1906 1416 1929 Lxxx
1427 1920 1436 1937 ,
1454 1895 1516 1928 ubi
1536 1907 1593 1928 ea-

172 1959 286 1996 potest
310 1950 347 1984 id
366 1964 438 1985 non
460 1951 603 1985 evenire
626 1951 663 1984 in
679 1951 772 1984 libro
791 1949 852 1996 qui
913 1948 994 1983 dem
1015 1949 1088 1983 fere
1108 1948 1292 1983 sententia.

768 2071 1001 2130 XVIII.

741 2216 809 2245 AD
846 2215 1035 2245 TITUM.

386 2313 548 2356 Coenr
581 2327 651 2355 me
672 2311 794 2355 Titus
825 2313 1006 2355 actitare
1032 2326 1210 2366 causas,

385 2384 444 2425 Et
473 2381 577 2426 dicit
606 2381 714 2425 mihi
743 2398 879 2442 saepe,
908 2382 1073 2442 Magna
1102 2397 1171 2425 res
1198 2389 1278 2424 est.

386 2454 475 2496 Res
504 2468 665 2513 magna
693 2461 780 2506 est,
802 2453 922 2509 Tite,
949 2467 1080 2512 quam
1106 2451 1212 2496 facit
1240 2448 1436 2495 colonus.

233 2587 266 2621 3.
287 2587 356 2619 Alii
381 2586 477 2619 hunc
499 2597 639 2619 versum
664 2585 861 2630 interroga·
920 2597 974 2618 res
990 2597 1113 2629 magna
1128 2592 1196 2626 est,
1214 2596 1319 2630 quam
1333 2583 1410 2629 quis
1426 2583 1468 2616 ab
1483 2590 1596 2616 aratro

180 2640 268 2673 torie
300 2640 444 2684 legunt,
469 2639 566 2684 quasi
597 2637 691 2672 dicat
717 2651 724 2671 :
751 2639 862 2672 Illane
921 2645 1119 2683 protractus
1148 2649 1309 2672 exercere
1339 2636 1466 2682 possit,
1493 2649 1511 2668 e
1541 2648 1598 2669 ro-

1374 2706 1429 2752 52
