2061 3288
415 248 1002 293 EPIGRAMMATUM
1040 250 1166 293 Llss.
1207 251 1302 294 III.

1471 250 1567 297 355

226 338 530 398 Exciduntque
561 354 734 392 senem,
758 337 936 398 spondae
964 338 1037 398 qui
1068 347 1190 398 parte
1215 339 1409 398 jacebat3

296 410 498 469 Namque
525 424 635 469 puer
662 407 809 469 pluteo
835 408 1005 453 vindice
1035 418 1154 452 tutus
1182 419 1287 453 crat.
1539 441 1570 456 ,ἢ

227 475 504 541 Suppositam
520 515 531 536 ‚
554 479 670 523 fama
693 489 782 535 cst,
802 479 1024 540 quondam
1051 496 1132 540 pro
1157 481 1323 542 virgine
1348 498 1546 539 cervam3

295 553 353 594 At
377 567 495 594 nunc
518 567 599 611 pro
626 567 757 594 cervo
780 549 974 594 mentula
996 551 1222 611 supposita
1245 561 1321 596 est.

210 684 330 729 9.Cum
338 692 431 729 parte
441 685 529 718 inest
540 683 747 718 Beverlandi
758 683 832 717 MS.

212 749 269 771 10.
306 738 451 784 Namque
477 751 558 783 puer
582 738 702 783 pluteo,
737 737 835 771 Lecti

156 790 227 825 duo
252 799 351 824 erant
374 791 480 824 latera
496 817 505 831 ,
534 790 687 824 exterius
713 790 836 835 sponda

154 844 357 885 vocabatur,
368 844 518 878 interius
530 856 630 885 vero,
642 856 762 877 versus
772 856 834 890 pa-

154 898 299 939 rietem,
312 898 439 943 pluteus
463 895 656 931 dicebatur.
680 897 835 931 Achillas

154 963 240 984 vero
269 950 378 985 Gallis
407 949 543 984 dixerat
568 959 666 996 parte
693 949 835 996 spondae

155 1004 363 1038 cubiturum
381 1016 416 1037 se
431 1027 441 1044 ‚
461 1016 570 1049 quum
587 1005 622 1037 in
644 1004 765 1049 pluteo
783 1016 836 1037 es·

155 1065 207 1091 set
223 1056 441 1091 dormiturus
457 1065 552 1091 tutus
569 1057 612 1090 ab
629 1056 771 1091 illorum
786 1057 837 1090 in-

152 1110 258 1156 juria.

213 1176 228 1196 1
241 1176 273 1197 1.
295 1163 463 1208 Quondam
475 1164 570 1206 sama
589 1172 635 1196 est
650 1165 836 1198 Beverlan·

156 1214 193 1249 di
213 1216 413 1249 MS.—Pro
428 1219 554 1261 virgine
571 1230 704 1251 cervam.
721 1217 837 1251 Notis-

158 1270 244 1304 sima
266 1278 317 1303 est
337 1269 484 1303 historia
498 1269 709 1315 Iphigeniae,
731 1283 837 1316 quam

159 1323 196 1356 in
217 1321 347 1356 Aulide
365 1323 551 1356 immolare
570 1330 669 1369 pater
689 1326 837 1369 Agame-

157 1388 268 1409 mnon
287 1376 432 1421 parabat
445 1401 455 1416 ‚
479 1389 589 1422 quum
609 1389 627 1410 a
645 1377 756 1410 Diana
773 1377 839 1410 fuit

156 1437 257 1475 rapta
269 1456 278 1471 ,
295 1437 330 1462 et
344 1430 421 1475 ejus
439 1430 516 1463 loco
533 1441 633 1463 cerva
644 1430 837 1476 supposita,

157 1495 263 1528 quam
289 1482 403 1516 Graeci
429 1482 536 1516 duces
560 1496 626 1529 pro
653 1483 837 1529 Iphigenia

158 1535 399 1569 immolarunt.
418 1535 568 1577 Ovidio,
587 1537 811 1570 Metam.XII
827 1549 836 1570 ε

163 1606 177 1618 «
198 1587 385 1634 Supposita
407 1589 519 1623 fertur
538 1597 688 1624 mutasse
718 1591 838 1635 Myce-

160 1640 245 1675 nida
264 1654 374 1675 cerva.
399 1659 412 1672 n

953 696 1007 717 12.
1028 685 1079 717 At
1106 697 1188 717 nunc
1205 698 1266 730 pro
1282 698 1402 730 puero,
1427 688 1463 720 in
1493 688 1571 721 edd.

893 745 979 770 vett.
998 759 1050 763 —
1073 737 1183 771 Cei-4¹0.
1201 738 1305 772 Cervi
1322 752 1342 773 a
1364 739 1496 785 pedum
1514 755 1574 775 ve-

893 790 1033 824 locitate
1067 789 1278 825 dicebantur
1305 793 1396 827 servi
1423 806 1576 840 nequam

894 851 929 876 et
945 843 1083 889 fugitivi
1098 871 1107 885 ‚
1126 844 1237 890 qualis
1249 845 1317 879 fuit
1333 846 1391 880 hic
1410 848 1574 883 Achillas.

894 895 988 930 Vide
1003 897 1079 931 Pet.
1101 898 1299 941 Crinitum,
1318 899 1380 934 lib.
1402 901 1509 940 XIX,
1532 901 1575 935 de

894 950 1040 983 Honest.
1064 950 1208 997 Discipl.
1235 964 1312 997 cap.
1346 954 1393 996 8;
1427 962 1461 988 et
1482 954 1573 988 Lud.

895 1004 1042 1037 Caelium
1058 1029 1068 1045 ‚
1089 1003 1152 1039 lib.
1179 1005 1296 1047 XIII,
1321 1019 1396 1052 cap.
1436 1006 1492 1041 15.
1522 1024 1575 1030 -—

895 1057 1015 1098 Quum
1035 1066 1151 1091 autem
1170 1057 1344 1093 editiones
1360 1068 1496 1094 veteres
1514 1061 1577 1095 ha-

894 1111 1001 1144 beant
1021 1124 1083 1155 on
1105 1125 1224 1156 puel-o,
1257 1125 1320 1158 ego
1349 1113 1398 1147 sic
1424 1114 1577 1159 legerem

895 1177 975 1197 cum
999 1164 1193 1198 Ramiresio
1214 1164 1368 1200 libenter
1385 1179 1393 1200 :
1411 1167 1577 1201 antithesi

895 1218 988 1250 salva
1007 1217 1100 1250 inter
1116 1221 1243 1263 wirgine
1257 1227 1291 1252 et
1304 1232 1415 1264 puero.
1435 1220 1502 1253 Eo.
1525 1243 1578 1249 -—

896 1271 964 1304 Pro
983 1284 1081 1303 cert-0.
1104 1271 1230 1305 Servos
1248 1273 1397 1318 Antiqui
1421 1269 1576 1319 appella-

896 1331 980 1356 runt
997 1337 1115 1363 cert·os;
1129 1325 1251 1358 Festus
1268 1326 1305 1358 in
1322 1338 1409 1359 voce
1422 1340 1578 1361 servorum

897 1377 974 1410 dies.
989 1378 1057 1410 Alii
1069 1378 1188 1423 legunt
1200 1391 1262 1423 pro
1274 1392 1385 1424 puero.
1400 1378 1469 1413 Sed
1481 1381 1580 1426 prior

897 1431 1003 1463 lectio
1016 1430 1157 1464 videtur
1174 1431 1309 1473 melior,
1324 1441 1472 1478 propter
1486 1434 1580 1467 simi-

897 1482 1085 1517 litudinem
1112 1496 1193 1518 cum
1218 1484 1432 1530 praecedenti
1462 1500 1579 1520 versu.

898 1538 979 1570 Non
996 1537 1144 1571 mirarer
1163 1547 1317 1572 mentem
1333 1539 1452 1572 Nostri
1473 1540 1578 1574 fuisse

899 1591 1106 1636 simpliciter
1132 1604 1242 1631 sel't'05
1264 1592 1347 1625 hinc
1369 1601 1506 1626 tantum
1529 1594 1579 1627 fe-

899 1644 1015 1678 riente
1033 1657 1131 1678 aures
1153 1645 1394 1690 ambiguitate.
1412 1647 1478 1679 Ex).

766 1777 968 1836 XCII.

680 1935 748 1962 AD
800 1935 1052 1963 GALLUM.

233 2062 306 2106 UT
330 2062 471 2122 patiar
499 2060 720 2104 moechum
738 2095 748 2115 ‚
774 2071 900 2121 rogat
925 2076 1060 2112 uxor,
1083 2060 1229 2117 Galle3
1254 2063 1329 2106 sed
1358 2080 1492 2108 unuin
1516 2084 1525 2108 .-

303 2133 420 2176 Huic
443 2148 545 2192 ego,
567 2147 656 2174 non
677 2129 827 2175 oculos
851 2147 980 2187 eruo,
1003 2131 1150 2189 Galle,
1173 2132 1312 2177 duos?

220 2276 251 2298 1.
268 2263 456 2297 Pulmanni
477 2263 588 2297 codex
604 2263 729 2303 habet‚
748 2272 843 2307 rogat

165 2331 246 2351 nator
276 2317 389 2352 Galla.
419 2316 593 2350 Caeterum
619 2317 709 2349 male
733 2316 841 2350 inter-

164 2371 337 2417 pungitur
366 2370 403 2403 in
431 2368 512 2402 edd.
544 2378 628 2403 vett.
665 2370 721 2402 sed
748 2382 841 2402 unum

165 2425 254 2457 Huic
271 2437 350 2469 ego,
380 2435 441 2456 non
467 2423 572 2455 oculos
596 2436 690 2463 eruo,
721 2422 839 2462 Galle,

165 2478 255 2510 duos.
280 2499 332 2503 -—
365 2476 410 2509 Ut
423 2479 556 2520 patiar,
585 2484 649 2509 etc.
674 2476 725 2508 De
746 2488 844 2509 more

167 2531 294 2564 saeculi.
312 2530 457 2564 Seneca,
480 2528 523 2562 de
543 2529 660 2562 Benef.
684 2529 743 2561 lib.
764 2530 818 2561 III
832 2554 842 2569 ‚

168 2596 242 2628 cap.
264 2586 307 2617 16
324 2596 332 2616 :
355 2600 367 2612 α
384 2582 559 2615 Infrunita
574 2582 760 2627 etantiqua
777 2591 844 2622 est,

169 2649 245 2681 quae
274 2643 403 2669 neselat
435 2643 698 2668 matrimonium
728 2647 847 2668 vocari

170 2688 276 2723 unius
300 2688 526 2722 adulterium.
551 2706 564 2717 n
596 2688 767 2721 Hel-aldus.
791 2688 847 2721 Sic

900 2263 1086 2298 videbatur
1107 2278 1196 2297 uxor
1215 2274 1333 2311 petere
1353 2268 1449 2312 quasi
1471 2269 1580 2304 hone-

900 2326 971 2358 sta,
991 2329 1099 2362 quum
1124 2319 1268 2352 unicum
1293 2319 1491 2354 adulterum
1519 2336 1580 2368 pe-

901 2379 1009 2411 teret⁷
1039 2371 1136 2416 quod
1165 2381 1238 2405 erat
1267 2373 1375 2406 veluti
1400 2376 1581 2409 matrimo-

902 2423 1012 2456 nium.
1035 2425 1187 2457 Ranzires.
1214 2446 1266 2451 -—
1293 2426 1449 2460 flIoeclmm
1475 2442 1580 2463 rmum.

902 2475 988 2509 Vid.
1009 2476 1070 2509 lib.
1089 2478 1141 2509 VI
1154 2503 1164 2515 ,
1184 2478 1292 2524 epigr.
1307 2492 1367 2521 xc,
1384 2481 1443 2513 ubi
1458 2481 1579 2515 cadem

902 2530 973 2563 fere
995 2530 1184 2564 antithesis.

961 2596 991 2615 2.
1016 2583 1133 2616 Oculos
1155 2584 1242 2617 duos.
1266 2585 1348 2618 Yid.
1365 2587 1426 2619 lib.
1450 2589 1466 2619 I
1481 2613 1489 2628 ‚
1511 2589 1580 2633 epi-

905 2648 1048 2679 gramm.
1070 2649 1159 2669 xcm
1173 2663 1182 2677 ‚
1203 2650 1233 2670 v,
1264 2650 1276 2671 1
1290 2652 1321 2672 2.
1339 2639 1445 2673 Ludit
1465 2650 1580 2675 autem

908 2689 944 2721 in
963 2691 1080 2723 auxesi
1100 2691 1140 2723 ab
1161 2704 1221 2723 mm
1243 2690 1285 2723 311
1306 2693 1393 2725 duos.

1286 2763 1307 2778 s)
1327 2763 1336 2778 2

1250 2781 1272 2806 2
1285 2780 1310 2807 ἃ
