2061 3288
459 223 556 269 206

830 225 891 267 M.
918 225 1059 267 VAL.
1092 226 1486 269 MARTIALIS

529 310 720 356 Subdola
745 312 986 356 tenduntur
1011 313 1164 356 crassis
1187 312 1319 357 modo
1343 314 1448 356 retia
1473 313 1609 358 turdis
1632 332 1640 356 :

599 385 766 427 Hamus
792 393 835 426 et
856 384 899 426 in
922 381 1105 427 mullum
1129 384 1317 427 mittitur
1338 394 1466 444 atque
1487 383 1650 446 lupum.

529 453 715 498 Caecuba
740 463 988 510 saccentur,
1009 470 1191 515 quaeque
1212 470 1352 498 annus
1375 455 1490 499 coxit
1513 456 1661 516 Opimi
1685 473 1692 498 ε

600 525 860 569 Condantur
889 541 1023 586 parco
1053 524 1175 569 fusca
1201 524 1383 568 Falerna
1406 526 1534 570 vitro.

532 598 699 640 Omnes
721 594 969 657 Tongilium
994 595 1150 640 medici
1170 596 1336 656 jussere
1362 595 1508 639 lavari.

603 668 643 711 O
667 666 808 720 stulti,
833 667 996 710 febrem
1024 666 1197 711 creditis
1223 663 1336 711 esse!
1364 666 1460 728 gula
1487 676 1561 711 est.

462 806 518 827 me
537 793 692 834 deludit3
713 794 851 827 simulat
871 795 958 827 male
981 807 1015 827 se
1034 794 1139 827 habe-

462 860 517 889 re,
527 856 565 881 ut
573 848 662 880 bene
672 849 871 892 ejusmensa
882 860 916 880 se
927 848 1059 880 habeat.
1072 848 1139 881 En.

519 900 553 934 3.
592 899 800 934 Beverlandi
836 900 911 934 MS.
949 914 1030 933 nunc
1064 902 1142 932 retia

465 954 591 993 turdis;
611 952 707 1000 quod
734 953 818 986 citat
845 954 948 987 etiarn
976 953 1142 987 Pulman-

463 1020 539 1040 nus.
557 1006 649 1040 Edd.
673 1014 757 1040 vett.
778 1007 934 1041 habent:
953 1007 1044 1039 modo
1064 1010 1143 1040 retia

465 1060 577 1094 tardis.
599 1080 651 1086 ——
672 1060 813 1093 Subdola
828 1086 837 1101 ,
861 1069 926 1094 etc.
954 1060 1073 1093 Morbi
1098 1060 1143 1093 si-

465 1114 658 1147 mulatione
679 1114 811 1155 utitur,
833 1113 930 1159 quasi
956 1113 1021 1146 reti
1035 1138 1043 1149 ‚
1071 1126 1142 1158 quo

467 1166 607 1201 delicias
632 1167 769 1208 avium,
792 1167 892 1212 quasi
920 1166 1046 1208 hamo,
1074 1179 1144 1212 quo

466 1220 607 1254 delicias
619 1221 767 1265 piscium
785 1229 899 1266 captet
915 1227 949 1253 et
966 1219 1010 1253 ad
1025 1233 1059 1253 se
1075 1229 1144 1254 tra-

466 1274 525 1308 hat
544 1289 551 1307 ε
571 1273 669 1307 hand
688 1274 733 1307 ita
750 1274 920 1307 insulsum
942 1272 1093 1306 venandi
1113 1282 1146 1307 et

466 1327 626 1373 piscandi
663 1339 774 1373 genus
791 1327 798 1359 !
835 1329 903 1360 En.
936 1348 987 1352 -—
1023 1326 1147 1359 Crassis

470 1381 572 1414 modo.
596 1381 673 1413 Hoc
700 1393 794 1413 novo
817 1381 911 1413 enim
936 1379 1088 1413 venandi
1114 1388 1148 1413 et

469 1433 627 1479 piscandi
659 1446 785 1479 genere
800 1459 809 1474 ,
837 1446 969 1467 crassos
1010 1441 1147 1466 tantum

469 1487 506 1521 in
522 1488 656 1521 retibus
669 1487 775 1520 habet
787 1485 924 1528 turdos,
942 1486 1148 1531 nobilesque

471 1549 613 1574 tantum
625 1541 736 1585 pisces
745 1540 850 1573 hamo
861 1539 1025 1581 extrahit3
1037 1552 1147 1585 quum

473 1603 604 1634 autem,
618 1593 645 1626 si
660 1606 738 1626 vera
753 1593 836 1626 retia
849 1592 1023 1631 tenderet,
1036 1605 1151 1625 veros-

472 1660 541 1694 que
561 1649 690 1693 jaceret
707 1647 828 1679 hamos
843 1671 852 1687 a
874 1659 946 1678 non
971 1646 1047 1678 talis
1063 1653 1150 1679 esset

472 1701 589 1734 avium
606 1701 660 1733 vel
676 1699 824 1745 piscium
842 1698 1007 1732 delectus.
1032 1699 1097 1731 ΕΙ).

531 1755 564 1787 5.
604 1752 802 1786 Hadrianus
837 1752 1023 1785 Turnebus
1044 1778 1052 1793 ‚
1088 1751 1150 1785 lib.

475 1808 606 1845 XVII,
640 1819 713 1852 cap.
753 1808 820 1843 18,
855 1815 888 1839 et
918 1805 978 1838 lib.
1006 1805 1152 1846 XXIII,

475 1873 550 1906 cap.
574 1864 618 1900 211
631 1886 638 1900 ‚
657 1873 675 1892 e
692 1859 803 1892 veteri
821 1858 942 1892 codice
961 1859 1043 1903 legit
1057 1884 1066 1900 ‚
1082 1871 1153 1890 sac-

477 1922 593 1946 centur.
615 1912 707 1945 Vide
733 1912 793 1945 lib.
826 1913 918 1951 XII,
949 1912 1056 1957 epigr.
1080 1923 1153 1945 LXI.

478 1965 687 2000 Beverlandi
710 1965 784 1998 MS.
810 1966 917 1998 habet
933 1991 941 2006 ‚
969 1968 1152 2002 sincentur;

479 2019 559 2053 edd.
578 2028 659 2052 vett.
682 2031 804 2052 omnes
821 2045 830 2060 ,
845 2021 1008 2051 siccentur.
1028 2019 1155 2050 Bever·

480 2072 576 2106 tuidi
593 2073 668 2105 MS.
689 2072 834 2117 Opimius.
856 2071 971 2105 Colin.
992 2070 1047 2103 ed.
1064 2082 1156 2103 anno

485 2138 499 2159 Ι
510 2129 527 2160 5
537 2128 580 2160 28
593 2152 601 2167 ,
622 2126 752 2171 Opimii.
766 2147 818 2152 -—
833 2115 970 2158 Caecuba
985 2132 1156 2156 saccentur.

482 2181 560 2220 Eia,
579 2179 670 2224 agite
685 2205 693 2220 ,
710 2178 813 2211 amici
833 2177 1006 2222 Tongilii!
1029 2189 1157 2222 prope-

481 2242 554 2266 rate
576 2234 655 2265 vina
678 2244 818 2277 quoque
839 2230 1100 2276 generosissima
1126 2230 1158 2262 ei

482 2285 639 2319 mittere!
658 2285 725 2317 En.
743 2306 794 2311 -—
810 2283 958 2317 Coecuba.
970 2283 1159 2317 Caecubum

483 2340 536 2372 vel
560 2339 728 2372 Caecubus
746 2364 753 2379 ,
780 2350 879 2370 mons
896 2346 930 2371 et,
952 2349 1031 2381 ager
1055 2344 1104 2368 est
1122 2336 1156 2369 in

483 2393 583 2426 Latio
598 2418 607 2433 ‚
629 2391 702 2424 vini
730 2391 855 2437 optimi
879 2390 1019 2431 fertilis,
1048 2401 1161 2434 prope

486 2444 627 2478 Fundos
640 2454 673 2478 et
688 2444 851 2491 Amyclas
863 2445 968 2476 urbes
987 2441 1029 2475 ad
1045 2443 1159 2475 sinum

485 2498 699 2532 Caietanum.
715 2498 818 2531 Mons
831 2497 889 2530 ille
899 2504 1046 2529 vocatur
1056 2507 1161 2529 nunc:

487 2552 595 2584 Allante
616 2551 651 2583 di
675 2550 803 2583 Caieta.
822 2572 873 2577 -—
894 2551 1066 2583 Saccerztur
1081 2563 1164 2595 (μαε-

485 2617 554 2650 «sue.
586 2602 805 2636 Defaecentur
821 2628 831 2641 ,
858 2603 1058 2648 liquentur,
1083 2602 1164 2634 colo

487 2656 777 2691 transmittantur.
795 2656 850 2689 Sic
865 2682 874 2697 ,
887 2657 949 2689 lib.
962 2656 1043 2697 XII,
1053 2655 1162 2700 epigr.

1202 806 1271 827 LXI.
1294 794 1437 826 Turbida
1448 795 1581 827 sollicito
1594 797 1800 828 transmittere
1815 809 1876 828 ειε-

1201 847 1281 879 cuba
1304 860 1406 881 sacco.
1430 848 1535 881 Poeta
1553 848 1646 881 enim
1665 848 1722 882 hic
1742 848 1811 894 agit
1832 847 1878 881 de

1201 900 1367 945 Tongilio
1377 901 1501 934 febrim
1511 901 1696 934 simulante
1708 927 1717 942 ,
1727 901 1809 935 huic
1821 914 1878 934 au-

1202 962 1272 987 tem
1286 955 1406 987 vinum
1419 962 1590 987 saccatum
1605 954 1718 1000 aptius
1730 954 1790 987 illo
1802 980 1811 996 ‚
1821 954 1879 988 cui

1203 1007 1357 1040 sacculus
1375 1007 1466 1040 nihil
1488 1006 1652 1053 dempsit.
1675 1008 1797 1053 Itaque
1813 1006 1878 1040 du-

1202 1060 1330 1106 plicem
1351 1073 1368 1092 a
1386 1069 1488 1106 poeta
1503 1060 1656 1106 Tongilii
1672 1060 1789 1106 gulam
1804 1073 1881 1105 per-

1204 1113 1344 1158 stringi,
1366 1126 1470 1146 unam
1493 1115 1614 1146 vinum
1633 1113 1878 1159 adpetentem;

1204 1167 1347 1200 alteram
1360 1179 1431 1200 non
1443 1166 1662 1200 cuicuimodi
1676 1167 1810 1207 vinum,
1820 1165 1881 1199 sed

1205 1228 1376 1253 saccatum
1385 1246 1392 1258 ,
1405 1219 1501 1265 quod
1514 1233 1730 1253 summarum
1740 1219 1881 1253 delicia-

1205 1286 1285 1306 rum
1311 1282 1371 1306 est.
1394 1274 1582 1319 Quumque
1608 1274 1713 1307 Poeta
1739 1273 1827 1306 sacci
1849 1280 1883 1306 et

1206 1327 1302 1372 parci
1321 1327 1404 1360 vitri
1426 1327 1641 1360 mentionem
1663 1327 1762 1366 facit,
1778 1325 1882 1359 deco-

1207 1393 1287 1413 rum
1299 1388 1410 1413 servat
1422 1380 1457 1412 in
1471 1392 1620 1424 persona
1633 1380 1817 1413 simulante
1833 1379 1883 1411 fe-

1207 1433 1310 1466 brim.
1334 1432 1538 1466 lllusamhert.
1559 1453 1612 1460 ——·
1628 1433 1742 1466 Annus
1765 1432 1884 1476 Opimi.

1208 1484 1251 1518 Id
1265 1494 1330 1527 est,
1347 1485 1469 1518 vinum
1481 1485 1706 1532 Opimianum
1716 1497 1726 1527 ;
1737 1497 1777 1518 eo
1791 1485 1885 1518 enim

1209 1551 1301 1573 anno
1323 1551 1393 1585 quo
1413 1540 1454 1572 L.
1478 1539 1643 1584 Opimius
1664 1539 1885 1572 consulatum

1211 1592 1336 1636 gessit,
1359 1592 1424 1625 fuit
1448 1592 1633 1637 temperies
1653 1592 1725 1626 caeli
1751 1590 1794 1625 ad
1814 1590 1886 1624 vini

1211 1645 1448 1678 maturitatem
1468 1645 1653 1690 aptissima.
1672 1643 1756 1678 Vid.
1771 1644 1832 1677 lib.
1849 1645 1866 1677 I
1878 1667 1887 1681 ,

1213 1699 1323 1743 epigr.
1352 1710 1474 1739 xxvn,
1500 1706 1534 1731 et
1558 1698 1620 1731 lib.
1645 1698 1733 1731 XIII
1748 1723 1757 1739 ‚
1779 1697 1885 1743 epigr.

1212 1763 1302 1784 cxm
1320 1763 1327 1784 ε
1351 1750 1395 1784 de
1416 1751 1564 1784 Falerno
1579 1777 1588 1792 ‚
1605 1750 1665 1784 lib.
1686 1751 1793 1792 XIII,
1814 1750 1888 1795 epi-

1212 1817 1356 1849 gramm.
1374 1816 1433 1837 111.

1269 1859 1302 1890 6.
1324 1856 1530 1890 Beverlandi
1545 1857 1706 1899 MS-susa
1723 1848 1862 1889 Falerna
1876 1869 1888 1895 ,-

1215 1918 1251 1944 et
1270 1910 1317 1944 sic
1340 1911 1486 1944 Juntina
1505 1918 1624 1943 nostra
1652 1910 1687 1943 in
1713 1921 1820 1954 marg.
1838 1930 1890 1935 —

1215 1965 1321 1997 Pareo
1347 1966 1447 1996 mitro.
1475 1964 1609 2007 Exiguo
1637 1962 1742 1995 calice
1770 1962 1891 2008 propi-

1216 2025 1319 2050 netur
1338 2016 1405 2056 illi‚
1424 2014 1520 2061 quod
1542 2028 1649 2061 quum
1676 2023 1763 2049 esset
1787 2027 1891 2060 gene-

1216 2069 1430 2102 rosissimum
1446 2095 1455 2110 ‚
1477 2068 1617 2102 modice
1635 2076 1815 2114 sumptum
1837 2068 1892 2100 vel

1216 2122 1331 2155 hibaci
1346 2148 1355 2163 ‚
1374 2131 1408 2155 et
1428 2135 1447 2156 a
1464 2122 1603 2155 fortiori
1624 2121 1802 2166 aegrotanti
1819 2121 1893 2154 suf-

1220 2175 1357 2208 ficiebat
1373 2189 1381 2217 ;
1411 2175 1525 2208 forsan
1560 2188 1657 2220 parco
1691 2173 1820 2207 (licitur
1852 2186 1892 2207 ex

1218 2241 1365 2274 persona
1383 2228 1511 2261 fallacis
1531 2228 1684 2273 Tongilii
1704 2235 1893 2260 extenuan-

1219 2283 1262 2315 tis
1278 2282 1499 2327 petitionem.
1524 2302 1571 2307 -α
1600 2281 1753 2314 Falerna.
1778 2280 1894 2313 Faler-

1219 2348 1285 2368 nus
1304 2347 1405 2368 mons
1427 2343 1460 2367 et
1482 2346 1562 2379 ager
1585 2333 1782 2378 Campaniae
1804 2333 1896 2365 inter

1222 2389 1389 2422 Calenum
1408 2397 1441 2421 et
1462 2387 1656 2420 Sinuessam
1669 2412 1677 2427 ‚
1700 2386 1773 2419 vini
1792 2397 1895 2430 gene-

1221 2442 1293 2475 rosi
1308 2441 1412 2474 ferax.

1277 2508 1309 2539 7.
1335 2495 1464 2527 Lavari.
1494 2491 1699 2525 Remedium
1729 2498 1761 2524 et
1784 2489 1897 2523 medi—

1224 2556 1420 2581 camentum
1440 2546 1561 2591 priscis
1594 2545 1755 2578 usitatum
1788 2544 1823 2576 in
1847 2544 1898 2576 fc-

1224 2601 1365 2641 brihus3
1380 2599 1480 2632 nobis
1498 2598 1578 2631 satis
1597 2605 1846 2643 praeposterum
1866 2605 1899 2630 et

1224 2654 1471 2698 periculosum.
