2061 3288
166 232 1578 248 mmmmmmmmmmsssmmmwmmmmwgn

168 412 656 482 EDITORIS
710 412 970 481 NOVI
1019 414 1566 485 PRAEFATIO.

759 594 999 610 ψ

167 705 281 782 AD
311 736 579 796 optimorum
610 733 809 778 codicum
839 733 969 778 fidem
1001 734 1282 793 emendatus,
1315 739 1578 799 optimarum

163 818 493 861 annotationum
516 817 667 877 copia,
693 825 904 876 quantum
935 815 1028 860 fieri
1054 818 1218 877 potuit,
1247 817 1506 878 illustratus,
1529 839 1578 867 ac

162 900 373 960 pertinaci
397 897 650 960 explanatus
670 896 915 958 diligentia,
944 914 998 940 en
1023 897 1167 942 denuo
1197 900 1344 959 prodit
1370 903 1413 944 in
1437 901 1578 947 lucem

163 983 525 1042 epigrammatum
555 996 750 1024 summus
776 979 930 1023 artifex
953 979 1178 1024 Martialis.
1204 982 1292 1039 Qui
1317 983 1492 1044 quidem
1517 995 1582 1030 tot

163 1073 205 1106 et
233 1062 408 1107 tantillis
445 1061 664 1124 opusculis
696 1063 783 1106 suis
812 1061 981 1122 qualem
1011 1072 1053 1106 et
1082 1073 1288 1123 quantam
1322 1065 1401 1109 sibi
1426 1068 1582 1112 merito

163 1144 344 1206 gloriam
365 1145 584 1189 vindicare
599 1145 756 1205 possit,
776 1161 916 1204 neque
933 1145 1004 1188 hic
1023 1145 1361 1206 disputabimus,
1381 1159 1424 1192 et
1439 1149 1581 1194 decla-

162 1243 258 1270 rare
280 1243 600 1288 supervacuum
627 1227 719 1269 sine
745 1227 1040 1270 controversia
1068 1226 1180 1271 foret
1203 1245 1211 1271 :
1236 1229 1309 1272 sed
1335 1230 1582 1277 admonitos

161 1308 344 1354 lectores
362 1310 584 1366 volumus,
609 1326 632 1353 e
656 1310 913 1353 Latinorum
934 1320 1161 1370 poetarum
1187 1312 1464 1358 multitudine
1481 1333 1582 1376 pau-

162 1410 236 1437 cos
262 1392 498 1436 admodum
533 1408 624 1435 esse
657 1408 765 1452 quos
807 1393 945 1452 magis
975 1393 1028 1435 sit
1065 1395 1359 1439 necessarium
1391 1399 1506 1442 notis
1537 1408 1581 1442 et

161 1475 517 1536 interpretatione
534 1474 656 1534 quasi
675 1483 883 1533 perpetua
901 1472 1126 1534 explicari,
1144 1491 1197 1518 ne
1220 1473 1453 1536 legentium
1478 1478 1580 1539 plu-

162 1557 293 1601 rimos
317 1557 530 1618 genuinus
559 1572 709 1599 sensus
738 1564 812 1598 aut
838 1555 959 1599 tarde
989 1555 1177 1611 afficiat,
1204 1567 1279 1600 aut
1311 1561 1489 1604 omnino
1521 1561 1582 1605 ef-

162 1638 308 1699 fugiat.
327 1641 384 1682 Et
407 1637 512 1682 illud
532 1637 726 1698 quidem,
750 1637 783 1680 si
800 1638 893 1697 quis
913 1654 1095 1697 usquam
1121 1638 1330 1682 eruditior
1352 1641 1498 1698 simul>⁴
1517 1653 1580 1687 at-

161 1740 244 1783 que
275 1722 498 1766 delicatior
528 1723 571 1764 in
597 1720 833 1781 judicando
864 1721 956 1775 vir,
985 1719 1054 1763 ille
1084 1722 1314 1765 nobiscum
1347 1722 1580 1782 fatebitur3

162 1805 235 1848 sed
274 1805 316 1847 id
352 1821 435 1865 qua
471 1804 637 1847 ratione
668 1819 759 1846 esse
790 1802 951 1863 possit,
976 1802 1150 1862 quidam
1180 1803 1360 1848 forsitan
1388 1818 1545 1867 rogent
1570 1826 1578 1851 :

162 1904 302 1948 neque
333 1887 447 1930 enim
471 1887 519 1929 iis
542 1886 657 1929 vitiis
680 1884 926 1928 Martialem
948 1884 1147 1928 laborare
1169 1884 1341 1942 dixeris,
1363 1905 1459 1948 quae
1481 1890 1579 1933 sub-

162 1972 371 2016 obscuros
401 1987 593 2032 persaepe
623 1980 772 2031 poetas
802 1969 999 2013 efficiunt
1019 1987 1030 2025 3
1051 1971 1212 2031 quippe
1243 1972 1316 2031 qui
1341 1989 1481 2033 neque
1511 1975 1586 2018 ob-

164 2052 319 2097 soletas
355 2064 399 2097 et
435 2054 634 2112 antiquas
664 2062 708 2095 et
736 2052 891 2095 merito
922 2052 1187 2112 antiquatas,
1220 2062 1294 2095 aut
1325 2069 1475 2111 voces,
1507 2066 1582 2100 aut

162 2135 367 2196 loquendi
384 2134 612 2191 formulas,
629 2144 678 2178 ut
691 2133 869 2178 Plautus
881 2167 892 2188 ,
906 2134 1086 2191 habeat3
1104 2151 1244 2195 neque
1261 2145 1335 2179 aut
1348 2152 1489 2198 asper,
1506 2149 1581 2183 aut

164 2217 329 2273 audax,
359 2228 434 2262 aut
457 2235 630 2278 pressus
660 2218 788 2261 nimis
819 2217 862 2260 in
890 2217 1184 2261 construendo
1208 2218 1261 2261 sit
1281 2252 1292 2273 ‚
1322 2218 1480 2278 quibus
1509 2222 1582 2266 vix

165 2301 424 2360 Aquinatem
447 2299 833 2360 satyrographum,
860 2308 934 2342 aut
961 2300 1214 2353 Horatium,
1245 2309 1320 2342 aut
1350 2300 1578 2347 sublimem

164 2383 362 2425 Tacitum
379 2417 390 2436 ‚
428 2380 655 2424 miratores
697 2396 912 2440 quemque
954 2380 1018 2423 sui
1037 2415 1047 2433 ‚
1096 2379 1329 2424 identidem
1383 2382 1580 2428 absolve-

166 2463 282 2517 rint;
311 2477 477 2522 neque,
508 2470 555 2504 ut
585 2459 788 2520 Delphici
820 2469 862 2503 et
891 2459 1085 2520 Sibyllini
1116 2459 1325 2521 Apollinis
1354 2463 1581 2508 aemulator

166 2544 335 2587 Persius
353 2579 364 2599 ,
396 2542 596 2587 tenebras
625 2552 668 2585 et
699 2541 927 2603 caliginem
958 2542 1153 2586 versibus
1192 2544 1277 2587 suis
1307 2555 1462 2604 sponte
1492 2549 1580 2591 cir-

169 2625 375 2669 cumdare
404 2624 621 2671 molianux

241 2709 275 2749 I.
1319 2722 1341 2749 a
