2061 3288
444 223 1036 268 EPIGRAMMATUM
1076 223 1198 264 LIB.
1241 223 1324 265 IV.

1498 219 1598 281 469

736 393 1046 449 LXXIII.

705 557 768 584 nr:
811 534 1089 583 νΕδΤΙΝο.ῃ

256 688 405 744 QUUM
434 689 576 748 gravis
605 697 820 731 extremas
842 687 1050 731 Vestinus
1082 685 1262 729 duceret
1297 686 1449 742 horas,

326 760 382 802 Et
403 758 492 819 jam
525 775 603 819 per
634 759 803 819 Stygias
831 767 942 802 esset
972 759 1111 800 iturus
1141 773 1300 817 aquas3

256 828 422 872 Ultima
443 828 668 873 volventes
689 829 843 873 orabat
864 845 998 890 pensa
1020 844 1190 872 sorores
1206 864 1216 883 ,

325 901 389 943 Ut
417 900 643 944 traherent
667 916 802 961 parva
830 901 1014 944 stamina
1044 898 1163 961 pulla
1193 915 1315 943 mora
1332 935 1342 953 ‚

255 972 352 1015 Jam
384 971 464 1015 sibi
494 971 752 1025 defunctus,
782 973 893 1016 caris
925 971 1027 1015 dum
1061 972 1167 1014 vivit
1198 971 1370 1026 amicis3

257 1117 442 1162 Λοίσθιον
477 1118 704 1179 ἀσθμαίνων
737 1119 904 1180 πυμάτῃ
935 1121 1094 1168 Βεςῖνος
1127 1120 1164 1160 ἐν
1197 1122 1304 1178 ὥρῃ,

329 1189 412 1232 Καὶ
440 1189 633 1251 Στυγίους
659 1192 777 1232 νεύων
804 1190 856 1240 εἰς
883 1184 1002 1232 ἀΐδαο
1032 1184 1203 1249 δόμους

259 1261 451 1331 Κλωςῆρ’
481 1260 647 1310 ὑςοὶτιον
679 1263 902 1322 ςρωφώσας
925 1259 1088 1303 λίσσετο
1116 1259 1271 1320 Μοίοας

330 1333 471 1374 Ελκειν
500 1331 645 1374 τυτθὸν
677 1333 767 1375 ὅσον
794 1334 959 1391 νήματα
984 1338 1182 1389 φαιοφαῆ,

259 1402 407 1461 Μέσφα
435 1401 563 1460 φίὶοις
590 1398 703 1455 ζώει,
729 1403 907 1450 Ovrcnoev
936 1403 1055 1461 μόνος
1083 1402 1204 1451 αὐτὸς
1235 1403 1391 1457 ἑαυτῷ·

243 1547 257 1561 '¹
275 1552 431 1585 Atticum
450 1552 641 1585 Vestinum
660 1551 780 1585 laudat
795 1564 813 1584 a
830 1551 869 1584 li-

189 1605 370 1638 beralitate
382 1617 449 1650 qua
464 1631 473 1645 ‚
490 1605 672 1638 mortifero
683 1605 808 1638 morbo
820 1605 869 1638 la-

192 1659 320 1692 borans
336 1684 345 1700 ,
367 1665 400 1691 et
418 1657 525 1691 modo
551 1659 702 1691 animam
722 1659 870 1691 emissu-

193 1723 272 1751 rus,
296 1724 376 1744 cum
405 1711 523 1744 amicis
545 1724 626 1744 usus
648 1720 720 1752 est;
743 1711 871 1756 quibus

192 1764 348 1809 ingentia
377 1763 497 1797 divisit
520 1762 636 1805 dona;
666 1777 735 1809 quo
760 1764 873 1805 facto,

194 1817 321 1851 lubens
343 1816 500 1850 decessit.

250 1883 283 1904 1.
301 1870 428 1904 Gravis.
451 1870 556 1904 Gravi
573 1871 699 1903 morbo
716 1870 871 1903 affectus.

194 1943 246 1948 —
259 1924 407 1956 Vestinus
426 1923 518 1957 filius
536 1932 609 1956 erat
627 1923 720 1956 illius
734 1923 872 1956 Vestini

194 1989 299 2022 quem
318 1977 499 2010 consulem
525 1975 703 2009 damnavit
725 1984 759 2008 et
784 1976 875 2008 mori

193 2030 291 2074 jussit
310 2029 554 2063 immerentem
572 2030 680 2063 Nero.
696 2028 780 2062 Vid.
795 2027 876 2062 Sue-

196 2091 270 2116 ton.
302 2091 336 2116 et
365 2083 460 2128 Lips.
494 2083 530 2115 in
555 2083 618 2116 lib.
650 2084 719 2115 XV
749 2082 873 2115 Annal.

195 2136 320 2170 Taciti.

253 2202 287 2223 α.
305 2189 354 2221 Et
376 2197 439 2221 tam
457 2189 556 2222 Junt.
578 2202 659 2222 ann.
686 2189 796 2222 1512.

252 2242 286 2274 3.
303 2240 384 2275 Ald.
397 2242 498 2275 Junt.
517 2242 636 2275 Colin.
654 2241 792 2287 Gryph.
810 2249 875 2273 etc.

199 2297 310 2328 oravit.
326 2315 379 2321 ——
401 2295 521 2328 Ullima
539 2295 765 2327 volventes.....
779 2306 877 2338 pensa

198 2360 329 2380 sorores.
348 2347 509 2392 Intellige
529 2348 669 2386 Parcas,
689 2347 733 2380 de
750 2347 877 2392 quibus

198 2399 278 2433 vide
299 2413 394 2446 supr.
419 2401 527 2446 epigr.
553 2413 627 2434 Ltv.

255 2457 289 2493 4.
309 2452 397 2486 Cod.
421 2454 502 2486 Vat.
528 2456 666 2486 stamina
691 2453 790 2485 nulla.
811 2454 880 2486 Alii

197 2507 319 2552 legunt
331 2531 340 2548 ‚
356 2508 491 2539 stamina
511 2509 614 2551 nigra.
640 2527 690 2532 —
714 2506 758 2538 Ut
775 2506 878 2538 trahe-

201 2567 290 2599 rent,
316 2567 379 2593 etc.
403 2560 453 2592 Ut
475 2560 564 2592 lauae
588 2559 768 2605 paululum
792 2571 809 2592 e
830 2559 878 2592 fe-

200 2612 265 2646 rali
283 2613 363 2646 colu
376 2615 569 2658 producere
585 2613 831 2646 continuarent
847 2621 876 2645 et

203 2678 221 2699 a
248 2666 394 2700 stamine
423 2665 647 2711 praecidendo
680 2666 881 2711 aliquantis-

929 1564 992 1597 per
1023 1551 1239 1584 abstinerent
1258 1577 1267 1592 ,
1296 1563 1360 1584 uec
1393 1550 1537 1596 quIdem
1571 1560 1610 1584 ut

929 1604 995 1637 sibi
1021 1605 1172 1643 viveret,
1206 1603 1266 1638 sed
1295 1613 1334 1638 ut
1361 1604 1494 1638 viveret
1524 1604 1610 1637 ami-

929 1657 995 1698 cis,
1024 1666 1058 1691 et
1085 1666 1225 1703 tempus
1245 1658 1390 1691 haberet
1417 1658 1611 1703 unicuique

929 1710 1022 1743 bona
1058 1710 1241 1756 largiendi.
1277 1711 1345 1744 ΕΙ).
1380 1731 1433 1737 --
1466 1711 1613 1745 Stamina

926 1764 1029 1808 pulla.
1057 1764 1156 1797 Pulla
1182 1764 1372 1797 Parcarum
1400 1764 1548 1797 stamina
1574 1776 1613 1797 ea

931 1825 1013 1849 sunt
1036 1829 1112 1862 quae
1139 1825 1290 1850 mortem
1320 1817 1515 1850 minantur.
1534 1817 1611 1849 Lib.

933 1869 985 1902 VI
1001 1895 1011 1912 ‚
1029 1871 1138 1915 epigr.
1160 1882 1251 1903 Lvnl
1265 1896 1273 1910 ‚
1291 1882 1340 1903 vs.
1360 1883 1379 1915 7
1399 1882 1406 1903 :
1433 1888 1447 1900 «
1467 1869 1502 1903 Si
1524 1869 1611 1902 mihi

932 1922 1078 1956 lanificae
1099 1922 1234 1956 ducunt
1257 1935 1330 1955 non
1353 1924 1450 1968 pulla
1477 1935 1613 1956 sorores

934 1975 1126 2009 Stamina.»
1142 1976 1232 2009 Alba
1247 1985 1363 2009 autem
1380 1976 1526 2009 stamina
1542 1975 1610 2008 du-

934 2041 1012 2062 cere
1044 2029 1160 2062 Parcae
1197 2028 1407 2062 dicebantur
1429 2055 1439 2071 .,
1473 2028 1614 2075 quandp

934 2082 1041 2115 vitani
1058 2082 1094 2114 In
1118 2082 1256 2128 longius
1272 2083 1541 2127 protrahebant.
1555 2083 1616 2115 Ju-

935 2135 1050 2168 venal.
1064 2144 1127 2169 sat.
1145 2148 1198 2169 111
1214 2162 1223 2179 ‚
1240 2148 1289 2169 vs,
1308 2135 1353 2169 65
1374 2148 1382 2169 z
1403 2144 1615 2181 «postquam

935 2188 1052 2222 Parcae
1070 2189 1218 2222 meliora
1239 2189 1389 2233 benigna
1412 2189 1523 2222 Pensa
1545 2201 1618 2221 ma·-

936 2253 984 2273 nu
1005 2240 1142 2274 ducunt
1159 2242 1305 2283 hilares,
1325 2250 1358 2274 et
1374 2242 1532 2275 staminis
1549 2242 1617 2275 albi

936 2293 1112 2327 Lanificae.
1133 2311 1146 2323 n
1262 2331 1264 2333 ,

994 2347 1026 2380 5.
1050 2346 1140 2380 Cod.
1160 2347 1315 2380 Florent.
1341 2360 1444 2381 carus.
1470 2368 1523 2374 -—-
1545 2347 1618 2380 Jam

938 2399 1179 2442 sibidefiznctus.
1195 2400 1318 2433 Parcas
1327 2400 1486 2445 exiguam
1498 2401 1620 2434 orabat

939 2465 1099 2493 moram,
1130 2465 1202 2486 non
1230 2460 1381 2486 mortem
1417 2466 1520 2487 causa
1560 2467 1619 2486 sua

940 2514 1118 2545 metuens,
1142 2519 1207 2539 nec
1230 2506 1312 2551 quia
1338 2506 1418 2539 vitae
1445 2506 1619 2540 desiderio

939 2559 1140 2599 tenebatur,
1162 2557 1223 2592 sed
1242 2567 1280 2592 ut
1302 2559 1420 2592 amieis
1442 2560 1512 2592 suis
1538 2572 1621 2592 con-

941 2612 1089 2654 suleret;
1117 2611 1214 2657 quod
1243 2607 1364 2645 votuin
1390 2611 1492 2646 valde
1518 2624 1620 2657 pium

941 2675 1025 2698 erat.

1326 2728 1414 2779 3ωᾶ
