2061 3288
444 254 474 305 4
821 251 883 293 M.
908 250 1048 293 VAL.
1087 250 1479 294 MARTIALIS

512 338 669 381 Omnis
696 339 896 381 Caesareo
922 336 1049 381 cedat
1074 335 1209 380 labor*
1221 337 1555 398 Amphitheatro
1577 353 1587 380 ι

576 409 728 452 Unum
760 424 850 469 prae
877 407 1044 452 cunctis
1072 407 1188 451 fama
1213 406 1418 468 loquatur
1441 424 1566 469 opus.

513 539 602 580 Πᾶν
633 537 771 597 κτίσμ’
796 536 990 585 ἣττάσθω
1016 543 1091 579 τοῦ
1119 535 1322 597 Καίσαρος
1345 536 1632 597 ἀμφιθεάτρου.

578 607 833 668 Θρυλλείσθω
857 607 1021 651 πάντων
1052 608 1163 668 ἔργον
1192 605 1230 649 ἓν
1256 606 1347 650 ἀντὶ
1370 608 1518 651 πόνων.

438 755 560 781 contra
579 746 746 780 Rhodum
767 758 775 779 :
796 754 901 792 caput
922 745 1022 791 regni
1047 745 1118 778 Ha-
1180 747 1321 790 87000‚
1339 745 1430 778 ovali
1447 746 1577 779 forma:
1591 744 1635 778 ad
1654 747 1751 791 cujus
1767 759 1857 780 sum-

437 801 645 834 licarnassus
667 800 729 833 ubi
748 799 968 832 Mausoleum
986 807 1118 844 specta·
1178 798 1334 832 mitatem
1350 810 1440 843 aegre
1456 799 1544 832 visio
1560 799 1711 832 humana
1726 800 1856 844 pertin-

437 854 542 887 batur
557 866 567 895 ;
588 853 631 887 de
648 865 717 899 quo
734 852 922 886 Vitruvius
934 879 942 893 ‚
957 852 1019 885 lib.
1041 852 1094 884 XI
1108 877 1117 893 ‚
1177 850 1386 896 geret.Vide
1394 851 1856 894 Vitruviumffllarlianum,

438 919 516 952 cap.
548 909 567 941 8
584 931 594 947 ,
625 915 660 939 et
694 906 849 948 Plinius,
877 905 939 938 lib.
965 905 1117 946 XXXV,
1176 904 1273 950 Lips.
1294 903 1338 937 de
1356 904 1485 950 Amph.
1505 913 1570 938 etc.

437 973 512 1006 cap.
539 960 572 993 5.
1232 957 1343 992 8.Alii
1353 956 1456 990 codd.
1467 971 1543 1003 pro;
1553 967 1587 991 et
1599 958 1647 991 sic
1661 957 1759 992 editt.
1770 966 1855 991 vett.
2058 960 2061 963 “

491 1025 523 1058 7.
546 1012 805 1057 Amphitheatro.
823 1012 866 1044 In
886 1023 956 1056 quo
970 1010 1117 1044 ederen-
1177 1017 1211 1043 et
1231 1009 1309 1043 Ald.
1327 1011 1426 1044 Junt.
1447 1019 1481 1043 et
1496 1010 1634 1057 Gryph.
1651 1011 1775 1045 Lectio
1790 1023 1855 1044 no·
2058 967 2061 1076 l

437 1074 495 1099 tur
521 1066 718 1112 spectacula
739 1073 771 1098 et
794 1064 1020 1104 venationes,
1040 1063 1118 1096 abs·
1177 1070 1246 1096 stra
1273 1063 1398 1096 melior
1424 1062 1580 1105 videtur,
1599 1064 1682 1109 quia
1707 1065 1856 1098 verbum

438 1131 506 1164 que
524 1131 624 1151 scena
639 1145 648 1161 ‚
664 1117 804 1152 sedibus
822 1130 886 1163 per
907 1116 1033 1162 gradus
1049 1129 1116 1149 un·
1172 1129 1243 1160 111·ae
1262 1116 1372 1162 magis
1395 1117 1561 1150 convenit
1578 1129 1658 1150 cum
1676 1117 1786 1151 verbo
1806 1131 1856 1150 ce·
2059 1077 2061 1176 Ι

436 1171 622 1218 dequaque
642 1172 758 1205 clauso
773 1196 784 1211 ‚
807 1171 844 1204 in
869 1170 996 1216 quibus
1024 1170 1118 1203 locos
1178 1169 1256 1209 dat,
1279 1170 1316 1203 in
1332 1168 1485 1215 praeced.
1501 1182 1616 1204 versu.
1636 1170 1705 1204 ΕΙ).
2059 1178 2061 1222 1

1096 1320 1172 1378 II.

736 1490 790 1518 IN
829 1489 1006 1518 OPERA
1045 1488 1277 1517 PUBLICA
1315 1487 1557 1517 CAESARIS.

436 1606 660 1658 Vespasiani
682 1615 796 1655 atque
816 1605 893 1642 Titi
909 1607 1001 1642 Caes.
1023 1604 1184 1655 (quibus
1207 1605 1394 1655 pleraque
1418 1605 1536 1642 libelli
1560 1604 1674 1655 hujus
1695 1608 1856 1656 Specta—

492 1673 668 1710 culorum
689 1670 961 1721 cpigrammata
980 1669 1167 1720 assignes)
1189 1668 1479 1706 beneficentiam
1496 1669 1686 1716 celebrat,
1707 1670 1773 1719 qui
1792 1669 1858 1706 do-

493 1751 598 1775 mum
619 1737 722 1773 illam
743 1748 897 1771 auream
915 1747 1029 1784 quam
1045 1738 1149 1771 Nero
1171 1734 1311 1771 fecerat
1330 1748 1351 1771 a
1368 1735 1512 1771 Palatio
1531 1734 1718 1784 Esquilias
1738 1747 1858 1784 usque

495 1800 688 1846 demoliti,
707 1800 794 1836 loco
812 1798 892 1848 ejus
912 1796 1066 1848 publica
1082 1806 1305 1835 exstruxere
1320 1798 1381 1834 vel
1400 1798 1604 1835 reddidere
1621 1811 1760 1850 opera,
1780 1800 1858 1836 Co-

496 1867 637 1903 lossum
653 1893 663 1912 ‚
676 1862 1022 1914 -Amphitheatrum
1034 1891 1044 1909 ‚
1062 1862 1245 1900 Thermas
1256 1892 1266 1909 ⁷
1282 1863 1488 1900 Porticum.
1510 1866 1582 1900 En.

515 2000 607 2042 Hic
629 1997 706 2040 ubi
730 1994 923 2039 sidereus
949 1994 1129 2054 propior
1154 1993 1272 2038 videt
1297 2003 1411 2038 astra
1436 1993 1654 2049 colossus,

517 2115 626 2169 Ϊῖνθα
648 2130 862 2172 κολοσσῆεν
892 2124 1037 2184 βρέτας
1063 2124 1204 2171 ἴςαται
1229 2123 1517 2182 οὐρανόμηκες,

504 2258 518 2272 ”
534 2260 721 2305 Inscriptio
737 2259 774 2291 in
787 2256 864 2291 cod.
878 2254 978 2288 Bodl.
995 2256 1045 2288 De
1059 2267 1126 2299 ope·
1186 2253 1265 2288 Ald.
1293 2255 1396 2288 Junt.
1428 2255 1567 2301 Gryph.
1596 2256 1668 2290 aliis
1688 2270 1695 2288 :
1712 2256 1772 2290 Ad
1783 2269 1859 2288 eun-

454 2315 537 2348 ribus
559 2316 643 2347 circa
663 2311 948 2357 amphitheatrum:
970 2325 983 2337 «
1004 2320 1126 2341 verum
1186 2308 1254 2340 dem
1284 2306 1450 2341 Coesarem.
1482 2309 1619 2342 Marcil.
1646 2309 1743 2342 malit
1771 2320 1780 2342 z
1806 2309 1859 2341 De

454 2366 550 2401 haud
576 2367 623 2400 ita
652 2364 830 2411 apposite3
854 2362 955 2409 quale
980 2370 1052 2394 erat
1073 2361 1127 2393 in·
1187 2360 1328 2406 operibus
1346 2362 1536 2396 Domitiani.

454 2421 595 2466 genium
621 2431 743 2452 eorum
770 2418 829 2463 qui
855 2417 1017 2449 lemmata
1039 2426 1127 2460 prae·
1246 2427 1258 2447 1
1270 2441 1277 2447 .
1294 2414 1439 2459 Legitur
1452 2423 1485 2447 et
1494 2417 1635 2460 propius.
1650 2435 1701 2440 —-
1712 2415 1778 2446 Hic
1793 2413 1858 2447 ubi.

455 2474 607 2507 fixerunt
623 2471 787 2504 omnibus
801 2470 1130 2515 Epigra111.praeter-
1188 2468 1229 2499 In
1248 2476 1369 2513 quarta
1382 2468 1489 2500 Urbis
1504 2468 1661 2513 regione:
1677 2479 1757 2500 nam
1774 2467 1858 2499 urbs

457 2539 560 2572 quam
574 2526 635 2558 lib.
654 2524 743 2557 XIII
759 2532 793 2556 et
806 2523 906 2563 XIV,
922 2534 998 2566 quae
1016 2520 1126 2566 ipsius
1186 2520 1361 2565 principio
1383 2520 1420 2552 in
1436 2528 1505 2553 tres
1523 2528 1657 2553 tantum
1674 2520 1832 2565 regiones
1847 2545 1856 2559 ‚

456 2578 606 2613 auctoris
618 2586 710 2611 sunt.
724 2573 1125 2609 »Farn.111cod.Thuan.
1187 2585 1272 2618 quas
1294 2574 1408 2606 Varro
1425 2581 1532 2618 partes
1557 2573 1709 2618 appellat
1721 2598 1730 2612 ,
1749 2581 1821 2606 erat
1839 2585 1858 2604 a

456 2635 506 2666 De
536 2631 679 2677 operibus
711 2629 903 2672 cingentibus
932 2627 1125 2671 amphithea·
1186 2626 1338 2659 Romulo
1357 2624 1537 2658 conditore
1563 2624 1686 2658 divisa.
1717 2625 1859 2658 Servius

452 2697 532 2720 trum
543 2713 551 2725 ,
565 2692 652 2719 teste
662 2681 857 2717 Gronovio.
870 2681 911 2713 Iu
925 2679 1025 2712 editt.
1040 2687 1123 2712 vett.
1186 2677 1266 2711 dein
1283 2678 1422 2712 Tullius
1432 2687 1528 2712 aucta
1545 2679 1642 2712 Urbe
1658 2687 1692 2711 et
1703 2678 1857 2723 populo,
