2061 3288
466 277 541 305 civ
757 263 845 305 DE
884 264 1145 306 METRIS
1183 265 1584 308 MARTIALIS.

464 350 772 410 Aristogitonis
788 360 917 411 atque
931 351 1160 395 Harmodii
1179 368 1338 395 nomen
1357 352 1480 396 simul
1499 362 1542 396 et
1555 368 1681 395 suum
1695 354 1877 413 posteris

465 419 656 463 tradidit.
678 419 755 463 Ille
778 421 951 482 quidem
972 424 1095 466 novit
1109 458 1120 477 ,
1145 432 1188 465 et
1212 424 1256 466 in
1276 423 1485 483 hymnulo
1506 424 1753 483 usurpavit,
1773 425 1878 466 Iam-

465 491 572 535 bicis
611 501 757 534 tamen
797 502 840 535 et
869 492 1108 552 Dactylicis
1137 493 1404 538 trochaicam
1430 493 1752 538 hilaritudinem
1792 494 1877 537 hoc

463 562 596 606 modo
628 571 876 622 temperans
895 580 903 605 ε

781 701 822 729 Εν
841 698 958 741 μύρτου
975 694 1073 729 κλαδὶ
1090 710 1125 729 το
1143 698 1226 741 ξίφος
1243 698 1380 742 φορήσω,

783 751 896 794 Ωσπερ
915 744 1074 794 Ᾰρμόὸιες
1095 744 1359 795 κ’Ᾰριστ-ογείτων
1372 777 1382 791 ,

859 795 923 836 ὅτε
946 805 998 836 τὸν
1017 804 1164 848 τύραννον
1185 807 1342 839 κτανέτην

990 850 1158 901 laevigato:
1176 851 1332 895 τ’Ᾱθτῖνας
1352 857 1559 892 ἐποιησάτην.

464 983 662 1028 Catullus
697 982 854 1025 dehinc
888 982 997 1025 mira
1031 979 1256 1040 diligentia
1292 979 1496 1034 excoluit,
1532 997 1672 1041 neque
1708 981 1877 1042 uspiam

463 1053 695 1106 candidus,
720 1051 885 1106 mollis,
908 1067 1191 1107 numerosus,
1211 1050 1385 1111 elegans
1404 1053 1540 1112 magis
1557 1061 1621 1095 est
1644 1068 1777 1112 quam
1803 1052 1878 1095 ubi

463 1126 548 1169 hoc
576 1124 782 1184 rhythmo
801 1123 985 1182 jocatur.
1006 1124 1103 1166 Hoc
1119 1158 1130 1177 ,
1156 1121 1321 1166 Lesbiae
1344 1138 1468 1166 amor
1496 1131 1538 1166 et
1564 1121 1703 1178 dolor,
1733 1139 1880 1183 passer

463 1195 729 1247 celebratus3
757 1194 841 1237 hoc
873 1194 1062 1237 amicum
1090 1192 1143 1235 ad
1178 1194 1430 1236 convivium
1465 1192 1709 1254 appellans,
1743 1210 1879 1254 quum

464 1267 660 1327 pecuniae
684 1263 790 1308 nihil
812 1267 856 1308 in
878 1263 1028 1308 loculis
1051 1264 1206 1319 habet,
1232 1264 1317 1307 ait:

728 1362 902 1400 Coenabis
919 1362 1038 1406 bene,
1059 1362 1109 1397 mi
1128 1359 1304 1406 Fabulle,
1325 1361 1426 1410 apud
1447 1374 1524 1406 me,

728 1428 767 1465 Si
789 1436 912 1463 tecum
933 1425 1104 1462 attuleris
1123 1425 1262 1461 bonan]
1283 1433 1396 1473 atque
1416 1434 1555 1462 rectam

726 1494 879 1529 Coenam
892 1519 901 1536 ‚
919 1498 988 1526 etc.

463 1621 582 1673 Hoc,
603 1617 718 1660 mille
739 1616 821 1660 alia
842 1633 937 1677 quae
957 1617 1027 1660 hic
1046 1626 1255 1676 praetereo
1270 1650 1282 1669 ,
1305 1630 1360 1657 ne
1380 1617 1584 1676 paginam
1599 1617 1643 1659 in
1661 1614 1879 1660 laudando

461 1699 504 1732 et
537 1687 783 1732 exhibendo
811 1688 1169 1748 consumpserim.
1197 1683 1441 1729 AEmulator
1462 1703 1573 1747 saepe.
1601 1685 1703 1730 felix
1736 1685 1879 1731 Catul-

460 1759 584 1803 lianae
610 1758 861 1820 elegantiae,
891 1757 1102 1801 Martialis
1133 1758 1388 1818 rhythmum
1419 1757 1742 1801 festivissimum
1777 1758 1880 1801 arri—

457 1832 567 1891 puit,
585 1847 713 1890 quem
729 1828 883 1872 deinde
903 1831 943 1871 in
959 1828 1097 1889 Sylvis
1113 1829 1290 1885 Statius,
1307 1831 1407 1874 etin
1419 1827 1709 1872 Miscellaneis
1730 1829 1878 1872 carmi—

461 1901 588 1944 nibus
609 1902 658 1944 C.
684 1899 840 1944 Sollius
864 1899 1064 1943 Sidonius
1086 1898 1360 1960 Apollinaris.
1383 1901 1440 1942 At
1463 1899 1554 1959 ipse
1575 1915 1750 1953 omnes,
1769 1915 1878 1959 quos

461 1972 531 2015 hic
562 1972 860 2024 nominamus,
886 1969 1015 2031 longe
1041 1971 1261 2030 praestitit,
1288 1973 1321 2015 si
1350 1968 1570 2015 Catullum
1607 1986 1741 2012 unum
1773 1970 1879 2012 exci-

461 2043 567 2103 pias.
588 2041 660 2087 Nil
687 2043 883 2093 suavius,
904 2040 961 2084 nil
988 2040 1162 2085 mollius
1188 2039 1570 2102 Hendecasyllabis
1591 2039 1658 2083 his
1678 2040 1752 2100 qui
1775 2041 1877 2084 Issae

460 2112 622 2157 catellae
637 2130 780 2157 mores
805 2121 1032 2166 enarrant,
1057 2122 1099 2155 et
1121 2111 1426 2172 malignissima
1451 2110 1629 2171 parodia
1652 2109 1718 2153 vel
1734 2110 1877 2170 potius

460 2183 677 2244 palinodia
706 2181 938 2227 Catulliani
965 2183 1286 2242 epigrammatis
1314 2201 1325 2234 ς

670 2287 788 2333 Ride,
812 2288 841 2323 si
859 2287 979 2336 sapis,
1000 2300 1022 2323 o
1043 2287 1170 2336 puella
1183 2315 1191 2331 ‚
1213 2287 1292 2322 ride
1305 2316 1314 2331 ,

458 2410 500 2443 et
529 2402 740 2443 sexcentis
768 2400 807 2442 id
842 2416 990 2460 genus.
1020 2401 1082 2443 Ut
1112 2409 1255 2442 autem
1285 2400 1367 2442 hoc
1399 2399 1572 2451 irridet,
1604 2396 1674 2440 sed
1706 2396 1875 2448 leviter,

458 2471 543 2514 hoc
567 2469 782 2525 adulatur,
806 2470 878 2513 sed
903 2471 1144 2514 minorihus
1166 2470 1388 2525 viris;hoc
1404 2467 1635 2529 aliquando
1658 2466 1873 2510 describit.

458 2543 560 2585 Uno
599 2541 730 2584 verbo
767 2541 991 2600 expediam
1033 2558 1126 2601 quae
1157 2540 1308 2584 levitas
1334 2551 1376 2583 et
1410 2538 1622 2583 mobilitas
1656 2536 1877 2580 Hendeca0

457 2611 621 2671 syllaho
644 2612 897 2654 {Latinorum
922 2621 1168 2671 competat,
1197 2612 1314 2655 hunc
1346 2610 1544 2653 cumdem
1578 2609 1757 2651 omnino
1784 2624 1874 2651 esse

458 2682 603 2726 diceus
628 2699 724 2724 vum
750 2681 1037 2741 Decasyllabo
1053 2681 1243 2737 Gallico,
1258 2698 1383 2741 quein
1404 2682 1446 2723 in
1461 2680 1648 2723 historiis
1669 2677 1873 2721 sabulosis
