2061 3288
432 233 493 277 38

807 233 869 275 M.
892 233 1032 275 VAL.
1071 232 1464 275 MARTIALIS

566 321 705 362 Parva
735 335 858 363 mora
883 329 948 363 est
974 336 981 362 :
1009 319 1150 375 dices,
1175 319 1246 362 hic
1276 319 1408 362 modo
1432 327 1593 379 pontus
1619 329 1724 362 erat.

571 443 631 483 Οὐ
656 440 760 500 μετὰ
787 436 906 500 δηρὸν
936 442 1044 499 ἐρεῖς·
1072 439 1164 501 ἄρτι
1190 441 1372 484 θάλασσα
1400 435 1478 485 τόδ

428 593 571 625 aequore;
595 579 631 612 h.
661 592 689 612 e.
722 577 807 611 dum
829 578 973 611 finiatur
995 586 1103 611 certa-

429 645 510 665 men
532 632 653 665 navale
669 644 677 665 z
695 645 759 664 nec
776 630 991 664 audiendum
1006 639 1106 677 putat

429 685 582 718 Petitum
595 685 766 730 legentem
781 711 790 725 ‚
804 685 875 716 dum
888 685 1106 731 laxentoequo-

429 752 466 770 ra
488 738 604 771 Martii
618 752 630 772 :
646 739 712 771 illae
730 750 881 783 namque
895 750 1008 783 aquae,
1030 750 1106 783 quae

428 792 471 824 ab
489 792 589 825 Anco
604 804 684 837 rege
699 804 828 824 nomen
844 804 947 824 suum
961 791 1103 832 sortitae,

429 844 565 877 Illarcioe
578 843 785 878 dicebantur
797 871 805 887 ‚
820 857 892 877 non
908 844 1043 877 Illartia.
1055 866 1106 870 —

430 897 574 941 Species,
599 897 756 930 attendas
771 910 780 939 ;
796 897 873 939 alii,
891 905 1039 942 expectes.
1055 918 1107 923 —-

432 951 519 982 Dum
547 951 665 983 laxent.
693 949 737 983 Id
767 959 818 983 est
832 977 841 991 ,
873 949 958 983 dum
986 950 1108 983 emissa

431 1015 518 1049 aqua
539 1003 654 1036 locum
674 1002 733 1036 det
752 1002 1004 1048 gladiatoribus
1019 1029 1027 1044 ‚
1047 1003 1108 1048 qui

1482 443 1491 458 ⁷
1513 458 1574 488 ην.

1165 590 1253 623 aqua
1275 577 1559 623 impediebantur
1581 591 1625 611 ne
1644 577 1681 610 in
1701 590 1842 611 arenam

1165 629 1427 665 descenderent.
1454 631 1640 664 Suetonius
1669 631 1704 663 in
1730 631 1814 663 Tito
1831 657 1842 671 ‚

1166 696 1243 729 cap.
1264 697 1296 729 7.
1320 701 1333 714 κ
1352 683 1458 718 Dedit
1479 693 1513 717 et
1534 685 1655 717 navale
1678 683 1841 729 praelium

1165 738 1201 770 in
1232 738 1342 770 veteri
1374 738 1611 772 Naumachia:
1641 736 1773 770 ibidem
1809 744 1844 769 et

1165 789 1373 835 gladiatores
1385 817 1394 833 ,
1407 800 1509 836 atque
1524 803 1597 823 uno
1613 789 1669 823 die
1684 790 1844 835 quinque

1165 843 1275 876 millia
1288 856 1391 877 omne
1411 857 1520 889 genus
1543 844 1706 876 ferarum.
1731 861 1744 872 υ
1761 843 1844 886 Post

1166 898 1408 930 naumachiam
1422 909 1502 942 ergo
1515 897 1768 930 exhibebantur
1786 895 1845 928 ali-

1168 949 1308 995 quando
1322 949 1527 995 gladiatores
1539 976 1548 991 ‚
1564 958 1602 983 ut
1614 958 1707 995 patet
1723 962 1763 982 ex
1775 949 1844 981 hoc

1166 1002 1259 1036 loco.

1037 1140 1247 1196 XXV.

772 1298 837 1324 DE
876 1297 1121 1325 LEANDRI
1162 1297 1517 1326 SPECTACULO.

433 1424 639 1463 Domitiani
660 1423 1074 1472 cleinentiamNeptuni
1092 1422 1243 1458 saevitiae
1264 1423 1471 1473 anteponit,
1483 1436 1602 1473 quum
1619 1423 1769 1460 fictitius
1787 1423 1849 1459 hic

486 1485 662 1523 Leander
681 1498 700 1521 e
727 1483 885 1521 Caesaris
910 1483 1005 1520 mari
1033 1483 1354 1532 Amphitheatrali
1377 1485 1558 1531 enatarit‚
1584 1485 1646 1521 ille
1672 1497 1784 1521 verus
1808 1484 1849 1519 in

487 1548 737 1597 Hellesponto
755 1544 924 1595 perierit.

508 1680 650 1736 QUOD
680 1686 897 1721 nocturna
924 1675 1023 1731 tihi,
1051 1675 1273 1730 Leandre,
1299 1677 1544 1736 pepercerit
1570 1675 1709 1731 unda,

578 1749 740 1792 Desine
764 1747 914 1790 mirari
938 1763 946 1789 :
975 1747 1156 1790 Caesaris
1185 1746 1304 1789 unda
1334 1745 1428 1790 fuit.

505 1878 763 1936 Νυκτερινὸν,
787 1870 989 1936 Λείανδρ’,
1014 1879 1079 1918 ὅτι
1103 1882 1174 1919 σοῦ
1195 1869 1451 1934 πεφιδήσατο
1476 1881 1605 1935 κῦμα,

578 1943 681 1989 ΟῚΧκ
914 1946 925 1961 l
959 1963 967 1971 ·
1071 1945 1082 1958 Ι
1231 1953 1248 1971 ·,
1346 1947 1356 1960 Ι

618 1951 708 1990 υὸεν
739 1947 945 2007 θαυμαςον
997 1948 1201 2007 Καισαρος
1237 1964 1276 1993 ην
1305 1951 1496 2006 πελαγος.

495 2101 526 2122 1.
547 2087 645 2131 Quod
657 2095 819 2119 nocturna.
837 2084 990 2118 Leandri
1006 2094 1115 2118 noctu

439 2141 591 2174 natantis
607 2139 650 2173 ad
661 2140 838 2173 Heronem
854 2151 950 2172 suam
972 2138 1117 2171 amicam

439 2193 585 2227 historia
602 2220 610 2235 ‚
630 2193 711 2227 satis
732 2201 814 2225 nota
835 2204 876 2225 ex
895 2190 1016 2224 Ovidii
1032 2191 1116 2236 Epi-

440 2247 525 2280 stola
559 2259 572 2280 1
583 2248 602 2281 8
618 2272 627 2287 ,
655 2246 810 2279 exhibita
842 2253 892 2278 est
903 2270 912 2285 ‚
938 2247 1035 2289 cujus
1066 2244 1116 2277 fa-

440 2300 531 2332 bulae
546 2308 642 2333 actor
658 2312 699 2332 ex
716 2298 820 2331 undis
837 2298 980 2332 Caesaris
997 2297 1114 2330 evasit.

497 2365 526 2384 α.
542 2352 689 2386 Caesaris.
699 2352 790 2393 Quia
799 2351 1116 2396 clementiorquam

441 2405 624 2450 Neptunus
644 2407 812 2450 pepercit.
832 2405 881 2438 Ut
902 2404 959 2437 hic
978 2405 1114 2449 Neptu-

1175 2097 1240 2125 ηο,
1257 2086 1305 2118 sic
1318 2085 1398 2118 Jovi
1416 2085 1481 2130 ipsi
1498 2097 1601 2130 supra
1613 2111 1622 2125 ‚
1638 2083 1748 2129 epigr.
1766 2094 1825 2116 xm
1840 2109 1848 2123 ,

1175 2138 1321 2171 Herculi
1349 2138 1440 2171 libro
1475 2139 1526 2171 IX
1538 2164 1547 2180 ‚
1577 2138 1687 2182 epigr.
1715 2148 1766 2169 c11
1783 2161 1792 2177 ‚
1815 2143 1851 2169 et

1176 2191 1294 2224 multis
1321 2191 1395 2224 aliis
1423 2192 1512 2225 locis
1524 2217 1533 2233 ,
1558 2191 1723 2224 collatum
1751 2197 1848 2222 ante-

1176 2245 1278 2289 ponit
1289 2244 1528 2277 Domitianum
1544 2243 1714 2277 Martialis
1726 2269 1735 2283 ,
1748 2243 1848 2274 blan-

1176 2296 1254 2330 dior
1276 2296 1483 2343 doctiorque
1504 2298 1612 2342 hujus
1632 2295 1850 2341 imperatoris

1175 2349 1334 2383 adulator
1344 2377 1353 2392 ,
1369 2363 1472 2396 quam
1484 2351 1588 2385 vellet
1602 2351 1711 2383 lector
1722 2374 1731 2391 ‚
1749 2355 1783 2381 et
1797 2349 1851 2392 jn-

1175 2403 1269 2437 stitia
1291 2403 1385 2438 sinit.
1402 2404 1469 2437 En.
