2061 3288
432 206 523 248 118
796 206 857 248 M.
887 206 1027 249 VAL.
1068 207 1464 252 MARTIALIS

1008 361 1248 419 LXXI.

941 514 1012 542 An
1066 494 1334 543 mmmm*

502 645 648 687 VADE
678 642 934 698 salutatum
962 661 1042 705 pro
1071 662 1140 689 me
1169 644 1277 689 liber
1305 646 1368 689 ire
1393 646 1555 706 juberis

572 713 640 757 Ad
665 713 838 758 Proculi
866 714 1024 759 nitidos
1047 716 1243 761 officiose
1268 715 1393 760 lares.

507 785 677 841 Quaeris
705 783 815 828 iter?
843 784 984 830 dicam
1010 803 1018 829 :
1044 787 1236 830 vicinum
1263 788 1447 831 Castora
1476 802 1592 833 canae

577 854 798 899 Transibis
823 856 991 913 Vestae,
1017 857 1344 918 virgineamque
1371 856 1565 901 domum.

506 924 615 969 Inde
645 925 770 970 sacro
797 926 1047 970 veneranda
1076 937 1196 988 petes
1219 927 1400 971 Pallatia
1423 926 1559 982 clivo,

579 994 770 1039 Plurima
791 1012 877 1056 qua
899 999 1057 1041 summi
1080 997 1218 1059 fulget
1238 1000 1383 1059 imago
1405 997 1537 1042 ducis.

512 1065 606 1110 Nec
629 1075 672 1109 te
695 1065 886 1111 detineat
908 1069 1006 1112 miri
1030 1068 1197 1112 radiata
1219 1067 1410 1123 Colossi,

582 1136 693 1193 Quae
717 1136 941 1181 Rhodium
971 1138 1106 1183 moles
1134 1140 1308 1183 vincere
1335 1138 1494 1200 gaudet
1524 1156 1647 1200 opus.

511 1205 656 1250 Flecte
681 1207 772 1250 vias
799 1207 903 1263 hac,
930 1225 1015 1269 qua
1043 1209 1204 1253 madidi
1235 1219 1337 1253 sunt
1363 1219 1475 1253 tecta
1504 1211 1643 1269 Lyaei,

581 1278 637 1320 Et
664 1277 848 1338 Cybeles
872 1279 989 1340 picto
1013 1290 1096 1324 stat
1119 1280 1369 1340 Corybante
1395 1279 1551 1323 tholus.

497 1418 511 1431 '
531 1422 590 1455 Ad
613 1422 726 1454 librum
750 1435 838 1455 suam
863 1423 1045 1468 inscriptio
1073 1432 1123 1456 est

446 1473 523 1508 MS.
546 1473 763 1508 Beverlandi.

500 1549 553 1554 —-
566 1527 651 1561 Caio
661 1528 756 1561 Julio
768 1528 919 1561 Proculo
934 1541 968 1560 se
983 1536 1124 1561 excusat

450 1579 547 1626 quod
558 1592 629 1612 non
642 1579 684 1613 ad
698 1593 777 1613 eum
790 1579 1011 1614 salutandum
1024 1593 1124 1613 manc

448 1633 586 1674 veniat,
608 1632 780 1666 mittendo
813 1633 963 1672 librum,
993 1635 1027 1665 in
1056 1647 1124 1678 quo

451 1684 638 1720 scribendo
675 1686 722 1719 ita
754 1687 821 1719 fuit
848 1694 1055 1731 occupatus,
1087 1695 1126 1718 ut

451 1739 636 1772 salutatum
649 1739 699 1771 ire
718 1751 790 1772 non
805 1747 931 1783 posset.
953 1739 1019 1771 En.

511 1803 542 1824 1.
561 1790 653 1823 Vade
671 1791 852 1824 salutatum.
876 1791 1044 1824 llIartialis
1063 1790 1126 1824 do-

454 1856 531 1876 mus
549 1851 622 1876 erat
641 1843 684 1876 ad
703 1844 813 1877 Pilam
829 1844 1052 1877 Tiburtinam
1065 1870 1073 1884 ,
1090 1853 1129 1878 ut

456 1898 529 1942 ipse
556 1904 721 1937 testatur,
749 1897 785 1929 in
816 1896 962 1941 septima
988 1897 1130 1941 regione

455 1948 587 1989 Urbis,
613 1967 625 1977 ι·
644 1948 713 1982 Sed
728 1949 925 1982 Tiburtinae
951 1962 1026 1982 sum
1048 1963 1130 1995 pro-

454 2002 569 2036 ximus
589 2002 704 2035 accola
725 2002 826 2048 pilae3
849 2019 862 2031 n
888 2003 1027 2036 Proculi
1049 2014 1131 2035 vero

457 2054 581 2089 domus
598 2063 671 2087 erat
689 2054 725 2087 in
744 2054 877 2087 Palatio
892 2081 900 2096 ,
919 2055 1059 2100 regione
1077 2054 1133 2089 de-

458 2108 568 2149 cima,
585 2106 629 2139 ad
647 2108 770 2141 laevam
790 2108 913 2153 templi
930 2106 1036 2141 d'eum
1058 2109 1132 2141 Ma-

457 2160 532 2193 tris.
570 2159 725 2193 Mediam
755 2159 848 2194 viam
876 2160 933 2193 hic
969 2159 1135 2194 describit

457 2213 639 2246 Martialis.

515 2278 547 2298 ιι.
563 2264 725 2309 Officiose.
739 2266 822 2298 Haec
834 2266 994 2299 salutatio
1009 2274 1135 2311 togata,

457 2319 552 2351 inter
576 2318 774 2351 officiorum
793 2331 928 2363 genera.
950 2339 1000 2344 —
1027 2319 1132 2351 Lares.

459 2370 520 2403 Dii
546 2379 626 2403 sunt
652 2370 831 2404 domestici
858 2371 917 2416 qui
943 2371 978 2404 in
1004 2370 1135 2404 aedibus

457 2423 623 2468 privatim
655 2424 883 2464 colebantur,
915 2425 1044 2470 sumpti
1068 2437 1135 2469 pro

459 2475 564 2509 domo
581 2476 664 2520 ipsa.

512 2533 543 2562 3.
562 2529 707 2560 Castora.
726 2529 912 2574 Templum
933 2530 1084 2563 Castoris
1103 2538 1135 2563 et

456 2582 628 2621 Pollucis,
658 2581 754 2626 quod
785 2582 822 2614 in
855 2583 931 2615 foro
963 2590 1046 2615 erat.
1084 2604 1135 2608 —-

458 2634 559 2668 Canae
584 2633 701 2667 Vesta.
724 2634 831 2668 'Vesta
850 2643 992 2669 vocatur
1015 2636 1132 2674 Cana,

1182 1424 1264 1469 quia
1275 1423 1436 1463 Saturni,
1450 1423 1595 1456 deorum
1607 1423 1839 1468 antiquissimi
1852 1449 1860 1462 ,

1182 1476 1254 1508 filia
1266 1485 1338 1509 erat
1348 1502 1355 1515 ,
1372 1484 1405 1507 et
1419 1476 1582 1521 Cybeles.
1600 1497 1650 1502 -ω
1661 1477 1855 1520 Vir-giacum.

1183 1530 1335 1561 Domum
1356 1529 1559 1561 Vestalium.

1241 1581 1273 1614 5.
1296 1581 1397 1614 Clivo.
1417 1581 1541 1614 Monte
1562 1582 1731 1615 Palatino.

1240 1637 1273 1665 6.
1295 1634 1404 1666 Aurea
1425 1647 1486 1677 qua
1504 1637 1615 1666 summi
1634 1647 1741 1679 marg.
1762 1635 1856 1666 Junt.

1186 1699 1240 1731 ap.
1276 1684 1468 1719 Editorem.
1501 1703 1552 1707 —-
1585 1688 1704 1731 Imago.
1743 1687 1861 1720 Statua

1188 1738 1354 1784 equestris
1375 1740 1575 1772 Domitiani.

1242 1804 1276 1835 7.
1285 1790 1493 1824 Beverlandi
1504 1792 1578 1825 MS.
1590 1799 1623 1825 et
1634 1791 1711 1825 cod.
1721 1793 1860 1825 Thuan.

1190 1844 1315 1876 radiata
1340 1844 1475 1877 Coloris.
1500 1861 1550 1866 --
1574 1845 1640 1878 Nec
1664 1853 1692 1877 le
1714 1845 1861 1878 detineat.

1191 1895 1274 1930 Vid.
1294 1897 1354 1930 lib.
1380 1896 1496 1942 Spect.
1517 1898 1627 1942 epigr.
1649 1909 1697 1940 11,
1719 1910 1751 1930 v.
1779 1910 1808 1930 1-

1243 1950 1276 1983 8.
1292 1950 1448 1982 Rhodium
1462 1963 1550 1994 opus.
1568 1950 1750 1984 Colossum
1767 1951 1866 1983 intel-

1190 2003 1274 2048 lige,
1303 2005 1349 2036 60
1379 2003 1600 2044 cubitorum,
1621 2003 1713 2036 inter
1734 2011 1865 2048 septeni

1192 2055 1286 2088 orbis
1321 2055 1488 2089 miracula
1517 2056 1741 2089 recensitum.
1778 2055 1865 2088 Sunt

1195 2108 1266 2153 qui,
1281 2116 1319 2141 ut
1328 2108 1423 2141 hunc
1433 2109 1548 2141 locum
1557 2134 1565 2150 ,
1575 2109 1623 2141 sic
1633 2108 1716 2142 libri
1726 2108 1866 2154 Specta-

1196 2160 1354 2193 culorum
1373 2173 1513 2194 versum
1534 2162 1809 2207 interpretentur
1824 2160 1868 2194 de

1196 2222 1306 2247 statua
1338 2214 1552 2253 Domitiani,
1589 2227 1694 2260 quam
1727 2214 1869 2260 egregiis

1195 2267 1351 2300 versibus
1370 2265 1551 2313 descripsit
1572 2266 1710 2300 Statius.

1250 2332 1284 2363 9.
1303 2320 1403 2364 [sy-cei.
1425 2320 1478 2352 Ita
1497 2328 1640 2353 vocatur
1661 2319 1831 2359 Bacchus,
1852 2332 1869 2351 a

1193 2373 1258 2404 λύω
1269 2398 1278 2413 ,
1295 2373 1381 2404 solvo
1395 2399 1404 2413 ,
1424 2373 1506 2417 quia
1526 2384 1625 2406 curas
1639 2371 1751 2405 solvit.

1254 2437 1308 2458 10.
1346 2425 1394 2457 Et
1422 2425 1560 2457 crudeles
1594 2426 1629 2458 in
1664 2423 1871 2457 Beverlandi

1196 2477 1270 2510 MS.
1290 2485 1322 2510 et
1340 2477 1416 2510 cod.
1434 2478 1570 2511 Thuan.
1587 2498 1639 2503 ———
1661 2478 1790 2509 Tholas.
1806 2478 1872 2510 Ca-

1195 2542 1290 2563 mera
1316 2529 1472 2570 aedificii,
1498 2531 1533 2562 in
1560 2529 1770 2574 fastigiatum
1791 2542 1871 2563 acu-

1195 2595 1275 2616 men
1291 2582 1450 2616 desinens
1463 2609 1471 2623 ‚
1484 2583 1520 2615 iu
1535 2595 1602 2627 qua
1617 2583 1730 2615 trabes
1746 2590 1873 2616 coeunt

1197 2644 1230 2669 et
1249 2636 1477 2677 conveniunt,
1505 2634 1636 2669 ibidem
1665 2644 1801 2670 scutum
1822 2637 1872 2671 af-
