2061 3288
836 197 901 239 M.
932 198 1072 241 VAL.
1112 200 1507 246 MARTIALIS

669 284 736 327 Ne
763 281 925 328 blando
951 295 1047 329 rota
1074 287 1128 330 sit
1154 286 1337 332 molesta
1361 305 1540 345 somno;

674 354 818 410 Quem
850 371 931 399 nec
963 373 1169 418 rumpere
1197 361 1424 404 nauticum
1453 360 1692 413 celeusma,

671 425 766 468 Nec
794 424 960 471 clamor
989 427 1104 472 valet
1129 428 1463 486 helciariorum3

675 496 826 552 Quum
857 498 911 540 sit
935 507 1024 541 tam
1054 516 1193 561 prope
1214 501 1411 546 Mulvius
1426 537 1438 556 ,
1461 518 1720 564 sacrumque

673 567 829 627 Lapsae
854 584 934 628 per
955 569 1146 614 Tiberim
1172 571 1322 616 volent
1349 573 1518 616 carinae.

675 638 773 682 Hoc
795 655 869 682 rus
891 635 985 696 (seu
1009 643 1153 701 potius
1175 642 1332 687 domus
1353 644 1555 688 vocanda
1575 640 1665 699 est)

675 709 971 755 Commendat
995 711 1224 769 dominu53
1246 724 1367 758 tuam
1394 715 1590 776 putabis;

672 780 779 822 Tam
812 798 901 824 non
930 782 1100 837 invida,
1128 794 1305 846 tamque
1336 785 1550 838 liberalis,

668 851 777 894 Tam
804 853 919 897 comi
944 863 1066 914 patet
1088 855 1394 917 hospitalitate.

672 922 839 968 Credas
860 923 1031 968 Alcinoi
1054 926 1148 987 pios
1171 937 1350 988 penates
1365 964 1376 981 ‚

672 995 763 1036 Aut
787 993 890 1038 faeti
913 996 1046 1040 modo
1076 997 1220 1043 divitis
1245 998 1479 1043 Molorchi.
1853 1015 1885 1038 «³··

517 1153 577 1174 ¹21.
604 1139 685 1174 Ald.
718 1141 817 1175 Junt.
852 1142 965 1176 Colin.
1002 1143 1141 1190 Gryph.

461 1193 622 1227 Pulman.
639 1195 784 1228 Junian.
804 1196 913 1241 Lang.
932 1197 1060 1242 Delph.
1075 1207 1142 1232 etc.

462 1249 622 1279 nauticum
644 1248 792 1282 celeuma.
820 1271 873 1275 —-
899 1250 1070 1284 Numicum
1095 1265 1145 1284 ce-

464 1301 591 1334 leusma.
616 1299 796 1335 Celeusum
810 1328 818 1341 ,
843 1315 911 1336 vox
938 1316 1046 1348 graeca
1066 1302 1145 1343 (κε-

462 1354 544 1386 λεύω
560 1381 569 1394 ,
586 1349 721 1399 jubeo),
747 1356 853 1389 latine
875 1357 1051 1390 cohortatio
1065 1385 1073 1397 ,
1096 1366 1147 1391 est

463 1415 648 1441 nautarum
670 1408 823 1450 clamor,
846 1422 917 1455 quo
935 1422 1009 1443 sese
1032 1411 1146 1444 accin-

464 1469 553 1505 gunt
563 1460 606 1494 ad
622 1461 883 1507 remigandum.
896 1462 979 1497 Vid.
999 1463 1061 1497 lib.
1074 1465 1145 1505 III,

461 1514 572 1559 epigr.
597 1527 696 1547 van
713 1541 722 1556 ,
745 1528 795 1549 vs.
823 1520 856 1556 4.

522 1580 581 1600 22.
608 1568 856 1602 Heleiariorum.
881 1569 1050 1603 Helciarii
1071 1564 1084 1613 (
1102 1571 1144 1603 ab

463 1622 545 1652 ἕλκω
572 1629 634 1653 aut
653 1622 752 1654 ἑλκύω
765 1647 773 1662 ,
794 1617 911 1666 traho)
933 1631 1013 1656 suut
1032 1623 1056 1655 ii
1083 1624 1146 1669 qui

464 1685 590 1706 navem
615 1673 762 1707 adverso
790 1675 937 1709 flumine
966 1675 1147 1710 deducunt

464 1735 524 1759 aut
543 1728 701 1760 remulco
723 1737 852 1774 agunt,
877 1737 937 1762 aut
957 1730 1146 1763 anchoram

463 1792 537 1813 uno
552 1781 706 1813 connixu
724 1790 758 1815 et
774 1791 897 1815 mutuo
916 1783 1059 1816 hortatu
1076 1795 1148 1816 mo-

462 1833 601 1866 liuntur
613 1859 622 1875 ,
643 1842 677 1867 et
693 1835 887 1880 generatim
898 1848 986 1869 onus
999 1835 1148 1882 aliquod

463 1887 594 1930 junctis
617 1887 751 1921 viribus
776 1889 921 1922 trahunt
949 1890 1077 1930 lzelcz'is,
1109 1889 1147 1923 id

463 1948 529 1980 est,
553 1940 695 1973 funibus
714 1949 773 1974 aut
791 1942 961 1976 vectibus.

520 1993 580 2026 23.
601 1994 707 2038 Quum
727 1997 769 2027 sit
791 2003 855 2027 tam
871 2009 988 2041 prope,
1013 2004 1079 2029 etc.
1106 1994 1147 2029 Id

467 2054 518 2079 cst
539 2073 548 2087 ‚
578 2047 740 2092 quamvis
768 2048 811 2081 sit
840 2056 910 2082 tam
926 2061 1039 2095 prope
1057 2061 1148 2095 pons

466 2100 620 2132 Mulvius
654 2108 688 2133 et
718 2101 856 2135 Tiberis
869 2128 877 2143 ‚
907 2102 948 2136 is·
972 2110 1022 2136 est
1061 2103 1148 2135 situs

470 2152 579 2193 villae,
597 2162 636 2186 ut
658 2154 775 2187 omnia
796 2154 873 2188 visu
886 2182 894 2196 ,
912 2155 1000 2188 nihil
1023 2154 1147 2188 auditu

465 2206 630 2252 excipias.
645 2228 696 2233 —--
714 2208 866 2240 lllulvius.
892 2208 973 2241 Sive
1000 2209 1147 2250 Milvius,

467 2271 576 2302 pons,
596 2259 704 2293 hodie
714 2261 817 2293 Ponte
836 2261 938 2301 Molo,
961 2262 1053 2295 ultra
1073 2262 1148 2307 pri-

466 2324 564 2345 mum
575 2313 617 2345 ab
630 2314 718 2346 urbe
729 2313 897 2359 lapidem,
906 2315 1027 2348 Tiberi
1037 2315 1151 2360 impo-

468 2365 554 2398 situs
566 2391 573 2403 ,
590 2366 626 2398 in
642 2366 698 2399 via
711 2367 893 2401 Flaminia.
905 2367 989 2401 Vid.
1002 2368 1061 2401 lib.
1077 2368 1148 2407 III,

466 2417 577 2463 epigr.
594 2431 675 2459 xlv,
693 2433 742 2453 rs.
767 2425 801 2461 4.
827 2443 867 2448 —-
891 2421 1035 2454 Sacrum.
1058 2422 1149 2463 Quia

469 2484 532 2514 pro
551 2470 619 2504 deo
636 2473 816 2506 colebatur
834 2473 993 2514 Tiberis,
1011 2475 1062 2507 uti
1085 2475 1149 2508 alia

467 2524 625 2558 flumina.
643 2525 725 2558 Yid.
744 2527 846 2572 Virg.
865 2529 945 2561 AEu.
963 2528 1026 2561 lib.
1048 2528 1149 2561 VIII.

464 2579 645 2611 Caeterum
661 2588 786 2613 cuncta
802 2579 947 2614 flumina
963 2590 998 2614 et
1013 2580 1127 2614 fontes
1139 2607 1147 2622 ‚

468 2644 546 2675 quae
578 2632 767 2665 tuebantur
794 2632 851 2666 dei
874 2643 932 2668 aut
956 2635 1122 2679 nymphae
1140 2660 1148 2675 ‚

468 2693 565 2717 orant
586 2697 690 2719 sacra.
715 2686 782 2719 En.

1262 1146 1320 1179 25.
1348 1147 1471 1178 Domus
1489 1145 1648 1178 vocanda.
1670 1145 1761 1187 Quia
1782 1158 1886 1179 orna-

1212 1198 1343 1232 tissima
1360 1208 1393 1232 et
1404 1199 1580 1232 simillima
1596 1199 1739 1232 urbanae
1752 1198 1886 1232 domui.

1262 1254 1321 1285 26.
1362 1252 1570 1285 Commendat
1600 1253 1755 1286 dominus.
1790 1252 1888 1285 Facit

1205 1305 1444 1339 honestiorem
1483 1305 1740 1351 gratioremque
1772 1305 1887 1338 Julius

1205 1359 1376 1392 Martialis
1389 1386 1398 1400 ‚
1414 1359 1473 1404 qui
1487 1360 1523 1392 in
1543 1372 1618 1392 eam
1636 1370 1760 1392 omnes
1772 1358 1890 1404 hospi-

1206 1419 1256 1445 tes
1288 1411 1465 1453 admittit,
1490 1413 1537 1446 sic
1569 1420 1608 1444 ut
1629 1424 1717 1444 suam
1738 1411 1889 1457 quisque

1206 1477 1278 1498 esse
1296 1473 1398 1509 patet.
1910 1462 1911 1466 ¹

1263 1519 1323 1551 28.
1360 1519 1441 1550 Tam
1469 1520 1548 1550 comi
1574 1526 1669 1563 paler·
1699 1517 1888 1550 Beverlan-

1207 1569 1244 1603 di
1264 1570 1337 1604 MS.

1263 1636 1322 1667 29.
1351 1624 1508 1664 Alcinoi,
1540 1632 1605 1657 etc.
1634 1623 1717 1657 Fuit
1741 1623 1799 1656 ille
1829 1636 1890 1657 rex

1207 1677 1393 1709 Phaeacum
1405 1677 1440 1709 iu
1454 1677 1566 1710 insula
1578 1677 1745 1721 Corcyra,
1757 1676 1890 1720 Corsou,

1208 1730 1270 1763 ubi
1293 1730 1416 1763 hortos
1435 1730 1586 1763 habebat
1607 1737 1819 1775 praestantes.
1839 1750 1891 1756 --

1208 1785 1347 1816 Penates
1357 1791 1456 1817 erant
1468 1782 1518 1816 dii
1527 1782 1714 1818 domestici
1725 1795 1806 1828 ;pro
1818 1782 1892 1828 ipsa

1208 1836 1316 1870 domo
1338 1845 1534 1882 ponuntur,
1551 1849 1657 1882 quam
1670 1838 1759 1881 piam
1777 1835 1893 1881 appel-

1207 1890 1255 1923 lat
1270 1890 1339 1923 hoc
1353 1890 1389 1922 in
1405 1890 1482 1923 loco
1497 1898 1592 1923 vates
1603 1914 1612 1929 ‚
1630 1888 1711 1934 quia
1726 1889 1891 1934 Ulyssem

1207 1943 1389 1988 naufragio
1413 1944 1563 1988 ejectum
1582 1942 1735 1987 benfigne
1756 1941 1894 1987 excepit

1207 1996 1376 2029 Alcinous
1396 2022 1405 2037 ,
1444 2004 1482 2029 ut
1525 2003 1646 2028 narrat
1684 1995 1860 2028 Homerus
1881 2020 1891 2036 ,

1209 2048 1334 2094 Odyss.
1355 2050 1393 2082 Z.

1262 2104 1322 2135 30.
1345 2102 1463 2136 Divitis
1490 2102 1658 2135 Molorchi.
1685 2100 1893 2134 Molorchus

1209 2163 1327 2201 pastor
1355 2155 1553 2188 venientem
1583 2153 1626 2188 ad
1654 2155 1794 2188 leonem
1819 2153 1891 2186 Ne-

1207 2221 1355 2242 nieaeum
1378 2207 1655 2254 opprimendum
1680 2206 1893 2241 humanissi-

1207 2274 1264 2295 me
1292 2262 1446 2307 excepit,
1469 2261 1553 2295 licet
1579 2273 1732 2307 pauper,
1755 2260 1893 2293 Hercu-

1207 2315 1277 2348 lem
1293 2329 1300 2347 :
1317 2316 1429 2348 factus
1439 2327 1522 2347 vero
1539 2313 1636 2348 dives
1654 2313 1800 2355 dicitur,
1812 2312 1893 2358 quia

1208 2368 1434 2401 Domitianus
1454 2368 1576 2400 fanum
1598 2367 1745 2400 Herculi
1760 2366 1893 2411 magni-

1209 2421 1276 2455 fico
1299 2422 1384 2454 luxu
1402 2421 1438 2453 in
1456 2421 1512 2453 via
1533 2420 1632 2453 Latia
1652 2427 1868 2453 exstruxerat
1882 2444 1891 2460 ,

1209 2475 1269 2508 lib.
1288 2475 1353 2517 IX,
1371 2474 1483 2520 epigr.
1499 2487 1579 2515 va,
1594 2474 1691 2519 juxta
1707 2471 1803 2518 quod
1817 2472 1893 2504 Μο-

1209 2528 1334 2561 lorcho
1361 2528 1525 2561 sacellum
1557 2526 1743 2560 aedificavit
1768 2524 1892 2558 multis

1209 2579 1311 2614 donis
1337 2581 1592 2626 locupletatum
1608 2606 1617 2624 ,
1638 2579 1682 2613 tle
1710 2591 1782 2624 quo
1805 2576 1891 2610 dicit

1209 2634 1342 2668 Statius
1360 2659 1368 2675 ,
1392 2633 1472 2667 Silv.
1494 2634 1547 2667 III
1566 2646 1574 2667 ε
1600 2651 1612 2663 «
1628 2633 1702 2666 Nec
1722 2630 1890 2677 pauperis

1210 2700 1291 2721 arva
1313 2687 1499 2720 Molorchi.
1527 2704 1538 2716 ι
