2061 3288
553 206 643 248 DE
682 202 1169 248 SPECTACULIS.
1545 197 1571 244 5

296 296 350 337 Et
374 302 577 337 crescunt
602 292 743 336 media
768 300 974 353 pegmata
995 289 1108 335 celsa
1134 290 1230 345 via3

232 364 449 408 Invidiosa
472 363 551 408 feri
574 363 803 408 radiabant
829 363 938 406 atria
963 362 1101 422 regis,

298 436 484 495 Unaque
508 435 598 495 jam
625 444 716 478 tota
743 434 887 478 stabat
912 433 956 476 in
980 431 1103 475 Urbe
1129 431 1297 475 domus.

232 506 338 560 Hic,
360 506 435 549 ubi
465 506 688 566 conspicui
719 503 978 548 venerabilis
1008 501 1328 563 Amphitheatri

564 588 569 601 Ι

303 617 482 660 Macedon
509 612 548 659 δ’
579 618 649 667 ἔςτ,
677 611 775 660 ὁδοῦ
803 616 988 677 π·ήγματ’
1015 615 1245 674 ἀειρόμενα-

269 694 289 702 Ν
364 689 374 706 ,
413 691 420 703 .
479 694 499 703 ..
616 687 623 700 1
772 687 780 700 ‚
873 685 883 699 ι
986 703 994 710 ,
1147 685 1158 697 s

229 689 288 736 Τη
320 682 362 730 δι
404 692 497 731 ολου
530 690 729 743 βασιλειον
758 681 1028 736 anomaeus
1056 702 1262 745 τυραννου.

302 743 356 800 E‘v
389 752 427 800 δ’
457 757 502 805 ἦν
530 766 672 818 μοῦνον
699 760 793 807 ὅλης
821 764 894 807 τῆς
921 756 1074 806 πόλεως
1105 756 1291 816 μέγαρον.

233 830 431 872 Θέσκελον
458 828 485 890 ἦ
509 826 781 889 περιὲλέπτου
807 827 1002 889 ἐγείρεται
1028 825 1301 886 &pemseia-900

165 947 324 983 eamdem
338 949 374 982 in
385 958 536 995 quatuor
550 950 709 996 regiones
725 948 842 983 distri-

164 1002 244 1035 buit
265 1014 272 1036 :
294 1003 438 1049 illasque
456 1016 474 1036 a
499 1003 600 1045 loco,
621 1015 727 1049 quem
748 1014 842 1048 quae-

164 1068 234 1101 que
246 1068 325 1101 pars
338 1056 474 1090 colebat
488 1082 497 1098 ,
511 1056 706 1103 appellavit.
727 1055 844 1089 Prima

165 1108 258 1142 dicta
279 1118 351 1142 erat
372 1109 540 1142 Suburana
555 1136 563 1152 ,
583 1110 691 1143 altera
716 1110 843 1155 Exqui-

166 1162 250 1202 Ιιίια,
269 1162 370 1195 tertia
390 1162 572 1203 Calatina,
590 1171 765 1208 postrema
780 1162 845 1194 Pa-

167 1215 280 1247 latina.
314 1216 429 1260 Atque
465 1216 539 1249 haec
570 1216 679 1249 Urbis
717 1214 844 1249 divisio

168 1266 309 1301 duravit
336 1280 447 1313 usque
479 1267 521 1302 ad
556 1281 669 1302 aevum
698 1267 846 1313 Augusti

170 1319 333 1362 Caesaris,
348 1321 408 1366 qui
429 1322 554 1355 urbem
573 1322 704 1354 mirum
722 1322 759 1354 in
775 1333 847 1353 mo-

169 1371 255 1406 dum
265 1398 274 1414 ‚
284 1385 352 1418 qua
364 1374 462 1407 tectis
472 1396 481 1412 ,
497 1387 564 1420 qua
575 1375 711 1420 populo
723 1373 846 1419 ampli-

169 1426 328 1469 ficatam,
349 1427 386 1460 in
402 1427 668 1473 quatuordecim
688 1426 847 1473 regiones

170 1478 301 1513 divisit.
311 1480 527 1514 —Sidereus.
541 1480 705 1514 Sidereus
720 1480 777 1514 hic
794 1478 848 1512 di-

171 1532 265 1566 citur
300 1533 476 1575 colossus,
500 1535 582 1581 quia
602 1534 686 1567 huic
710 1533 847 1579 dejecto

174 1585 325 1619 Neronis
345 1587 480 1633 capite,
499 1588 735 1633 Vespasianus
759 1585 849 1619 Solis

173 1638 310 1671 vultum
331 1638 520 1673 duodecim
541 1640 648 1674 radiis
677 1640 848 1684 insignem

174 1692 342 1737 reposuit.
384 1693 512 1726 Noster
557 1694 650 1727 enim
697 1693 849 1725 sidereum

176 1744 265 1777 deum
274 1745 424 1790 appellat
433 1746 549 1780 Solem
559 1772 567 1788 ,
578 1746 638 1779 lib.
650 1747 721 1778 XII
730 1772 738 1788 ,
747 1758 802 1791 ep.
816 1747 848 1777 (3.

181 1815 195 1827 «
222 1797 419 1844 Magnaque
453 1797 578 1832 siderei
609 1797 762 1831 vidimus
791 1810 852 1830 ora

177 1849 246 1884 dei.
267 1868 281 1880 »
300 1852 368 1883 Vel
385 1851 539 1886 sidereus
559 1851 690 1885 dicitur
706 1851 786 1897 quia
802 1863 855 1884 ra-

178 1902 254 1937 dios
279 1905 461 1950 spargebat
481 1905 589 1938 instar
610 1903 755 1938 sideris:
773 1902 854 1936 vide

179 1956 334 1990 Plinium
361 1958 542 1999 XXXIV,
569 1971 606 2003 7.
639 1957 785 1991 Sueton.
818 1957 855 1989 in

180 2010 287 2055 Vesp.
303 2023 379 2056 cap.
395 2023 408 2044 1
419 2012 456 2052 83
478 2011 634 2044 «Colossi
647 2011 855 2044 refectorem

181 2063 307 2107 insigni
336 2064 513 2109 congiario
543 2076 737 2110 magnaque
767 2076 857 2096 mer-

181 2114 266 2149 cede
293 2115 451 2149 donavit.
477 2134 490 2146 u
523 2138 576 2143 —
606 2117 777 2157 colossas,
799 2117 857 2162 qui

163 2211 166 2214 Δ
182 2167 375 2201 secundum
388 2169 531 2204 Sueton.
553 2170 589 2203 in
606 2171 690 2204 Ner.
704 2182 782 2215 cap.
799 2169 818 2202 3
829 2181 860 2210 1,

183 2229 324 2256 centum
341 2222 466 2267 viginti
480 2222 613 2268 pedum
626 2224 736 2257 stabat
751 2223 861 2268 ipsius

184 2274 333 2308 Neronis
349 2275 475 2320 effigie.
492 2277 560 2309 En.

242 2341 274 2361 ιι.
308 2328 466 2372 Pegmata
506 2328 653 2362 fuerunt
693 2327 864 2362 machinae

186 2393 270 2426 quas
284 2380 332 2414 sic
348 2380 516 2414 describit
528 2381 677 2427 Scaliger
688 2382 724 2414 in
740 2381 865 2414 Manil.

187 2434 249 2467 lib.
274 2435 327 2467 V:
357 2451 370 2463 «
396 2435 481 2467 Erat
503 2443 619 2468 antem
638 2446 761 2480 pegma
782 2446 865 2467 con-

189 2486 373 2528 tabulatio,
390 2500 466 2533 quae
477 2496 603 2533 sponte
614 2488 778 2532 surgebat
794 2499 869 2520 sen-

190 2540 254 2572 sim
267 2565 276 2580 ‚
290 2548 323 2572 et
339 2539 606 2574 dissolvebatur.
630 2558 643 2570 »
664 2541 716 2573 De
726 2540 781 2573 his
796 2552 869 2572 ma-

192 2592 305 2626 chinis
329 2593 487 2635 Plinius,
506 2594 567 2627 lib.
592 2594 772 2634 XXXIII,
795 2605 869 2639 cap.

197 2644 254 2679 33.
276 2645 406 2680 Seneca
428 2646 530 2693 epist.
552 2649 611 2681 88.
642 2665 654 2675 ‹-
677 2646 738 2680 His
761 2659 872 2679 annu·

902 959 1013 980 meres
1031 947 1111 981 licet
1129 946 1402 987 machinatores,
1419 947 1480 992 qui
1498 959 1584 992 peg-

903 1008 996 1034 mata
1012 1012 1053 1034 ex
1068 1013 1104 1034 se
1119 1000 1297 1046 surgentia
1313 1000 1512 1045 excogitant
1527 1026 1535 1041 ‚
1551 1007 1585 1033 et

902 1053 1057 1088 tabulata
1078 1053 1180 1088 tacite
1203 1054 1239 1086 in
1258 1053 1410 1087 sublime
1428 1066 1584 1087 crescen-

903 1107 948 1140 tia
962 1134 970 1149 ‚
982 1115 1016 1140 et
1029 1107 1110 1140 alias
1125 1119 1165 1140 ex
1182 1106 1366 1151 inopinato
1376 1106 1557 1140 varietates
1573 1121 1582 1144 ς

903 1169 963 1194 aut
979 1159 1238 1193 dehiscentibus
1252 1172 1329 1205 quae
1344 1160 1586 1199 cohaerebant,

904 1222 962 1247 aut
986 1213 1040 1247 his
1064 1225 1143 1258 quae
1171 1212 1345 1246 distabant
1371 1225 1431 1245 sua
1458 1221 1583 1258 sponte

903 1266 1110 1299 coeuntibus
1122 1291 1130 1306 ‚
1146 1273 1207 1298 aut
1223 1266 1277 1298 his
1290 1279 1366 1311 quae
1383 1266 1584 1298 eminebant

903 1318 1075 1364 paulatim
1103 1318 1138 1350 in
1165 1331 1200 1351 se
1225 1318 1473 1352 residentibus.
1494 1336 1507 1347 »

908 1372 974 1404 Via
990 1371 1092 1404 Sacra
1103 1383 1208 1416 quam
1219 1372 1372 1405 Neronis
1389 1370 1513 1404 domus
1529 1384 1585 1405 oc-

906 1433 1094 1470 cupaverat
1109 1437 1119 1465 ;
1146 1437 1242 1457 nunc
1269 1437 1351 1458 vero
1380 1425 1428 1458 ita
1453 1425 1519 1458 lata
1551 1433 1584 1457 et

905 1479 979 1511 laxa
992 1478 1221 1511 estbeneficio
1233 1477 1390 1519 Caesaris,
1399 1486 1438 1510 ut
1447 1489 1585 1524 pegma-

906 1539 940 1565 ta
953 1531 1095 1564 excitari
1115 1539 1149 1564 et
1171 1531 1254 1564 ferri
1276 1531 1311 1563 in
1332 1543 1371 1563 ea
1393 1532 1538 1576 possint.

964 1584 997 1617 3.
1018 1583 1177 1616 Invidiosa,
1188 1585 1267 1627 seri.
1296 1583 1444 1626 Odiosa,
1474 1585 1585 1617 invisa

907 1638 948 1671 iis
978 1649 1130 1683 quorum
1155 1637 1246 1671 aedes
1277 1638 1512 1683 interceperat
1532 1637 1583 1670 in-

909 1689 1108 1724 cendiarius
1125 1691 1220 1724 Nero
1232 1717 1240 1732 ‚
1261 1699 1300 1723 ut
1316 1691 1352 1723 in
1365 1703 1469 1724 suum
1484 1703 1588 1724 usum

909 1751 1140 1777 converteret.
1175 1743 1326 1777 Neronis
1360 1744 1454 1776 enim
1485 1757 1589 1778 aurea

910 1796 1036 1829 domus
1066 1797 1253 1842 occupavit
1280 1797 1430 1842 spatium
1464 1798 1589 1830 colossi

913 1858 945 1883 et
964 1849 1035 1882 vias
1054 1850 1231 1894 publicas,
1254 1849 1398 1883 Sueton.
1427 1850 1503 1884 ibid.
1527 1851 1587 1884 31.

912 1918 963 1924 --
981 1903 1090 1935 Atria.
1106 1904 1240 1936 Domus
1252 1903 1349 1948 prius
1366 1903 1566 1936 transitoria
1582 1929 1592 1944 ,

913 1967 1000 1988 mox
1023 1955 1190 1988 incendio
1208 1957 1391 2001 absumpta
1415 1956 1594 1989 restituta-

915 2021 984 2055 que
996 2034 1004 2050 ,
1023 2021 1126 2041 aurea
1140 2009 1320 2042 nominata
1334 2035 1342 2051 ,
1358 2008 1502 2042 Sueton.
1517 2009 1592 2042 ibid.

916 2084 968 2088 —
978 2063 1086 2106 Regis.
1098 2061 1259 2095 Crudelis
1270 2063 1411 2108 tyranni
1421 2062 1593 2095 Neronis:

917 2127 1048 2148 nomen
1067 2124 1183 2148 autem
1204 2115 1294 2160 regis
1310 2127 1448 2160 semper
1467 2116 1598 2148 Roma-

919 2168 973 2201 nis
987 2167 1150 2201 invisum.

976 2225 1009 2262 4.
1047 2222 1178 2268 Unaque
1193 2244 1202 2260 7
1235 2229 1294 2254 etc.
1326 2220 1459 2254 Notum
1484 2221 1551 2255 hoc
1581 2234 1600 2255 e

922 2275 1078 2307 carmine
1098 2275 1175 2310 illo,
1202 2289 1215 2300 κ
1236 2276 1348 2307 Roma
1372 2272 1495 2307 domus
1519 2274 1602 2317 fiet,

925 2327 1033 2361 Veios
1054 2328 1217 2373 migrate,
1233 2327 1409 2368 Quirites,
1426 2327 1461 2361 Si
1479 2340 1552 2361 non
1569 2336 1604 2361 et

925 2380 1033 2413 Veios
1062 2388 1209 2426 occupat
1229 2380 1288 2413 illa
1306 2379 1429 2413 domus

926 2442 1024 2467 rente
1044 2433 1226 2474 Suetonio,
1238 2433 1322 2466 Ner.
1337 2445 1366 2466 c.
1388 2434 1447 2477 39.

983 2485 1015 2520 5.
1045 2487 1111 2519 Hic
1141 2486 1195 2519 ubi
1206 2513 1213 2525 ,
1243 2494 1301 2520 etc.
1330 2486 1428 2519 Inter
1459 2486 1609 2520 Coelium

930 2548 1088 2573 montem
1119 2547 1153 2572 et
1183 2539 1366 2585 Esquilias.
1390 2560 1441 2566 —
1468 2540 1611 2573 Venera-

932 2593 1003 2626 bilis
1015 2620 1025 2633 ‚
1041 2592 1209 2638 quoniam
1226 2605 1321 2626 sacra
1335 2593 1450 2625 Marti.
1467 2614 1517 2619 —
1532 2593 1613 2625 Am-

931 2646 1115 2690 phitheatri.
1133 2644 1216 2679 Vid.
1232 2645 1334 2691 Epig.
1352 2657 1456 2689 praec.
1472 2658 1506 2678 v.
1527 2658 1546 2672 ’τ’

1397 2708 1408 2719 ,

1529 2673 1539 2689 l
1554 2671 1559 2677 .

1531 1338 1584 1345 —v

1453 2398 1466 2410 »ι
1482 2407 1491 2424 ,
1511 2381 1602 2414 refe-

1395 2720 1409 2731 ,ι

1362 2734 1373 2760 1
