2061 3288
455 205 1040 252 EPIGRAMMATUM
1082 209 1206 257 LIB.
1254 210 1287 252 Ι.

1504 211 1558 255 8ι

369 293 436 337 Ne
465 295 654 354 possint,
686 295 765 340 nisi
795 297 1013 358 pruriant,
1035 297 1201 358 juvare.

367 364 517 421 Quare
547 365 741 427 deposita
772 369 1023 419 severitate,

365 436 526 480 Parcas
555 435 718 482 lusibus
750 448 793 482 et
818 439 948 500 jocis,
974 454 1206 500 rogamus:

365 506 461 550 Nec
489 517 679 552 castrare
702 508 807 553 velis
833 526 952 553 meos
976 507 1153 553 libellos.

370 575 500 622 Gallo
531 579 701 639 turpius
733 590 797 624 est
821 579 926 624 nihil
950 580 1120 641 Priapo.
1540 606 1570 630 ις

214 724 227 744 1
242 724 270 745 1.
287 712 497 758 Necpossunt
513 723 661 761 uterque
675 716 782 750 Palat.
801 725 835 750 et

155 764 206 798 sic
234 766 337 798 etiam
362 766 445 811 legit
467 767 609 801 Bamires
642 769 680 801 de
712 770 832 803 Prado.

157 840 209 844 —
219 818 406 863 Neposst‘nt.
418 819 502 856 Vid.
513 821 626 855 Catul.
639 821 746 868 epigr.
759 835 831 856 xVI.

212 872 268 905 13.
293 872 411 905 Parces
429 873 528 906 Junt.

214 936 227 956 1
238 929 257 965 4
265 951 272 958 .
288 924 448 959 Castrare.
462 927 695 961 Petulantiam
708 954 717 970 ,
728 929 833 962 verba

161 976 288 1010 lasciva
311 986 345 1011 et
369 978 556 1013 libidinosa
578 981 712 1014 tollere.

215 1043 228 1063 1
240 1030 270 1064 5.
296 1031 394 1065 Gallo
413 1037 531 1078 Impius
547 1060 555 1073 ,
578 1043 642 1067 etc.
656 1034 767 1076 Galli,
783 1047 835 1068 Sa-

160 1082 319 1118 cerdotes
336 1086 454 1119 matris
472 1085 636 1127 deorum,
653 1096 752 1121 erant
762 1100 837 1120 oni-

893 729 953 750 nes
963 717 1112 750 castrati.
1122 717 1270 763 Priapus
1284 718 1469 753 hortorum
1484 732 1571 766 prae-

892 782 943 803 ses
963 769 1160 815 praegrandi
1175 783 1264 816 pene
1282 768 1293 811 (
1308 780 1347 805 ut
1360 773 1512 807 Veneris
1526 774 1568 807 fi-

892 823 979 855 lium
1001 821 1122 863 decet)
1141 823 1421 871 conspiciendus.
1439 827 1488 860 Ut
1503 827 1569 861 ita-

893 888 962 921 que
972 876 1117 909 minime
1128 875 1267 911 deceret
1278 877 1445 924 Priapum
1456 872 1571 926 (cujus

894 929 966 962 sola
976 928 1158 963 admiratio
1168 931 1205 963 in
1215 931 1279 965 hac
1289 930 1405 976 parte)
1414 934 1569 973 castrari,

895 982 942 1016 ita
960 995 1024 1016 nec
1043 983 1291 1029 epigrammata
1313 978 1416 1031 (quae
1432 985 1571 1022 lascivia

896 1043 931 1068 et
953 1036 1072 1069 aculeo
1088 1037 1234 1071 maxime
1249 1035 1411 1083 placent)
1432 1039 1572 1084 pruritu

894 1089 1024 1122 orbari.

684 1228 1040 1285 XXXVII.

455 1373 529 1402 AD
567 1372 847 1403 LUCANUM
886 1375 951 1403 ET
990 1356 1275 1405 TULLUM.*

230 1499 299 1552 Sl,
331 1500 531 1555 Lucane,
563 1499 663 1556 tibi,
683 1499 752 1544 vel
778 1501 812 1544 si
837 1500 938 1556 tibi,
959 1499 1106 1557 Tulle,
1130 1500 1357 1559 darentur,

298 1568 456 1625 Qualia
481 1570 625 1614 Ledaei
657 1570 745 1615 fata
771 1573 969 1616 Lacones
1000 1571 1185 1627 habent3

229 1639 398 1684 Nobilis
423 1640 516 1685 haec
539 1651 650 1685 esset
676 1643 846 1702 pietatis
872 1643 963 1686 rixa
987 1642 1181 1698 duobus,

266 1771 283 1786 ’l
492 1778 509 1786 m
728 1775 735 1788 ἱ
848 1774 857 1787 Χ
916 1774 932 1788 ‘l
1129 1776 1139 1788 Ι
1367 1776 1379 1790 Ι

229 1774 279 1815 Ea
311 1790 412 1816 ποτε
445 1791 528 1830 cot,
563 1776 764 1828 Λουκανε,
795 1792 861 1817 και
898 1791 929 1817 εν.
961 1791 1046 1828 τοι,
1081 1777 1235 1831 Tune,
1269 1769 1427 1832 δοθειη,

301 1845 378 1891 Οἴη
414 1851 488 1894 τῆς
518 1839 659 1894 Λήδας
694 1849 813 1905 μοῖρα
847 1844 1012 1887 Λάκωσι
1045 1846 1178 1888 πέλει·

230 1913 304 1961 Εἴη
343 1916 380 1958 κ’
418 1915 657 1975 ἀμφοτέροις
691 1915 849 1975 ἀγάπης
885 1916 960 1975 ἔρις
993 1908 1066 1962 ἥδε
1099 1915 1296 1974 xpm-55⁷1,

214 2048 228 2062 ⁶
247 2052 374 2086 Nobile
391 2065 454 2098 par
469 2053 615 2085 fratrum
628 2078 637 2094 ‚
656 2053 836 2085 Lucanum

161 2114 196 2138 et
225 2105 369 2138 Tullum
383 2131 393 2146 ‚
424 2104 542 2139 laudat
575 2105 743 2138 Martialis
757 2130 766 2147 ,
799 2114 837 2138 ut

163 2158 299 2191 Plinius
311 2159 447 2204 junior,
458 2159 518 2192 lib.
532 2158 625 2191 VIII
636 2184 645 2200 ,
657 2158 757 2204 epist.
775 2159 835 2200 38,

162 2219 196 2244 et
219 2224 299 2245 cum
319 2212 459 2245 Castore
477 2224 515 2244 ac
531 2211 672 2244 Polluce
686 2211 833 2244 confert.

161 2264 254 2309 Lege
270 2264 381 2309 epigr.
397 2277 477 2297 κεῖν
492 2263 555 2308 ,de
568 2265 708 2309 Aquino
725 2272 758 2298 et
771 2264 834 2297 Fa-

161 2317 272 2350 bricio
283 2343 291 2358 ,
313 2317 416 2349 infra.

219 2382 251 2402 1.
265 2370 301 2403 Si
312 2371 449 2403 Lucane.
465 2369 500 2402 Si
512 2369 609 2402 vobis
624 2395 632 2409 ,
648 2381 668 2402 ο
685 2370 836 2409 Lucane,

163 2430 196 2455 et
208 2423 322 2463 Tulle,
336 2423 459 2456 fratres
472 2422 763 2466 conjunctissimi,
776 2421 834 2454 da-

162 2483 260 2508 retur
276 2475 396 2508 eadem
410 2475 550 2508 alternis
568 2474 704 2508 vicibus
721 2475 838 2508 viven-

163 2526 199 2560 di
215 2537 248 2561 et
257 2527 432 2561 moriendi
446 2527 600 2561 conditio
611 2540 687 2573 quae
698 2527 835 2561 Castori

165 2589 199 2613 et
208 2581 342 2615 Polluci
353 2581 431 2615 data
441 2579 612 2622 est,Ledae
624 2579 837 2614 Laced-aemo-

164 2633 229 2666 niae
241 2633 463 2668 filiis....Vid.
480 2634 541 2669 lib.
557 2634 627 2678 IX,
645 2634 755 2679 epigr.
767 2645 834 2667 ειν.

232 2709 269 2749 Ι.

946 2064 962 2084 2
971 2077 978 2084 .
987 2052 1074 2085 Fata
1080 2053 1233 2093 Lacones,
1244 2060 1308 2087 etc.
1316 2053 1453 2097 Pollux,
1460 2069 1569 2103 quum

896 2104 1100 2138 immortalis
1119 2113 1205 2138 esset
1217 2132 1225 2147 ‚
1244 2106 1327 2151 quia
1348 2115 1484 2153 patrem
1507 2111 1569 2146 ha-

894 2157 999 2191 hebat
1007 2157 1028 2190 J
1031 2165 1145 2199 ovem,
1161 2159 1202 2191 ab
1216 2170 1257 2191 eo
1267 2160 1377 2204 petiit,
1392 2169 1431 2195 ut
1447 2161 1570 2199 Castor

893 2210 1020 2251 frater,
1044 2211 1104 2256 qui
1134 2212 1290 2245 mortalis
1320 2222 1392 2247 erat
1421 2208 1569 2262 (utpote

894 2262 954 2308 qui
971 2275 1012 2296 ex
1028 2262 1196 2308 Tyndaro
1215 2272 1332 2310 patre,
1352 2266 1436 2301 licet
1453 2280 1494 2302 ex
1512 2283 1567 2305 ea-

895 2314 976 2348 dem
994 2323 1103 2349 matre
1119 2315 1262 2359 natus),
1282 2317 1384 2352 simili
1401 2320 1568 2365 gauderet

896 2368 1167 2403 immortalitate.
1179 2370 1296 2411 Quum
1312 2383 1486 2409 recusaret
1500 2377 1521 2409 J
1525 2390 1566 2411 u-

895 2421 1006 2466 piter,
1027 2422 1146 2455 saltem
1173 2421 1210 2455 id
1237 2426 1393 2459 exoravit
1416 2426 1541 2463 Pollux
1556 2457 1566 2473 ‚

896 2482 935 2507 ut
950 2475 1242 2508 immortalitatem
1255 2489 1351 2510 suam
1369 2491 1448 2512 cum
1460 2482 1568 2518 fratre

894 2527 1190 2570 communicaret,
1218 2537 1323 2575 atque
1349 2531 1395 2565 ita
1417 2533 1564 2569 alterna-

895 2579 958 2612 tim
985 2580 1142 2614 viverent
1161 2594 1200 2615 ac
1226 2593 1459 2620 morerentur.
1486 2588 1566 2622 Fuit

897 2631 1024 2666 deinde
1045 2642 1191 2680 uterque
1212 2636 1295 2670 caelo
1320 2636 1512 2684 adscriptus
1531 2649 1566 2674 et

1335 2708 1364 2752 6
