2061 3288
449 192 1026 239 EPIGRAMMATUM
1064 191 1190 234 LIB.
1229 190 1263 231 Ι.

1497 187 1561 248 39

219 286 411 328 Ponatur
438 283 516 326 tihi
538 281 681 326 nullus
707 298 813 343 aper
843 290 941 343 post
966 278 1067 323 talia
1088 277 1203 322 facta
1226 293 1234 320 :

289 354 374 398 Sed
400 363 446 398 tu
473 354 671 414 ponaris,
692 354 762 397 eui
785 351 1073 398 Charidemus
1088 384 1100 405 ‚
1124 364 1246 410 apro.

148 480 283 515 hibere.
303 481 440 526 Ponere
462 480 629 526 significat
653 481 757 514 etiam
778 480 826 514 ci-

149 534 212 568 bos
232 546 408 580 apponere
422 559 430 571 ‚
449 533 544 567 unde
563 535 657 567 lusus
678 535 805 568 Poetae.

206 592 261 628 14.
282 587 465 621 Car-idemus
479 588 578 621 Junt.
594 596 627 620 et
645 588 760 621 Colin.
774 606 827 612 ——-

149 640 216 674 Sed
230 649 262 673 tu
274 643 416 686 ponar-is.
437 641 512 674 Hoc
533 649 599 681 est,
617 641 804 686 apponaris
818 666 826 681 ,

149 702 211 728 aut
235 694 353 740 potius
377 694 550 739 objiciaris
577 693 828 740 discerpendus

888 480 930 513 ab
956 491 996 511 eo
1019 489 1123 524 apro,
1147 489 1165 509 a
1187 488 1258 521 quo
1288 473 1473 507 dilaniatus
1497 471 1566 506 fuit

887 531 1117 567 Charidemus
1147 528 1291 575 quidam
1317 528 1414 572 jussu
1442 525 1564 558 Domi-

887 585 969 619 tiani
986 611 995 626 ‚
1015 583 1058 617 de
1084 596 1154 629 quo
1173 581 1360 616 Suetonius
1382 580 1417 612 in
1441 578 1564 611 Domi-

887 639 1006 672 tiano:
1035 638 1083 671 sic
1109 635 1250 671 sordida
1279 643 1337 668 tua
1363 644 1482 680 poenas
1506 631 1566 665 det

891 691 1049 726 avaritia.

760 825 954 882 XLV.

645 972 715 999 AD
753 969 1033 1000 STELLAM.

1055 948 1074 965 4

223 1084 455 1127 LAsmvos
480 1081 678 1143 leporum
706 1099 881 1136 cursus,
903 1081 1107 1142 lususque
1129 1079 1305 1124 leonum
1321 1116 1332 1134 ‚

293 1153 426 1210 Quod
446 1154 586 1213 major
611 1153 735 1197 nobis
762 1154 913 1197 charta
927 1189 937 1208 ‚
959 1154 1188 1213 minorque
1211 1153 1346 1212 gerit,

222 1225 279 1268 Et
301 1224 367 1267 bis
391 1223 505 1267 idem
533 1224 716 1268 facimus
739 1242 747 1268 :
778 1225 957 1267 nimium
986 1224 1044 1278 si,
1071 1222 1228 1276 Stella,
1251 1222 1424 1266 videtur

293 1296 390 1337 Hoc
414 1294 515 1350 tihi3
545 1295 610 1338 bis
633 1294 826 1356 leporem
853 1305 900 1338 tu
924 1310 1097 1355 quoque
1123 1311 1238 1355 pone
1262 1293 1380 1336 mihi.

206 1414 221 1430 ‘¹
252 1420 351 1454 Libri
381 1421 417 1453 in
441 1421 546 1465 hujus
573 1421 830 1467 epigrammatis

152 1473 303 1507 lectione
324 1474 412 1507 nihil
431 1474 578 1508 variant.

210 1539 242 1560 2.
262 1527 373 1573 Major
389 1529 557 1574 minorque.
576 1528 647 1561 Pro
662 1540 830 1574 quacum-

154 1591 222 1625 que
254 1580 373 1614 charta
401 1581 570 1626 ponitur3
599 1581 653 1614 vel
678 1581 831 1626 intellige

155 1633 352 1666 Martialem
381 1634 513 1667 misisse
540 1634 654 1667 Stellae
684 1635 830 1680 longum

157 1686 265 1731 epigr.
289 1698 347 1727 cv,
364 1699 444 1720 cum
467 1699 538 1720 uno
561 1699 602 1720 ex
624 1687 735 1733 epigr·
758 1700 830 1729 vn,

157 1752 218 1779 xv,
247 1752 358 1780 xx111,
386 1752 490 1781 xmx,
517 1748 582 1773 etc.
612 1753 689 1786 quae
715 1742 833 1774 onmia

157 1799 239 1825 sunt
267 1792 410 1834 brevia3
443 1791 526 1826 inde
555 1792 684 1827 (licitur
716 1794 833 1827 charta

890 1423 1072 1467 majorque
1090 1422 1287 1466 minorque.
1305 1443 1358 1447 —
1373 1419 1571 1453 Martialem

891 1475 984 1508 enim
1002 1474 1045 1508 (le
1062 1488 1103 1508 eo
1119 1482 1326 1521 argumento
1346 1473 1417 1506 duo
1436 1481 1572 1506 tantum

891 1529 1001 1574 epigr.
1041 1529 1298 1574 composuisse,
1333 1540 1373 1560 eo
1411 1536 1572 1571 tempore

891 1594 961 1627 quo
979 1582 1087 1627 epigr.
1104 1594 1252 1627 praesens
1269 1580 1453 1614 adStellam
1470 1580 1568 1618 fecit,

891 1634 1154 1681 conjiciendum
1180 1643 1231 1668 est
1255 1647 1295 1667 ex
1316 1634 1371 1667 his
1390 1634 1507 1667 verbis
1527 1633 1573 1665 bis

891 1689 971 1721 idem
983 1690 1132 1731 sacimas.
1150 1689 1217 1721 ΕΙ).

947 1746 979 1782 4.
996 1743 1085 1774 Pone
1103 1742 1192 1781 milei,
1209 1740 1264 1774 Ad
1277 1753 1410 1774 coenam
1426 1747 1570 1773 vocato:

894 1793 989 1840 quod
1005 1795 1091 1827 mihi
1109 1808 1180 1828 nou
1200 1795 1266 1828 erit
1280 1792 1532 1840 injucundum.

749 1915 990 1972 XLVI.

629 2057 695 2085 DE
735 2057 905 2085 LIBRo
944 2057 1062 2086 sno.
1082 2036 1101 2054 *

232 2167 382 2210 EDrrA
410 2183 463 2209 ne
493 2166 698 2211 brevibus
729 2178 880 2229 pereat
904 2169 1010 2212 mihi
1037 2169 1188 2213 charta
1216 2168 1394 2224 libellis,

303 2237 488 2280 Dicatur
512 2238 656 2297 potius
682 2239 752 2281 τὸν
783 2234 821 2281 δ’
850 2236 1187 2300 άπαμειέόμενος.

215 2356 230 2372 '
246 2361 352 2395 Nulla
370 2362 531 2395 lectionis
557 2361 703 2397 varietas
732 2372 782 2397 est
800 2365 837 2397 in

163 2415 441 2460 exemplaribus,
467 2416 533 2448 nisi
559 2415 657 2461 quod
681 2416 838 2450 hemisti-

163 2467 280 2500 chium
291 2481 439 2513 graecum
456 2468 572 2501 omisit
587 2469 781 2511 Colinaeus3
798 2479 837 2503 ut

163 2520 305 2553 exhibet
321 2520 375 2554 ed.
394 2522 540 2555 Juntina
551 2548 560 2562 ‚
572 2522 629 2555 vix
648 2521 836 2567 legendum

165 2580 229 2606 est.
255 2573 364 2619 Magis
388 2575 497 2607 miror
525 2583 712 2620 utramque
736 2588 837 2608 men-

165 2623 264 2667 dam,
286 2639 389 2672 quam
411 2636 445 2661 et
465 2628 501 2660 in
522 2636 618 2661 textu
638 2637 671 2661 et
690 2628 725 2661 in
745 2629 836 2662 notis

896 2365 1084 2409 reliquerat
1113 2365 1140 2398 F
1143 2365 1325 2405 arnabius,
1345 2367 1389 2399 cl.
1416 2366 1581 2402 Schreve-

896 2417 986 2450 lium
1018 2418 1054 2450 in
1091 2431 1210 2451 omnes
1242 2432 1318 2452 suas
1352 2418 1430 2452 edd.
1465 2419 1476 2461 (
1495 2434 1576 2455 ann.

903 2471 998 2504 1656
1013 2497 1022 2511 ⁷
1044 2473 1136 2503 1661
1151 2497 1159 2512 ‚
1179 2471 1293 2517 1670)
1311 2474 1524 2508 transtulisse
1543 2484 1578 2508 et

897 2523 1101 2566 retinuisse;
1122 2524 1252 2558 scilicet
1267 2551 1276 2567 ,
1302 2527 1357 2559 τὸν
1377 2520 1410 2558 δ’
1434 2527 1578 2573 ἀπαμεε·

898 2575 1041 2622 ἕζμενος.

956 2642 985 2662 1.
1000 2631 1101 2664 Edita
1116 2644 1164 2664 ne.
1182 2631 1236 2664 Ne
1252 2632 1452 2666 membrana
1468 2646 1576 2666 vacua
