<?xml version="1.0" encoding="UTF-8"?>
<!DOCTYPE html PUBLIC "-//W3C//DTD XHTML 1.0 Transitional//EN"
    "http://www.w3.org/TR/xhtml1/DTD/xhtml1-transitional.dtd">
<html xmlns="http://www.w3.org/1999/xhtml" xml:lang="en" lang="en">
 <head>
  <title>
</title>
<meta http-equiv="Content-Type" content="text/html;charset=utf-8" />
  <meta name='ocr-system' content='tesseract 3.04.00' />
  <meta name='ocr-capabilities' content='ocr_page ocr_carea ocr_par ocr_line ocrx_word'/>
</head>
<body>
  <div class='ocr_page' id='page_1' title='image "./epigrammata01martuoft_0567.png"; bbox 0 0 2061 3288; ppageno 0'>
   <div class='ocr_carea' id='block_1_1' title="bbox 444 217 1324 262">
    <p class='ocr_par' dir='ltr' id='par_1_1' title="bbox 444 217 1324 262">
     <span class='ocr_line' id='line_1_1' title="bbox 444 217 1324 262; baseline -0.002 0"><span class='ocrx_word' id='word_1_1' title='bbox 444 217 1033 262; x_wconf 85' lang='lat' dir='ltr'><strong>EPIGRAMMATUM</strong></span> <span class='ocrx_word' id='word_1_2' title='bbox 1070 217 1197 261; x_wconf 88' lang='lat' dir='ltr'>LIB.</span> <span class='ocrx_word' id='word_1_3' title='bbox 1236 217 1324 261; x_wconf 90' lang='lat' dir='ltr'>IV.</span> 
     </span>
    </p>
   </div>
   <div class='ocr_carea' id='block_1_2' title="bbox 1570 217 1590 241">
    <p class='ocr_par' dir='ltr' id='par_1_2' title="bbox 1570 217 1590 241">
     <span class='ocr_line' id='line_1_2' title="bbox 1570 217 1590 241; baseline 0 -18"><span class='ocrx_word' id='word_1_4' title='bbox 1570 217 1590 241; x_wconf 48' lang='grc' dir='ltr'>Γ,</span> 
     </span>
    </p>
   </div>
   <div class='ocr_carea' id='block_1_3' title="bbox 1495 216 1591 279">
    <p class='ocr_par' dir='ltr' id='par_1_3' title="bbox 1495 216 1591 279">
     <span class='ocr_line' id='line_1_3' title="bbox 1495 216 1591 279; baseline 0 -16"><span class='ocrx_word' id='word_1_5' title='bbox 1495 216 1591 279; x_wconf 62' lang='lat'>39³</span> 
     </span>
    </p>
   </div>
   <div class='ocr_carea' id='block_1_4' title="bbox 251 304 1359 509">
    <p class='ocr_par' dir='ltr' id='par_1_4' title="bbox 251 304 1359 509">
     <span class='ocr_line' id='line_1_4' title="bbox 321 304 1314 368; baseline -0.002 -17"><span class='ocrx_word' id='word_1_6' title='bbox 321 308 420 351; x_wconf 87' lang='lat' dir='ltr'>Sive</span> <span class='ocrx_word' id='word_1_7' title='bbox 448 306 652 367; x_wconf 82' lang='lat' dir='ltr'>harpasta</span> <span class='ocrx_word' id='word_1_8' title='bbox 679 321 812 350; x_wconf 88' lang='lat' dir='ltr'>manu</span> <span class='ocrx_word' id='word_1_9' title='bbox 840 304 1145 368; x_wconf 85' lang='lat' dir='ltr'>pulverulenta</span> <span class='ocrx_word' id='word_1_10' title='bbox 1171 307 1314 367; x_wconf 79' lang='lat' dir='ltr'>rapis3</span> 
     </span>
     <span class='ocr_line' id='line_1_5' title="bbox 251 375 1215 439; baseline -0.001 -17"><span class='ocrx_word' id='word_1_11' title='bbox 251 378 428 422; x_wconf 83' lang='lat' dir='ltr'>Plumea</span> <span class='ocrx_word' id='word_1_12' title='bbox 453 393 530 422; x_wconf 83' lang='lat' dir='ltr'>seu</span> <span class='ocrx_word' id='word_1_13' title='bbox 554 375 637 420; x_wconf 79' lang='lat' dir='ltr'>laxi</span> <span class='ocrx_word' id='word_1_14' title='bbox 662 378 834 438; x_wconf 87' lang='lat' dir='ltr'>partiris</span> <span class='ocrx_word' id='word_1_15' title='bbox 860 377 1054 439; x_wconf 88' lang='lat' dir='ltr'>pondera</span> <span class='ocrx_word' id='word_1_16' title='bbox 1082 375 1215 431; x_wconf 80' lang='lat' dir='ltr'>follis;</span> 
     </span>
     <span class='ocr_line' id='line_1_6' title="bbox 321 446 1359 509; baseline -0.002 -17"><span class='ocrx_word' id='word_1_17' title='bbox 321 449 421 492; x_wconf 83' lang='lat' dir='ltr'>Sivc</span> <span class='ocrx_word' id='word_1_18' title='bbox 447 446 586 492; x_wconf 78' lang='lat' dir='ltr'>levem</span> <span class='ocrx_word' id='word_1_19' title='bbox 617 463 748 493; x_wconf 87' lang='lat' dir='ltr'>cursu</span> <span class='ocrx_word' id='word_1_20' title='bbox 780 449 955 494; x_wconf 84' lang='lat' dir='ltr'>vincere</span> <span class='ocrx_word' id='word_1_21' title='bbox 982 448 1139 509; x_wconf 82' lang='lat' dir='ltr'>quaeris</span> <span class='ocrx_word' id='word_1_22' title='bbox 1166 447 1324 491; x_wconf 87' lang='lat' dir='ltr'>Atham</span> <span class='ocrx_word' id='word_1_23' title='bbox 1351 465 1359 490; x_wconf 90' lang='lat'>:</span> 
     </span>
    </p>
   </div>
   <div class='ocr_carea' id='block_1_5' title="bbox 177 592 872 2713">
    <p class='ocr_par' dir='ltr' id='par_1_5' title="bbox 177 592 868 2074">
     <span class='ocr_line' id='line_1_7' title="bbox 181 592 860 640; baseline -0.001 -13"><span class='ocrx_word' id='word_1_24' title='bbox 181 605 258 640; x_wconf 83' lang='lat' dir='ltr'>quae</span> <span class='ocrx_word' id='word_1_25' title='bbox 277 592 431 627; x_wconf 86' lang='lat' dir='ltr'>difficilis</span> <span class='ocrx_word' id='word_1_26' title='bbox 456 601 573 639; x_wconf 86' lang='lat' dir='ltr'>turget</span> <span class='ocrx_word' id='word_1_27' title='bbox 596 594 762 638; x_wconf 87' lang='lat' dir='ltr'>paganica</span> <span class='ocrx_word' id='word_1_28' title='bbox 781 593 860 639; x_wconf 87' lang='lat' dir='ltr'>plu-</span> 
     </span>
     <span class='ocr_line' id='line_1_8' title="bbox 183 646 862 688; baseline 0 -8"><span class='ocrx_word' id='word_1_29' title='bbox 183 660 238 681; x_wconf 83' lang='lat' dir='ltr'>ma</span> <span class='ocrx_word' id='word_1_30' title='bbox 257 646 354 679; x_wconf 85' lang='lat' dir='ltr'>Folle</span> <span class='ocrx_word' id='word_1_31' title='bbox 372 646 488 679; x_wconf 90' lang='lat' dir='ltr'>minus</span> <span class='ocrx_word' id='word_1_32' title='bbox 503 646 579 680; x_wconf 84' lang='lat' dir='ltr'>laxa</span> <span class='ocrx_word' id='word_1_33' title='bbox 601 654 672 688; x_wconf 84' lang='lat' dir='ltr'>est,</span> <span class='ocrx_word' id='word_1_34' title='bbox 693 654 728 679; x_wconf 88' lang='lat' dir='ltr'>et</span> <span class='ocrx_word' id='word_1_35' title='bbox 743 646 862 680; x_wconf 87' lang='lat' dir='ltr'>minus</span> 
     </span>
     <span class='ocr_line' id='line_1_9' title="bbox 181 699 860 746; baseline -0.001 -13"><span class='ocrx_word' id='word_1_36' title='bbox 181 708 275 733; x_wconf 87' lang='lat' dir='ltr'>arcta</span> <span class='ocrx_word' id='word_1_37' title='bbox 300 699 382 746; x_wconf 86' lang='lat' dir='ltr'>pila.</span> <span class='ocrx_word' id='word_1_38' title='bbox 410 717 422 729; x_wconf 62' lang='grc' dir='ltr'>ω</span> <span class='ocrx_word' id='word_1_39' title='bbox 455 699 676 733; x_wconf 88' lang='lat' dir='ltr'>Postremum</span> <span class='ocrx_word' id='word_1_40' title='bbox 704 709 756 734; x_wconf 88' lang='lat' dir='ltr'>est</span> <span class='ocrx_word' id='word_1_41' title='bbox 785 700 860 732; x_wconf 78' lang='lat' dir='ltr'>har-</span> 
     </span>
     <span class='ocr_line' id='line_1_10' title="bbox 177 753 864 799; baseline 0 -13"><span class='ocrx_word' id='word_1_42' title='bbox 177 761 304 798; x_wconf 77' lang='lat' dir='ltr'>pastum</span> <span class='ocrx_word' id='word_1_43' title='bbox 331 765 350 786; x_wconf 91' lang='lat' dir='ltr'>a</span> <span class='ocrx_word' id='word_1_44' title='bbox 374 765 486 799; x_wconf 85' lang='lat' dir='ltr'>graeco</span> <span class='ocrx_word' id='word_1_45' title='bbox 509 753 617 786; x_wconf 86' lang='lat' dir='ltr'>verbo</span> <span class='ocrx_word' id='word_1_46' title='bbox 637 753 791 799; x_wconf 64' lang='grc' dir='ltr'>ἀρπάζω,</span> <span class='ocrx_word' id='word_1_47' title='bbox 812 766 864 786; x_wconf 81' lang='lat' dir='ltr'>ra-</span> 
     </span>
     <span class='ocr_line' id='line_1_11' title="bbox 177 805 860 852; baseline -0.001 -13"><span class='ocrx_word' id='word_1_48' title='bbox 177 808 258 851; x_wconf 81' lang='lat' dir='ltr'>pio:</span> <span class='ocrx_word' id='word_1_49' title='bbox 277 806 347 852; x_wconf 86' lang='lat' dir='ltr'>pila</span> <span class='ocrx_word' id='word_1_50' title='bbox 369 814 442 839; x_wconf 90' lang='lat' dir='ltr'>erat</span> <span class='ocrx_word' id='word_1_51' title='bbox 464 806 624 839; x_wconf 88' lang='lat' dir='ltr'>omnium</span> <span class='ocrx_word' id='word_1_52' title='bbox 646 805 793 839; x_wconf 87' lang='lat' dir='ltr'>minima</span> <span class='ocrx_word' id='word_1_53' title='bbox 819 818 860 839; x_wconf 82' lang='lat' dir='ltr'>ex</span> 
     </span>
     <span class='ocr_line' id='line_1_12' title="bbox 181 857 861 904; baseline -0.001 -11"><span class='ocrx_word' id='word_1_54' title='bbox 181 859 295 899; x_wconf 85' lang='lat' dir='ltr'>corio,</span> <span class='ocrx_word' id='word_1_55' title='bbox 315 871 422 904; x_wconf 84' lang='lat' dir='ltr'>quam</span> <span class='ocrx_word' id='word_1_56' title='bbox 438 859 524 892; x_wconf 90' lang='lat' dir='ltr'>alter</span> <span class='ocrx_word' id='word_1_57' title='bbox 544 857 670 892; x_wconf 88' lang='lat' dir='ltr'>ludens</span> <span class='ocrx_word' id='word_1_58' title='bbox 690 859 788 893; x_wconf 88' lang='lat' dir='ltr'>alteri</span> <span class='ocrx_word' id='word_1_59' title='bbox 805 872 861 892; x_wconf 88' lang='lat' dir='ltr'>ra-</span> 
     </span>
     <span class='ocr_line' id='line_1_13' title="bbox 182 913 863 958; baseline 0.003 -13"><span class='ocrx_word' id='word_1_60' title='bbox 182 913 323 958; x_wconf 85' lang='lat' dir='ltr'>piebat,</span> <span class='ocrx_word' id='word_1_61' title='bbox 345 925 455 958; x_wconf 91' lang='lat' dir='ltr'>quum</span> <span class='ocrx_word' id='word_1_62' title='bbox 480 924 686 958; x_wconf 87' lang='lat' dir='ltr'>repercussu</span> <span class='ocrx_word' id='word_1_63' title='bbox 705 922 863 958; x_wconf 84' lang='lat' dir='ltr'>surgeret</span> 
     </span>
     <span class='ocr_line' id='line_1_14' title="bbox 182 961 862 1011; baseline 0.001 -13"><span class='ocrx_word' id='word_1_64' title='bbox 182 963 195 1005; x_wconf 97' lang='lat'>(</span> <span class='ocrx_word' id='word_1_65' title='bbox 209 966 345 1011; x_wconf 83' lang='lat' dir='ltr'>gallice,</span> <span class='ocrx_word' id='word_1_66' title='bbox 365 961 545 1009; x_wconf 77' lang='lat' dir='ltr'>rebondir).</span> <span class='ocrx_word' id='word_1_67' title='bbox 562 967 644 999; x_wconf 86' lang='lat' dir='ltr'>Haec</span> <span class='ocrx_word' id='word_1_68' title='bbox 661 978 703 999; x_wconf 88' lang='lat' dir='ltr'>ex</span> <span class='ocrx_word' id='word_1_69' title='bbox 721 966 862 1001; x_wconf 84' lang='lat' dir='ltr'>Mercu-</span> 
     </span>
     <span class='ocr_line' id='line_1_15' title="bbox 181 1018 862 1064; baseline 0 -12"><span class='ocrx_word' id='word_1_70' title='bbox 181 1019 277 1061; x_wconf 88' lang='lat' dir='ltr'>riali,</span> <span class='ocrx_word' id='word_1_71' title='bbox 295 1018 340 1052; x_wconf 91' lang='lat' dir='ltr'>de</span> <span class='ocrx_word' id='word_1_72' title='bbox 362 1020 446 1052; x_wconf 86' lang='lat' dir='ltr'>Arte</span> <span class='ocrx_word' id='word_1_73' title='bbox 469 1018 694 1064; x_wconf 65' lang='lat' dir='ltr'>Gymnastica</span> <span class='ocrx_word' id='word_1_74' title='bbox 706 1045 715 1060; x_wconf 82' lang='lat'><strong>‚</strong></span> <span class='ocrx_word' id='word_1_75' title='bbox 733 1020 794 1053; x_wconf 86' lang='lat' dir='ltr'>lib.</span> <span class='ocrx_word' id='word_1_76' title='bbox 814 1020 862 1061; x_wconf 92' lang='lat' dir='ltr'>II,</span> 
     </span>
     <span class='ocr_line' id='line_1_16' title="bbox 181 1071 862 1119; baseline 0 -14"><span class='ocrx_word' id='word_1_77' title='bbox 181 1084 259 1117; x_wconf 87' lang='lat' dir='ltr'>cap.</span> <span class='ocrx_word' id='word_1_78' title='bbox 281 1071 314 1106; x_wconf 89' lang='lat'>5.</span> <span class='ocrx_word' id='word_1_79' title='bbox 338 1092 390 1097; x_wconf 88' lang='lat'>—</span> <span class='ocrx_word' id='word_1_80' title='bbox 414 1073 569 1117; x_wconf 78' lang='lat' dir='ltr'>Trigona.</span> <span class='ocrx_word' id='word_1_81' title='bbox 596 1072 679 1106; x_wconf 85' lang='lat' dir='ltr'>Erat</span> <span class='ocrx_word' id='word_1_82' title='bbox 697 1072 771 1106; x_wconf 85' lang='lat' dir='ltr'>haec</span> <span class='ocrx_word' id='word_1_83' title='bbox 792 1073 862 1119; x_wconf 88' lang='lat' dir='ltr'>pila</span> 
     </span>
     <span class='ocr_line' id='line_1_17' title="bbox 184 1124 864 1169; baseline 0.003 -11"><span class='ocrx_word' id='word_1_84' title='bbox 184 1124 342 1158; x_wconf 90' lang='lat' dir='ltr'>omnium</span> <span class='ocrx_word' id='word_1_85' title='bbox 361 1125 504 1159; x_wconf 89' lang='lat' dir='ltr'>minima</span> <span class='ocrx_word' id='word_1_86' title='bbox 523 1135 556 1159; x_wconf 89' lang='lat' dir='ltr'>et</span> <span class='ocrx_word' id='word_1_87' title='bbox 576 1124 763 1160; x_wconf 87' lang='lat' dir='ltr'>durissima</span> <span class='ocrx_word' id='word_1_88' title='bbox 779 1151 787 1169; x_wconf 88' lang='lat'>,</span> <span class='ocrx_word' id='word_1_89' title='bbox 806 1126 864 1160; x_wconf 82' lang='lat' dir='ltr'>sti-</span> 
     </span>
     <span class='ocr_line' id='line_1_18' title="bbox 184 1173 862 1225; baseline 0.001 -13"><span class='ocrx_word' id='word_1_90' title='bbox 184 1186 267 1223; x_wconf 88' lang='lat' dir='ltr'>pato</span> <span class='ocrx_word' id='word_1_91' title='bbox 285 1187 320 1212; x_wconf 90' lang='lat' dir='ltr'>et</span> <span class='ocrx_word' id='word_1_92' title='bbox 339 1177 449 1212; x_wconf 89' lang='lat' dir='ltr'>denso</span> <span class='ocrx_word' id='word_1_93' title='bbox 467 1179 542 1225; x_wconf 90' lang='lat' dir='ltr'>pilo</span> <span class='ocrx_word' id='word_1_94' title='bbox 564 1173 681 1223; x_wconf 79' lang='lat' dir='ltr'>(unde</span> <span class='ocrx_word' id='word_1_95' title='bbox 698 1179 779 1225; x_wconf 81' lang='lat' dir='ltr'>pilae</span> <span class='ocrx_word' id='word_1_96' title='bbox 796 1192 862 1213; x_wconf 90' lang='lat' dir='ltr'>no-</span> 
     </span>
     <span class='ocr_line' id='line_1_19' title="bbox 182 1229 863 1279; baseline 0 -14"><span class='ocrx_word' id='word_1_97' title='bbox 182 1229 291 1272; x_wconf 88' lang='lat' dir='ltr'>men)</span> <span class='ocrx_word' id='word_1_98' title='bbox 313 1232 420 1274; x_wconf 73' lang='lat' dir='ltr'>fact-:13</span> <span class='ocrx_word' id='word_1_99' title='bbox 440 1241 589 1278; x_wconf 87' lang='lat' dir='ltr'>utraque</span> <span class='ocrx_word' id='word_1_100' title='bbox 608 1245 715 1266; x_wconf 88' lang='lat' dir='ltr'>manu</span> <span class='ocrx_word' id='word_1_101' title='bbox 739 1232 863 1279; x_wconf 87' lang='lat' dir='ltr'>impel-</span> 
     </span>
     <span class='ocr_line' id='line_1_20' title="bbox 184 1284 864 1331; baseline 0.003 -14"><span class='ocrx_word' id='word_1_102' title='bbox 184 1284 323 1318; x_wconf 86' lang='lat' dir='ltr'>lebatur</span> <span class='ocrx_word' id='word_1_103' title='bbox 347 1293 381 1318; x_wconf 89' lang='lat' dir='ltr'>et</span> <span class='ocrx_word' id='word_1_104' title='bbox 403 1286 667 1331; x_wconf 81' lang='lat' dir='ltr'>excipiebatur:</span> <span class='ocrx_word' id='word_1_105' title='bbox 691 1286 805 1331; x_wconf 88' lang='lat' dir='ltr'>prima</span> <span class='ocrx_word' id='word_1_106' title='bbox 830 1295 864 1320; x_wconf 88' lang='lat' dir='ltr'>et</span> 
     </span>
     <span class='ocr_line' id='line_1_21' title="bbox 184 1338 863 1382; baseline 0.001 -11"><span class='ocrx_word' id='word_1_107' title='bbox 184 1350 320 1371; x_wconf 88' lang='lat' dir='ltr'>summa</span> <span class='ocrx_word' id='word_1_108' title='bbox 336 1338 450 1372; x_wconf 88' lang='lat' dir='ltr'>cautio</span> <span class='ocrx_word' id='word_1_109' title='bbox 466 1347 557 1382; x_wconf 86' lang='lat' dir='ltr'>erat,</span> <span class='ocrx_word' id='word_1_110' title='bbox 572 1352 618 1374; x_wconf 90' lang='lat' dir='ltr'>ne</span> <span class='ocrx_word' id='word_1_111' title='bbox 634 1348 762 1373; x_wconf 82' lang='lat' dir='ltr'>terram</span> <span class='ocrx_word' id='word_1_112' title='bbox 778 1352 863 1373; x_wconf 90' lang='lat' dir='ltr'>con-</span> 
     </span>
     <span class='ocr_line' id='line_1_22' title="bbox 184 1391 863 1438; baseline 0.001 -14"><span class='ocrx_word' id='word_1_113' title='bbox 184 1391 350 1436; x_wconf 85' lang='lat' dir='ltr'>tingeret,</span> <span class='ocrx_word' id='word_1_114' title='bbox 372 1391 433 1425; x_wconf 87' lang='lat' dir='ltr'>sed</span> <span class='ocrx_word' id='word_1_115' title='bbox 454 1401 493 1425; x_wconf 89' lang='lat' dir='ltr'>ut</span> <span class='ocrx_word' id='word_1_116' title='bbox 519 1391 634 1427; x_wconf 86' lang='lat' dir='ltr'>adhuc</span> <span class='ocrx_word' id='word_1_117' title='bbox 657 1393 776 1426; x_wconf 81' lang='lat' dir='ltr'>volans</span> <span class='ocrx_word' id='word_1_118' title='bbox 804 1405 863 1438; x_wconf 70' lang='lat' dir='ltr'>gf&#39;·</span> 
     </span>
     <span class='ocr_line' id='line_1_23' title="bbox 184 1445 864 1490; baseline 0.001 -13"><span class='ocrx_word' id='word_1_119' title='bbox 184 1445 391 1478; x_wconf 87' lang='lat' dir='ltr'>minaretur.</span> <span class='ocrx_word' id='word_1_120' title='bbox 428 1445 504 1479; x_wconf 89' lang='lat' dir='ltr'>Cur</span> <span class='ocrx_word' id='word_1_121' title='bbox 538 1454 723 1480; x_wconf 82' lang='lat' dir='ltr'>vocaretur</span> <span class='ocrx_word' id='word_1_122' title='bbox 759 1449 864 1490; x_wconf 70' lang='lat' dir='ltr'>trigon</span> 
     </span>
     <span class='ocr_line' id='line_1_24' title="bbox 184 1497 863 1544; baseline 0.001 -14"><span class='ocrx_word' id='word_1_123' title='bbox 184 1497 222 1530; x_wconf 88' lang='lat' dir='ltr'>in</span> <span class='ocrx_word' id='word_1_124' title='bbox 252 1505 335 1531; x_wconf 87' lang='lat' dir='ltr'>nota</span> <span class='ocrx_word' id='word_1_125' title='bbox 362 1497 577 1544; x_wconf 76' lang='lat' dir='ltr'>praecedenti</span> <span class='ocrx_word' id='word_1_126' title='bbox 610 1498 779 1541; x_wconf 81' lang='lat' dir='ltr'>diximus;</span> <span class='ocrx_word' id='word_1_127' title='bbox 806 1499 863 1532; x_wconf 89' lang='lat' dir='ltr'>alii</span> 
     </span>
     <span class='ocr_line' id='line_1_25' title="bbox 184 1552 864 1596; baseline 0.004 -13"><span class='ocrx_word' id='word_1_128' title='bbox 184 1559 301 1584; x_wconf 91' lang='lat' dir='ltr'>tamen</span> <span class='ocrx_word' id='word_1_129' title='bbox 317 1560 445 1596; x_wconf 84' lang='lat' dir='ltr'>putant</span> <span class='ocrx_word' id='word_1_130' title='bbox 463 1552 532 1585; x_wconf 88' lang='lat' dir='ltr'>hoc</span> <span class='ocrx_word' id='word_1_131' title='bbox 549 1565 680 1586; x_wconf 90' lang='lat' dir='ltr'>nomen</span> <span class='ocrx_word' id='word_1_132' title='bbox 695 1553 727 1586; x_wconf 90' lang='lat' dir='ltr'>ei</span> <span class='ocrx_word' id='word_1_133' title='bbox 742 1552 864 1586; x_wconf 89' lang='lat' dir='ltr'>datum</span> 
     </span>
     <span class='ocr_line' id='line_1_26' title="bbox 186 1604 864 1650; baseline 0.006 -14"><span class='ocrx_word' id='word_1_134' title='bbox 186 1604 293 1637; x_wconf 87' lang='lat' dir='ltr'>fuisse</span> <span class='ocrx_word' id='word_1_135' title='bbox 311 1616 353 1638; x_wconf 83' lang='lat' dir='ltr'>ex</span> <span class='ocrx_word' id='word_1_136' title='bbox 367 1604 482 1650; x_wconf 87' lang='lat' dir='ltr'>figura</span> <span class='ocrx_word' id='word_1_137' title='bbox 496 1605 564 1639; x_wconf 92' lang='lat' dir='ltr'>loci</span> <span class='ocrx_word' id='word_1_138' title='bbox 582 1606 665 1640; x_wconf 89' lang='lat' dir='ltr'>huic</span> <span class='ocrx_word' id='word_1_139' title='bbox 681 1605 767 1640; x_wconf 92' lang='lat' dir='ltr'>ludo</span> <span class='ocrx_word' id='word_1_140' title='bbox 781 1605 864 1640; x_wconf 86' lang='lat' dir='ltr'>aedi-</span> 
     </span>
     <span class='ocr_line' id='line_1_27' title="bbox 187 1656 864 1705; baseline 0.006 -16"><span class='ocrx_word' id='word_1_141' title='bbox 187 1656 299 1699; x_wconf 78' lang='lat' dir='ltr'>ficati3</span> <span class='ocrx_word' id='word_1_142' title='bbox 319 1665 353 1690; x_wconf 89' lang='lat' dir='ltr'>et</span> <span class='ocrx_word' id='word_1_143' title='bbox 364 1658 499 1703; x_wconf 77' lang='lat' dir='ltr'>tepidum</span> <span class='ocrx_word' id='word_1_144' title='bbox 521 1659 687 1705; x_wconf 84' lang='lat' dir='ltr'>appellari</span> <span class='ocrx_word' id='word_1_145' title='bbox 703 1672 720 1693; x_wconf 88' lang='lat' dir='ltr'>a</span> <span class='ocrx_word' id='word_1_146' title='bbox 738 1659 843 1693; x_wconf 86' lang='lat' dir='ltr'>Poeta</span> <span class='ocrx_word' id='word_1_147' title='bbox 855 1685 864 1701; x_wconf 90' lang='lat'><strong>‚</strong></span> 
     </span>
     <span class='ocr_line' id='line_1_28' title="bbox 188 1709 864 1755; baseline 0.006 -13"><span class='ocrx_word' id='word_1_148' title='bbox 188 1709 270 1755; x_wconf 85' lang='lat' dir='ltr'>quia</span> <span class='ocrx_word' id='word_1_149' title='bbox 298 1722 361 1755; x_wconf 89' lang='lat' dir='ltr'>per</span> <span class='ocrx_word' id='word_1_150' title='bbox 392 1710 544 1744; x_wconf 85' lang='lat' dir='ltr'>hiemem</span> <span class='ocrx_word' id='word_1_151' title='bbox 577 1713 690 1746; x_wconf 88' lang='lat' dir='ltr'>calore</span> <span class='ocrx_word' id='word_1_152' title='bbox 723 1712 864 1746; x_wconf 85' lang='lat' dir='ltr'>modico</span> 
     </span>
     <span class='ocr_line' id='line_1_29' title="bbox 187 1762 866 1806; baseline 0.006 -11"><span class='ocrx_word' id='word_1_153' title='bbox 187 1762 372 1796; x_wconf 82' lang='lat' dir='ltr'>fovebatur</span> <span class='ocrx_word' id='word_1_154' title='bbox 388 1763 447 1797; x_wconf 89' lang='lat' dir='ltr'>ille</span> <span class='ocrx_word' id='word_1_155' title='bbox 463 1763 559 1797; x_wconf 87' lang='lat' dir='ltr'>idem</span> <span class='ocrx_word' id='word_1_156' title='bbox 571 1765 681 1806; x_wconf 85' lang='lat' dir='ltr'>locus,</span> <span class='ocrx_word' id='word_1_157' title='bbox 692 1778 736 1798; x_wconf 93' lang='lat' dir='ltr'>ne</span> <span class='ocrx_word' id='word_1_158' title='bbox 751 1766 866 1799; x_wconf 87' lang='lat' dir='ltr'>exsuti</span> 
     </span>
     <span class='ocr_line' id='line_1_30' title="bbox 189 1815 867 1864; baseline 0.006 -16"><span class='ocrx_word' id='word_1_159' title='bbox 189 1815 233 1848; x_wconf 88' lang='lat' dir='ltr'>ad</span> <span class='ocrx_word' id='word_1_160' title='bbox 256 1815 455 1850; x_wconf 86' lang='lat' dir='ltr'>ludendum</span> <span class='ocrx_word' id='word_1_161' title='bbox 476 1817 637 1852; x_wconf 87' lang='lat' dir='ltr'>homines</span> <span class='ocrx_word' id='word_1_162' title='bbox 661 1818 762 1852; x_wconf 85' lang='lat' dir='ltr'>facile</span> <span class='ocrx_word' id='word_1_163' title='bbox 787 1827 867 1864; x_wconf 88' lang='lat' dir='ltr'>post</span> 
     </span>
     <span class='ocr_line' id='line_1_31' title="bbox 188 1867 866 1916; baseline 0.004 -15"><span class='ocrx_word' id='word_1_164' title='bbox 188 1867 314 1902; x_wconf 86' lang='lat' dir='ltr'>ludum</span> <span class='ocrx_word' id='word_1_165' title='bbox 335 1870 638 1916; x_wconf 84' lang='lat' dir='ltr'>perfrigescerent.</span> <span class='ocrx_word' id='word_1_166' title='bbox 661 1893 712 1897; x_wconf 88' lang='lat'>—</span> <span class='ocrx_word' id='word_1_167' title='bbox 728 1872 795 1906; x_wconf 90' lang='lat' dir='ltr'>Alii</span> <span class='ocrx_word' id='word_1_168' title='bbox 816 1873 866 1905; x_wconf 92' lang='lat' dir='ltr'>le-</span> 
     </span>
     <span class='ocr_line' id='line_1_32' title="bbox 189 1923 867 1970; baseline 0.006 -16"><span class='ocrx_word' id='word_1_169' title='bbox 189 1930 276 1967; x_wconf 85' lang='lat' dir='ltr'>gunt</span> <span class='ocrx_word' id='word_1_170' title='bbox 294 1923 463 1968; x_wconf 81' lang='lat' dir='ltr'>trepidum,</span> <span class='ocrx_word' id='word_1_171' title='bbox 480 1933 586 1969; x_wconf 87' lang='lat' dir='ltr'>atque</span> <span class='ocrx_word' id='word_1_172' title='bbox 603 1925 805 1970; x_wconf 82' lang='lat' dir='ltr'>intelligunt</span> <span class='ocrx_word' id='word_1_173' title='bbox 823 1924 867 1959; x_wconf 88' lang='lat' dir='ltr'>de</span> 
     </span>
     <span class='ocr_line' id='line_1_33' title="bbox 189 1976 868 2020; baseline 0.006 -12"><span class='ocrx_word' id='word_1_174' title='bbox 189 1976 456 2010; x_wconf 84' lang='lat' dir='ltr'>concursatione</span> <span class='ocrx_word' id='word_1_175' title='bbox 494 1976 693 2011; x_wconf 88' lang='lat' dir='ltr'>ludentium</span> <span class='ocrx_word' id='word_1_176' title='bbox 709 2004 720 2020; x_wconf 92' lang='lat'>‚</span> <span class='ocrx_word' id='word_1_177' title='bbox 755 1986 791 2012; x_wconf 86' lang='lat' dir='ltr'>et</span> <span class='ocrx_word' id='word_1_178' title='bbox 822 1991 868 2012; x_wconf 92' lang='lat' dir='ltr'>ne</span> 
     </span>
     <span class='ocr_line' id='line_1_34' title="bbox 191 2028 755 2074; baseline 0.007 -13"><span class='ocrx_word' id='word_1_179' title='bbox 191 2028 262 2074; x_wconf 89' lang='lat' dir='ltr'>pila</span> <span class='ocrx_word' id='word_1_180' title='bbox 280 2028 441 2071; x_wconf 84' lang='lat' dir='ltr'>caderet,</span> <span class='ocrx_word' id='word_1_181' title='bbox 457 2031 669 2065; x_wconf 83' lang='lat' dir='ltr'>caventium.</span> <span class='ocrx_word' id='word_1_182' title='bbox 689 2032 755 2065; x_wconf 82' lang='lat' dir='ltr'>En.</span> 
     </span>
    </p>

    <p class='ocr_par' dir='ltr' id='par_1_6' title="bbox 192 2083 872 2713">
     <span class='ocr_line' id='line_1_35' title="bbox 246 2083 869 2131; baseline 0.006 -17"><span class='ocrx_word' id='word_1_183' title='bbox 246 2084 280 2115; x_wconf 81' lang='lat'>6.</span> <span class='ocrx_word' id='word_1_184' title='bbox 320 2083 500 2128; x_wconf 79' lang='lat' dir='ltr'>Harpasta.</span> <span class='ocrx_word' id='word_1_185' title='bbox 543 2084 627 2118; x_wconf 84' lang='lat' dir='ltr'>Erat</span> <span class='ocrx_word' id='word_1_186' title='bbox 666 2084 869 2131; x_wconf 86' lang='lat' dir='ltr'>harpastum</span> 
     </span>
     <span class='ocr_line' id='line_1_36' title="bbox 192 2135 868 2184; baseline 0.007 -17"><span class='ocrx_word' id='word_1_187' title='bbox 192 2135 264 2180; x_wconf 85' lang='lat' dir='ltr'>pila</span> <span class='ocrx_word' id='word_1_188' title='bbox 291 2137 401 2181; x_wconf 88' lang='lat' dir='ltr'>major</span> <span class='ocrx_word' id='word_1_189' title='bbox 434 2137 560 2182; x_wconf 87' lang='lat' dir='ltr'>paulo,</span> <span class='ocrx_word' id='word_1_190' title='bbox 589 2150 694 2183; x_wconf 82' lang='lat' dir='ltr'>quam</span> <span class='ocrx_word' id='word_1_191' title='bbox 724 2138 868 2184; x_wconf 79' lang='lat' dir='ltr'>trig0n3</span> 
     </span>
     <span class='ocr_line' id='line_1_37' title="bbox 192 2189 869 2232; baseline 0.006 -12"><span class='ocrx_word' id='word_1_192' title='bbox 192 2200 311 2232; x_wconf 87' lang='lat' dir='ltr'>panno</span> <span class='ocrx_word' id='word_1_193' title='bbox 343 2189 506 2231; x_wconf 77' lang='lat' dir='ltr'>conciSo‚</span> <span class='ocrx_word' id='word_1_194' title='bbox 533 2191 610 2224; x_wconf 86' lang='lat' dir='ltr'>lana</span> <span class='ocrx_word' id='word_1_195' title='bbox 635 2192 690 2224; x_wconf 79' lang='lat' dir='ltr'>vel</span> <span class='ocrx_word' id='word_1_196' title='bbox 713 2200 869 2225; x_wconf 89' lang='lat' dir='ltr'>tomento</span> 
     </span>
     <span class='ocr_line' id='line_1_38' title="bbox 196 2241 868 2288; baseline 0.006 -14"><span class='ocrx_word' id='word_1_197' title='bbox 196 2241 405 2286; x_wconf 84' lang='lat' dir='ltr'>implebatur</span> <span class='ocrx_word' id='word_1_198' title='bbox 426 2268 434 2283; x_wconf 94' lang='lat'>,</span> <span class='ocrx_word' id='word_1_199' title='bbox 455 2255 558 2288; x_wconf 88' lang='lat' dir='ltr'>quam</span> <span class='ocrx_word' id='word_1_200' title='bbox 586 2244 645 2276; x_wconf 84' lang='lat' dir='ltr'>alii</span> <span class='ocrx_word' id='word_1_201' title='bbox 666 2243 740 2277; x_wconf 88' lang='lat' dir='ltr'>aliis</span> <span class='ocrx_word' id='word_1_202' title='bbox 761 2257 868 2278; x_wconf 89' lang='lat' dir='ltr'>cona-</span> 
     </span>
     <span class='ocr_line' id='line_1_39' title="bbox 193 2293 868 2340; baseline 0.006 -14"><span class='ocrx_word' id='word_1_203' title='bbox 193 2293 322 2327; x_wconf 82' lang='lat' dir='ltr'>bantur</span> <span class='ocrx_word' id='word_1_204' title='bbox 343 2294 498 2340; x_wconf 85' lang='lat' dir='ltr'>eripere‚</span> <span class='ocrx_word' id='word_1_205' title='bbox 527 2304 561 2329; x_wconf 87' lang='lat' dir='ltr'>et</span> <span class='ocrx_word' id='word_1_206' title='bbox 590 2296 634 2329; x_wconf 85' lang='lat' dir='ltr'>ad</span> <span class='ocrx_word' id='word_1_207' title='bbox 660 2310 736 2330; x_wconf 88' lang='lat' dir='ltr'>suas</span> <span class='ocrx_word' id='word_1_208' title='bbox 758 2306 868 2330; x_wconf 84' lang='lat' dir='ltr'>trans-</span> 
     </span>
     <span class='ocr_line' id='line_1_40' title="bbox 194 2346 869 2392; baseline 0.007 -13"><span class='ocrx_word' id='word_1_209' title='bbox 194 2346 286 2380; x_wconf 80' lang='lat' dir='ltr'>ferre</span> <span class='ocrx_word' id='word_1_210' title='bbox 300 2356 434 2392; x_wconf 88' lang='lat' dir='ltr'>partes;</span> <span class='ocrx_word' id='word_1_211' title='bbox 455 2357 529 2381; x_wconf 83' lang='lat' dir='ltr'>tum</span> <span class='ocrx_word' id='word_1_212' title='bbox 544 2349 655 2382; x_wconf 86' lang='lat' dir='ltr'>sicubi</span> <span class='ocrx_word' id='word_1_213' title='bbox 672 2349 849 2384; x_wconf 86' lang='lat' dir='ltr'>decideret</span> <span class='ocrx_word' id='word_1_214' title='bbox 860 2377 869 2392; x_wconf 93' lang='lat'>,</span> 
     </span>
     <span class='ocr_line' id='line_1_41' title="bbox 196 2402 869 2437; baseline 0.007 -5"><span class='ocrx_word' id='word_1_215' title='bbox 196 2409 414 2434; x_wconf 86' lang='lat' dir='ltr'>accurrentes</span> <span class='ocrx_word' id='word_1_216' title='bbox 433 2402 634 2435; x_wconf 85' lang='lat' dir='ltr'>catervatim</span> <span class='ocrx_word' id='word_1_217' title='bbox 649 2402 749 2436; x_wconf 90' lang='lat' dir='ltr'>humi</span> <span class='ocrx_word' id='word_1_218' title='bbox 765 2416 800 2437; x_wconf 88' lang='lat' dir='ltr'>se</span> <span class='ocrx_word' id='word_1_219' title='bbox 815 2404 869 2437; x_wconf 89' lang='lat' dir='ltr'>in-</span> 
     </span>
     <span class='ocr_line' id='line_1_42' title="bbox 195 2452 871 2501; baseline 0.007 -16"><span class='ocrx_word' id='word_1_220' title='bbox 195 2452 306 2486; x_wconf 85' lang='lat' dir='ltr'>vicem</span> <span class='ocrx_word' id='word_1_221' title='bbox 333 2455 626 2499; x_wconf 85' lang='lat' dir='ltr'>prosternebant,</span> <span class='ocrx_word' id='word_1_222' title='bbox 657 2456 802 2501; x_wconf 89' lang='lat' dir='ltr'>pulvere</span> <span class='ocrx_word' id='word_1_223' title='bbox 837 2465 871 2490; x_wconf 89' lang='lat' dir='ltr'>et</span> 
     </span>
     <span class='ocr_line' id='line_1_43' title="bbox 195 2505 870 2543; baseline 0.007 -5"><span class='ocrx_word' id='word_1_224' title='bbox 195 2505 322 2539; x_wconf 89' lang='lat' dir='ltr'>sudore</span> <span class='ocrx_word' id='word_1_225' title='bbox 346 2507 477 2542; x_wconf 87' lang='lat' dir='ltr'>infecti.</span> <span class='ocrx_word' id='word_1_226' title='bbox 502 2529 554 2535; x_wconf 85' lang='lat'><strong>—</strong></span> <span class='ocrx_word' id='word_1_227' title='bbox 575 2509 808 2542; x_wconf 63' lang='lat' dir='ltr'>Puleerulenta.</span> <span class='ocrx_word' id='word_1_228' title='bbox 828 2511 870 2543; x_wconf 91' lang='lat' dir='ltr'>In</span> 
     </span>
     <span class='ocr_line' id='line_1_44' title="bbox 195 2559 872 2607; baseline 0.006 -15"><span class='ocrx_word' id='word_1_229' title='bbox 195 2560 340 2604; x_wconf 85' lang='lat' dir='ltr'>pulvere</span> <span class='ocrx_word' id='word_1_230' title='bbox 363 2559 531 2594; x_wconf 77' lang='lat' dir='ltr'>ludebant</span> <span class='ocrx_word' id='word_1_231' title='bbox 564 2562 732 2606; x_wconf 83' lang='lat' dir='ltr'>Antiqui,</span> <span class='ocrx_word' id='word_1_232' title='bbox 766 2563 872 2607; x_wconf 85' lang='lat' dir='ltr'>igitur</span> 
     </span>
     <span class='ocr_line' id='line_1_45' title="bbox 197 2613 871 2661; baseline 0.007 -16"><span class='ocrx_word' id='word_1_233' title='bbox 197 2613 333 2657; x_wconf 83' lang='lat' dir='ltr'>quoties</span> <span class='ocrx_word' id='word_1_234' title='bbox 375 2622 502 2647; x_wconf 82' lang='lat' dir='ltr'>terram</span> <span class='ocrx_word' id='word_1_235' title='bbox 542 2615 733 2660; x_wconf 84' lang='lat' dir='ltr'>attingebat</span> <span class='ocrx_word' id='word_1_236' title='bbox 780 2615 849 2661; x_wconf 82' lang='lat' dir='ltr'>pila</span> <span class='ocrx_word' id='word_1_237' title='bbox 863 2643 871 2658; x_wconf 88' lang='lat'>‚</span> 
     </span>
     <span class='ocr_line' id='line_1_46' title="bbox 195 2666 871 2713; baseline 0.006 -14"><span class='ocrx_word' id='word_1_238' title='bbox 195 2666 439 2710; x_wconf 80' lang='lat' dir='ltr'>pulverulenta</span> <span class='ocrx_word' id='word_1_239' title='bbox 474 2668 685 2713; x_wconf 82' lang='lat' dir='ltr'>resurgebat.</span> <span class='ocrx_word' id='word_1_240' title='bbox 721 2669 788 2703; x_wconf 80' lang='lat' dir='ltr'>En.</span> <span class='ocrx_word' id='word_1_241' title='bbox 821 2692 871 2697; x_wconf 90' lang='lat'>—</span> 
     </span>
    </p>
   </div>
   <div class='ocr_carea' id='block_1_6' title="bbox 919 586 1601 958">
    <p class='ocr_par' dir='ltr' id='par_1_7' title="bbox 919 586 1601 958">
     <span class='ocr_line' id='line_1_47' title="bbox 920 586 1598 638; baseline 0 -12"><span class='ocrx_word' id='word_1_242' title='bbox 920 593 1030 638; x_wconf 78' lang='lat' dir='ltr'>Rapis.</span> <span class='ocrx_word' id='word_1_243' title='bbox 1045 592 1204 638; x_wconf 84' lang='lat' dir='ltr'>Intellige</span> <span class='ocrx_word' id='word_1_244' title='bbox 1220 593 1293 625; x_wconf 80' lang='lat' dir='ltr'>aliis</span> <span class='ocrx_word' id='word_1_245' title='bbox 1305 594 1397 638; x_wconf 75' lang='lat' dir='ltr'>eripis</span> <span class='ocrx_word' id='word_1_246' title='bbox 1414 586 1598 635; x_wconf 82' lang='lat' dir='ltr'>(videatur</span> 
     </span>
     <span class='ocr_line' id='line_1_48' title="bbox 919 643 1600 692; baseline 0 -13"><span class='ocrx_word' id='word_1_247' title='bbox 919 643 1051 692; x_wconf 86' lang='lat' dir='ltr'>supra)</span> <span class='ocrx_word' id='word_1_248' title='bbox 1069 646 1122 679; x_wconf 84' lang='lat' dir='ltr'>vel</span> <span class='ocrx_word' id='word_1_249' title='bbox 1135 658 1154 680; x_wconf 87' lang='lat' dir='ltr'>e</span> <span class='ocrx_word' id='word_1_250' title='bbox 1167 655 1258 680; x_wconf 86' lang='lat' dir='ltr'>terra</span> <span class='ocrx_word' id='word_1_251' title='bbox 1274 647 1500 679; x_wconf 86' lang='lat' dir='ltr'>resultantem</span> <span class='ocrx_word' id='word_1_252' title='bbox 1513 647 1600 683; x_wconf 87' lang='lat' dir='ltr'>acri-</span> 
     </span>
     <span class='ocr_line' id='line_1_49' title="bbox 920 699 1601 734; baseline 0 -2"><span class='ocrx_word' id='word_1_253' title='bbox 920 707 973 733; x_wconf 86' lang='lat' dir='ltr'>ter</span> <span class='ocrx_word' id='word_1_254' title='bbox 997 699 1138 733; x_wconf 83' lang='lat' dir='ltr'>suscitas</span> <span class='ocrx_word' id='word_1_255' title='bbox 1157 711 1165 733; x_wconf 87' lang='lat'>:</span> <span class='ocrx_word' id='word_1_256' title='bbox 1185 699 1234 734; x_wconf 86' lang='lat' dir='ltr'>sic</span> <span class='ocrx_word' id='word_1_257' title='bbox 1255 700 1418 733; x_wconf 89' lang='lat' dir='ltr'>Lucanus</span> <span class='ocrx_word' id='word_1_258' title='bbox 1437 700 1475 732; x_wconf 88' lang='lat' dir='ltr'>in</span> <span class='ocrx_word' id='word_1_259' title='bbox 1492 700 1601 733; x_wconf 87' lang='lat' dir='ltr'>Pane-</span> 
     </span>
     <span class='ocr_line' id='line_1_50' title="bbox 919 751 1596 798; baseline 0.001 -13"><span class='ocrx_word' id='word_1_260' title='bbox 919 752 1041 798; x_wconf 82' lang='lat' dir='ltr'>gyrico</span> <span class='ocrx_word' id='word_1_261' title='bbox 1078 751 1121 785; x_wconf 89' lang='lat' dir='ltr'>ad</span> <span class='ocrx_word' id='word_1_262' title='bbox 1150 753 1382 798; x_wconf 86' lang='lat' dir='ltr'>Calpurnium</span> <span class='ocrx_word' id='word_1_263' title='bbox 1412 752 1596 786; x_wconf 84' lang='lat' dir='ltr'>Pisonem:</span> 
     </span>
     <span class='ocr_line' id='line_1_51' title="bbox 925 805 1599 848; baseline 0 -9"><span class='ocrx_word' id='word_1_264' title='bbox 925 823 938 835; x_wconf 66' lang='lat' dir='ltr'>a</span> <span class='ocrx_word' id='word_1_265' title='bbox 957 805 1032 839; x_wconf 89' lang='lat' dir='ltr'>Nec</span> <span class='ocrx_word' id='word_1_266' title='bbox 1059 805 1124 839; x_wconf 88' lang='lat' dir='ltr'>tibi</span> <span class='ocrx_word' id='word_1_267' title='bbox 1151 806 1316 840; x_wconf 89' lang='lat' dir='ltr'>nobilitas</span> <span class='ocrx_word' id='word_1_268' title='bbox 1341 805 1458 839; x_wconf 79' lang='lat' dir='ltr'>minor</span> <span class='ocrx_word' id='word_1_269' title='bbox 1479 814 1551 848; x_wconf 87' lang='lat' dir='ltr'>est,</span> <span class='ocrx_word' id='word_1_270' title='bbox 1571 806 1599 839; x_wconf 90' lang='lat' dir='ltr'>si</span> 
     </span>
     <span class='ocr_line' id='line_1_52' title="bbox 919 859 1600 905; baseline 0 -13"><span class='ocrx_word' id='word_1_271' title='bbox 919 859 1011 892; x_wconf 82' lang='lat' dir='ltr'>forte</span> <span class='ocrx_word' id='word_1_272' title='bbox 1039 859 1214 893; x_wconf 86' lang='lat' dir='ltr'>volantem</span> <span class='ocrx_word' id='word_1_273' title='bbox 1244 862 1316 893; x_wconf 90' lang='lat' dir='ltr'>Aut</span> <span class='ocrx_word' id='word_1_274' title='bbox 1345 860 1523 905; x_wconf 86' lang='lat' dir='ltr'>geminare</span> <span class='ocrx_word' id='word_1_275' title='bbox 1546 860 1600 905; x_wconf 91' lang='lat' dir='ltr'>pi-</span> 
     </span>
     <span class='ocr_line' id='line_1_53' title="bbox 919 912 1600 958; baseline 0 -13"><span class='ocrx_word' id='word_1_276' title='bbox 919 912 988 945; x_wconf 87' lang='lat' dir='ltr'>lam</span> <span class='ocrx_word' id='word_1_277' title='bbox 1002 913 1123 958; x_wconf 80' lang='lat' dir='ltr'>juvat,</span> <span class='ocrx_word' id='word_1_278' title='bbox 1141 922 1201 947; x_wconf 90' lang='lat' dir='ltr'>aut</span> <span class='ocrx_word' id='word_1_279' title='bbox 1215 925 1382 946; x_wconf 86' lang='lat' dir='ltr'>revocare</span> <span class='ocrx_word' id='word_1_280' title='bbox 1400 912 1600 954; x_wconf 84' lang='lat' dir='ltr'>cadentem,</span> 
     </span>
    </p>
   </div>
   <div class='ocr_carea' id='block_1_7' title="bbox 919 965 1600 1064">
    <p class='ocr_par' dir='ltr' id='par_1_8' title="bbox 919 965 1600 1064">
     <span class='ocr_line' id='line_1_54' title="bbox 919 965 1600 1012; baseline 0.003 -14"><span class='ocrx_word' id='word_1_281' title='bbox 919 965 965 998; x_wconf 91' lang='lat' dir='ltr'>Et</span> <span class='ocrx_word' id='word_1_282' title='bbox 983 977 1057 998; x_wconf 89' lang='lat' dir='ltr'>non</span> <span class='ocrx_word' id='word_1_283' title='bbox 1075 975 1214 1011; x_wconf 87' lang='lat' dir='ltr'>sperato</span> <span class='ocrx_word' id='word_1_284' title='bbox 1236 966 1430 1012; x_wconf 86' lang='lat' dir='ltr'>fugientem</span> <span class='ocrx_word' id='word_1_285' title='bbox 1452 965 1600 1000; x_wconf 84' lang='lat' dir='ltr'>reddere</span> 
     </span>
     <span class='ocr_line' id='line_1_55' title="bbox 922 1019 1149 1064; baseline 0.009 -13"><span class='ocrx_word' id='word_1_286' title='bbox 922 1026 1035 1064; x_wconf 83' lang='lat' dir='ltr'>gestu.</span> <span class='ocrx_word' id='word_1_287' title='bbox 1052 1036 1065 1049; x_wconf 87' lang='lat'>»</span> <span class='ocrx_word' id='word_1_288' title='bbox 1081 1019 1149 1053; x_wconf 83' lang='lat' dir='ltr'>En.</span> 
     </span>
    </p>
   </div>
   <div class='ocr_carea' id='block_1_8' title="bbox 920 1072 1608 2715">
    <p class='ocr_par' dir='ltr' id='par_1_9' title="bbox 920 1072 1606 2172">
     <span class='ocr_line' id='line_1_56' title="bbox 975 1072 1599 1117; baseline 0.003 -13"><span class='ocrx_word' id='word_1_289' title='bbox 975 1085 1010 1117; x_wconf 85' lang='lat'>7.</span> <span class='ocrx_word' id='word_1_290' title='bbox 1031 1073 1174 1105; x_wconf 68' lang='lat' dir='ltr'>Plumea.</span> <span class='ocrx_word' id='word_1_291' title='bbox 1197 1072 1271 1106; x_wconf 89' lang='lat' dir='ltr'>Pila</span> <span class='ocrx_word' id='word_1_292' title='bbox 1300 1073 1392 1106; x_wconf 89' lang='lat' dir='ltr'>follis</span> <span class='ocrx_word' id='word_1_293' title='bbox 1425 1073 1523 1107; x_wconf 88' lang='lat' dir='ltr'>corio</span> <span class='ocrx_word' id='word_1_294' title='bbox 1550 1081 1599 1106; x_wconf 82' lang='lat' dir='ltr'>te-</span> 
     </span>
     <span class='ocr_line' id='line_1_57' title="bbox 920 1122 1602 1172; baseline 0.001 -13"><span class='ocrx_word' id='word_1_295' title='bbox 920 1134 975 1160; x_wconf 89' lang='lat' dir='ltr'>cta</span> <span class='ocrx_word' id='word_1_296' title='bbox 998 1122 1114 1165; x_wconf 81' lang='lat' dir='ltr'>(follis</span> <span class='ocrx_word' id='word_1_297' title='bbox 1134 1125 1229 1159; x_wconf 89' lang='lat' dir='ltr'>idem</span> <span class='ocrx_word' id='word_1_298' title='bbox 1248 1135 1323 1160; x_wconf 88' lang='lat' dir='ltr'>crat</span> <span class='ocrx_word' id='word_1_299' title='bbox 1342 1125 1436 1172; x_wconf 87' lang='lat' dir='ltr'>apud</span> <span class='ocrx_word' id='word_1_300' title='bbox 1455 1127 1602 1160; x_wconf 79' lang='lat' dir='ltr'>Veteres</span> 
     </span>
     <span class='ocr_line' id='line_1_58' title="bbox 921 1174 1600 1224; baseline 0.001 -13"><span class='ocrx_word' id='word_1_301' title='bbox 921 1191 959 1212; x_wconf 91' lang='lat' dir='ltr'>ac</span> <span class='ocrx_word' id='word_1_302' title='bbox 981 1174 1135 1224; x_wconf 84' lang='lat' dir='ltr'>pellis),</span> <span class='ocrx_word' id='word_1_303' title='bbox 1161 1188 1195 1213; x_wconf 86' lang='lat' dir='ltr'>et</span> <span class='ocrx_word' id='word_1_304' title='bbox 1219 1188 1326 1213; x_wconf 84' lang='lat' dir='ltr'>vento</span> <span class='ocrx_word' id='word_1_305' title='bbox 1354 1179 1527 1221; x_wconf 82' lang='lat' dir='ltr'>distenta,</span> <span class='ocrx_word' id='word_1_306' title='bbox 1551 1180 1600 1212; x_wconf 89' lang='lat' dir='ltr'>le-</span> 
     </span>
     <span class='ocr_line' id='line_1_59' title="bbox 920 1232 1601 1281; baseline 0.001 -16"><span class='ocrx_word' id='word_1_307' title='bbox 920 1232 1000 1265; x_wconf 85' lang='lat' dir='ltr'>vior</span> <span class='ocrx_word' id='word_1_308' title='bbox 1030 1241 1103 1265; x_wconf 84' lang='lat' dir='ltr'>erat</span> <span class='ocrx_word' id='word_1_309' title='bbox 1130 1233 1274 1266; x_wconf 78' lang='lat' dir='ltr'>caeteris.</span> <span class='ocrx_word' id='word_1_310' title='bbox 1296 1233 1409 1278; x_wconf 83' lang='lat' dir='ltr'>Igitur</span> <span class='ocrx_word' id='word_1_311' title='bbox 1429 1233 1520 1266; x_wconf 87' lang='lat' dir='ltr'>hanc</span> <span class='ocrx_word' id='word_1_312' title='bbox 1539 1246 1601 1281; x_wconf 89' lang='lat' dir='ltr'>ap-</span> 
     </span>
     <span class='ocr_line' id='line_1_60' title="bbox 920 1286 1604 1332; baseline 0.001 -14"><span class='ocrx_word' id='word_1_313' title='bbox 920 1286 1028 1331; x_wconf 89' lang='lat' dir='ltr'>pellat</span> <span class='ocrx_word' id='word_1_314' title='bbox 1044 1286 1203 1332; x_wconf 74' lang='lat' dir='ltr'>plumeam</span> <span class='ocrx_word' id='word_1_315' title='bbox 1230 1286 1401 1320; x_wconf 87' lang='lat' dir='ltr'>Martialis</span> <span class='ocrx_word' id='word_1_316' title='bbox 1423 1300 1432 1329; x_wconf 89' lang='lat'>;</span> <span class='ocrx_word' id='word_1_317' title='bbox 1474 1286 1604 1320; x_wconf 86' lang='lat' dir='ltr'>lentius</span> 
     </span>
     <span class='ocr_line' id='line_1_61' title="bbox 921 1338 1603 1385; baseline 0 -13"><span class='ocrx_word' id='word_1_318' title='bbox 921 1339 1033 1373; x_wconf 86' lang='lat' dir='ltr'>fertur</span> <span class='ocrx_word' id='word_1_319' title='bbox 1064 1339 1122 1372; x_wconf 89' lang='lat' dir='ltr'>illa</span> <span class='ocrx_word' id='word_1_320' title='bbox 1138 1365 1148 1381; x_wconf 88' lang='lat'>,</span> <span class='ocrx_word' id='word_1_321' title='bbox 1180 1338 1384 1385; x_wconf 85' lang='lat' dir='ltr'>tardiusque</span> <span class='ocrx_word' id='word_1_322' title='bbox 1421 1339 1603 1373; x_wconf 89' lang='lat' dir='ltr'>descendit</span> 
     </span>
     <span class='ocr_line' id='line_1_62' title="bbox 921 1391 1599 1439; baseline 0.001 -14"><span class='ocrx_word' id='word_1_323' title='bbox 921 1391 1017 1425; x_wconf 87' lang='lat' dir='ltr'>unde</span> <span class='ocrx_word' id='word_1_324' title='bbox 1029 1392 1169 1426; x_wconf 86' lang='lat' dir='ltr'>senibus</span> <span class='ocrx_word' id='word_1_325' title='bbox 1186 1401 1220 1426; x_wconf 89' lang='lat' dir='ltr'>et</span> <span class='ocrx_word' id='word_1_326' title='bbox 1236 1394 1354 1439; x_wconf 88' lang='lat' dir='ltr'>pueris</span> <span class='ocrx_word' id='word_1_327' title='bbox 1367 1392 1599 1426; x_wconf 86' lang='lat' dir='ltr'>commodior.</span> 
     </span>
     <span class='ocr_line' id='line_1_63' title="bbox 922 1446 1603 1492; baseline 0.001 -14"><span class='ocrx_word' id='word_1_328' title='bbox 922 1467 974 1471; x_wconf 91' lang='lat'>—</span> <span class='ocrx_word' id='word_1_329' title='bbox 991 1446 1059 1479; x_wconf 87' lang='lat' dir='ltr'>Vel</span> <span class='ocrx_word' id='word_1_330' title='bbox 1075 1458 1138 1491; x_wconf 87' lang='lat' dir='ltr'>per</span> <span class='ocrx_word' id='word_1_331' title='bbox 1151 1447 1310 1491; x_wconf 78' lang='lat' dir='ltr'>plumeam</span> <span class='ocrx_word' id='word_1_332' title='bbox 1325 1447 1432 1492; x_wconf 88' lang='lat' dir='ltr'>pilam</span> <span class='ocrx_word' id='word_1_333' title='bbox 1449 1447 1603 1492; x_wconf 85' lang='lat' dir='ltr'>intellige</span> 
     </span>
     <span class='ocr_line' id='line_1_64' title="bbox 921 1499 1600 1545; baseline 0.003 -14"><span class='ocrx_word' id='word_1_334' title='bbox 921 1499 1124 1544; x_wconf 81' lang='lat' dir='ltr'>paganicam</span> <span class='ocrx_word' id='word_1_335' title='bbox 1140 1512 1217 1544; x_wconf 78' lang='lat' dir='ltr'>quae</span> <span class='ocrx_word' id='word_1_336' title='bbox 1231 1500 1361 1545; x_wconf 83' lang='lat' dir='ltr'>plumis</span> <span class='ocrx_word' id='word_1_337' title='bbox 1380 1500 1600 1533; x_wconf 83' lang='lat' dir='ltr'>farciebatur.</span> 
     </span>
     <span class='ocr_line' id='line_1_65' title="bbox 920 1552 1604 1595; baseline 0.003 -11"><span class='ocrx_word' id='word_1_338' title='bbox 920 1552 990 1585; x_wconf 80' lang='grc' dir='ltr'>ΕΙ).</span> <span class='ocrx_word' id='word_1_339' title='bbox 1006 1575 1059 1579; x_wconf 93' lang='lat'>—</span> <span class='ocrx_word' id='word_1_340' title='bbox 1072 1553 1167 1586; x_wconf 59' lang='lat' dir='ltr'>Lausi.</span> <span class='ocrx_word' id='word_1_341' title='bbox 1182 1554 1250 1586; x_wconf 79' lang='lat' dir='ltr'>Vel</span> <span class='ocrx_word' id='word_1_342' title='bbox 1265 1554 1411 1587; x_wconf 87' lang='lat' dir='ltr'>minime</span> <span class='ocrx_word' id='word_1_343' title='bbox 1427 1552 1507 1586; x_wconf 85' lang='lat' dir='ltr'>duri</span> <span class='ocrx_word' id='word_1_344' title='bbox 1521 1566 1531 1595; x_wconf 89' lang='lat'>;</span> <span class='ocrx_word' id='word_1_345' title='bbox 1548 1554 1604 1586; x_wconf 66' lang='lat' dir='ltr'>vel</span> 
     </span>
     <span class='ocr_line' id='line_1_66' title="bbox 921 1606 1603 1652; baseline 0.001 -14"><span class='ocrx_word' id='word_1_346' title='bbox 921 1606 1063 1650; x_wconf 88' lang='lat' dir='ltr'>majoris</span> <span class='ocrx_word' id='word_1_347' title='bbox 1083 1631 1092 1646; x_wconf 90' lang='lat'><strong>‚</strong></span> <span class='ocrx_word' id='word_1_348' title='bbox 1122 1615 1248 1652; x_wconf 86' lang='lat' dir='ltr'>utpote</span> <span class='ocrx_word' id='word_1_349' title='bbox 1275 1620 1352 1652; x_wconf 78' lang='lat' dir='ltr'>quae</span> <span class='ocrx_word' id='word_1_350' title='bbox 1384 1615 1489 1640; x_wconf 85' lang='lat' dir='ltr'>vento</span> <span class='ocrx_word' id='word_1_351' title='bbox 1517 1619 1603 1640; x_wconf 89' lang='lat' dir='ltr'>con-</span> 
     </span>
     <span class='ocr_line' id='line_1_67' title="bbox 922 1658 1604 1706; baseline 0.001 -15"><span class='ocrx_word' id='word_1_352' title='bbox 922 1658 1015 1692; x_wconf 86' lang='lat' dir='ltr'>flata.</span> <span class='ocrx_word' id='word_1_353' title='bbox 1041 1659 1109 1692; x_wconf 85' lang='lat' dir='ltr'>ED.</span> <span class='ocrx_word' id='word_1_354' title='bbox 1131 1679 1184 1685; x_wconf 90' lang='lat'>—</span> <span class='ocrx_word' id='word_1_355' title='bbox 1202 1661 1343 1693; x_wconf 73' lang='lat' dir='ltr'>Partiris</span> <span class='ocrx_word' id='word_1_356' title='bbox 1358 1660 1512 1706; x_wconf 73' lang='lat' dir='ltr'>pondera.</span> <span class='ocrx_word' id='word_1_357' title='bbox 1532 1661 1604 1692; x_wconf 84' lang='lat' dir='ltr'>Im·</span> 
     </span>
     <span class='ocr_line' id='line_1_68' title="bbox 923 1712 1603 1758; baseline 0.001 -13"><span class='ocrx_word' id='word_1_358' title='bbox 923 1712 1025 1757; x_wconf 88' lang='lat' dir='ltr'>pellis</span> <span class='ocrx_word' id='word_1_359' title='bbox 1054 1725 1118 1757; x_wconf 90' lang='lat' dir='ltr'>per</span> <span class='ocrx_word' id='word_1_360' title='bbox 1152 1713 1245 1747; x_wconf 84' lang='lat' dir='ltr'>vices</span> <span class='ocrx_word' id='word_1_361' title='bbox 1266 1739 1276 1755; x_wconf 85' lang='lat'>‚</span> <span class='ocrx_word' id='word_1_362' title='bbox 1304 1715 1395 1758; x_wconf 82' lang='lat' dir='ltr'>justa</span> <span class='ocrx_word' id='word_1_363' title='bbox 1431 1712 1603 1746; x_wconf 73' lang='lat' dir='ltr'>divisione</span> 
     </span>
     <span class='ocr_line' id='line_1_69' title="bbox 923 1765 1603 1800; baseline 0.001 -2"><span class='ocrx_word' id='word_1_364' title='bbox 923 1765 1012 1799; x_wconf 86' lang='lat' dir='ltr'>facta</span> <span class='ocrx_word' id='word_1_365' title='bbox 1039 1778 1119 1799; x_wconf 87' lang='lat' dir='ltr'>cum</span> <span class='ocrx_word' id='word_1_366' title='bbox 1139 1767 1385 1800; x_wconf 87' lang='lat' dir='ltr'>collusoribus.</span> <span class='ocrx_word' id='word_1_367' title='bbox 1409 1767 1475 1799; x_wconf 65' lang='lat' dir='ltr'>Vel</span> <span class='ocrx_word' id='word_1_368' title='bbox 1501 1766 1603 1800; x_wconf 86' lang='lat' dir='ltr'>intel-</span> 
     </span>
     <span class='ocr_line' id='line_1_70' title="bbox 923 1818 1606 1866; baseline 0.001 -16"><span class='ocrx_word' id='word_1_369' title='bbox 923 1818 1012 1866; x_wconf 85' lang='lat' dir='ltr'>lige3</span> <span class='ocrx_word' id='word_1_370' title='bbox 1032 1819 1164 1852; x_wconf 86' lang='lat' dir='ltr'>metiris</span> <span class='ocrx_word' id='word_1_371' title='bbox 1175 1828 1208 1852; x_wconf 89' lang='lat' dir='ltr'>et</span> <span class='ocrx_word' id='word_1_372' title='bbox 1218 1828 1334 1853; x_wconf 90' lang='lat' dir='ltr'>tecum</span> <span class='ocrx_word' id='word_1_373' title='bbox 1349 1828 1529 1865; x_wconf 79' lang='lat' dir='ltr'>computas</span> <span class='ocrx_word' id='word_1_374' title='bbox 1544 1819 1606 1852; x_wconf 89' lang='lat' dir='ltr'>ubi</span> 
     </span>
     <span class='ocr_line' id='line_1_71' title="bbox 925 1870 1606 1917; baseline 0.001 -13"><span class='ocrx_word' id='word_1_375' title='bbox 925 1879 959 1904; x_wconf 92' lang='lat' dir='ltr'>et</span> <span class='ocrx_word' id='word_1_376' title='bbox 978 1870 1120 1916; x_wconf 87' lang='lat' dir='ltr'>quando</span> <span class='ocrx_word' id='word_1_377' title='bbox 1138 1872 1300 1917; x_wconf 87' lang='lat' dir='ltr'>lapsurus</span> <span class='ocrx_word' id='word_1_378' title='bbox 1319 1873 1362 1907; x_wconf 84' lang='lat' dir='ltr'>sit</span> <span class='ocrx_word' id='word_1_379' title='bbox 1379 1873 1488 1911; x_wconf 81' lang='lat' dir='ltr'>follis,</span> <span class='ocrx_word' id='word_1_380' title='bbox 1508 1871 1606 1917; x_wconf 82' lang='lat' dir='ltr'>quod</span> 
     </span>
     <span class='ocr_line' id='line_1_72' title="bbox 926 1924 1604 1971; baseline 0.001 -14"><span class='ocrx_word' id='word_1_381' title='bbox 926 1924 1070 1970; x_wconf 84' lang='lat' dir='ltr'>quidem</span> <span class='ocrx_word' id='word_1_382' title='bbox 1090 1933 1130 1957; x_wconf 91' lang='lat' dir='ltr'>ut</span> <span class='ocrx_word' id='word_1_383' title='bbox 1145 1926 1352 1971; x_wconf 83' lang='lat' dir='ltr'>perspicias,</span> <span class='ocrx_word' id='word_1_384' title='bbox 1374 1924 1516 1971; x_wconf 82' lang='lat' dir='ltr'>pondus</span> <span class='ocrx_word' id='word_1_385' title='bbox 1538 1926 1604 1959; x_wconf 87' lang='lat' dir='ltr'>tibi</span> 
     </span>
     <span class='ocr_line' id='line_1_73' title="bbox 926 1977 1604 2024; baseline -0.001 -12"><span class='ocrx_word' id='word_1_386' title='bbox 926 1977 1184 2012; x_wconf 78' lang='lat' dir='ltr'>aestimandum.</span> <span class='ocrx_word' id='word_1_387' title='bbox 1207 1980 1317 2012; x_wconf 89' lang='lat' dir='ltr'>Acuta</span> <span class='ocrx_word' id='word_1_388' title='bbox 1337 1978 1517 2012; x_wconf 84' lang='lat' dir='ltr'>antithesis</span> <span class='ocrx_word' id='word_1_389' title='bbox 1528 1979 1604 2024; x_wconf 79' lang='lat' dir='ltr'>plu-</span> 
     </span>
     <span class='ocr_line' id='line_1_74' title="bbox 929 2031 1606 2077; baseline 0.003 -14"><span class='ocrx_word' id='word_1_390' title='bbox 929 2044 996 2064; x_wconf 78' lang='lat' dir='ltr'>mea</span> <span class='ocrx_word' id='word_1_391' title='bbox 1007 2031 1150 2076; x_wconf 73' lang='lat' dir='ltr'>pondera</span> <span class='ocrx_word' id='word_1_392' title='bbox 1164 2059 1173 2073; x_wconf 91' lang='lat'><strong><em>,</em></strong></span> <span class='ocrx_word' id='word_1_393' title='bbox 1194 2031 1231 2064; x_wconf 81' lang='lat' dir='ltr'>id</span> <span class='ocrx_word' id='word_1_394' title='bbox 1249 2042 1316 2073; x_wconf 83' lang='lat' dir='ltr'>est,</span> <span class='ocrx_word' id='word_1_395' title='bbox 1333 2032 1525 2065; x_wconf 78' lang='lat' dir='ltr'>levissima:</span> <span class='ocrx_word' id='word_1_396' title='bbox 1543 2044 1606 2077; x_wconf 84' lang='lat' dir='ltr'>po-</span> 
     </span>
     <span class='ocr_line' id='line_1_75' title="bbox 928 2085 1606 2132; baseline 0.001 -15"><span class='ocrx_word' id='word_1_397' title='bbox 928 2093 1065 2118; x_wconf 87' lang='lat' dir='ltr'>nuntur</span> <span class='ocrx_word' id='word_1_398' title='bbox 1082 2085 1224 2130; x_wconf 75' lang='lat' dir='ltr'>pondera</span> <span class='ocrx_word' id='word_1_399' title='bbox 1240 2099 1305 2132; x_wconf 87' lang='lat' dir='ltr'>pro</span> <span class='ocrx_word' id='word_1_400' title='bbox 1325 2086 1479 2119; x_wconf 85' lang='lat' dir='ltr'>motibus</span> <span class='ocrx_word' id='word_1_401' title='bbox 1497 2085 1606 2130; x_wconf 87' lang='lat' dir='ltr'>ipsius</span> 
     </span>
     <span class='ocr_line' id='line_1_76' title="bbox 929 2138 1118 2172; baseline -0.005 -1"><span class='ocrx_word' id='word_1_402' title='bbox 929 2138 1031 2172; x_wconf 82' lang='lat' dir='ltr'>follis.</span> <span class='ocrx_word' id='word_1_403' title='bbox 1052 2139 1118 2171; x_wconf 80' lang='lat' dir='ltr'>Eo.</span> 
     </span>
    </p>

    <p class='ocr_par' dir='ltr' id='par_1_10' title="bbox 928 2191 1608 2715">
     <span class='ocr_line' id='line_1_77' title="bbox 984 2191 1606 2234; baseline -0.002 -9"><span class='ocrx_word' id='word_1_404' title='bbox 984 2192 1018 2225; x_wconf 88' lang='lat'>8.</span> <span class='ocrx_word' id='word_1_405' title='bbox 1034 2191 1221 2225; x_wconf 88' lang='lat' dir='ltr'>Pulmanni</span> <span class='ocrx_word' id='word_1_406' title='bbox 1235 2191 1343 2226; x_wconf 82' lang='lat' dir='ltr'>codex</span> <span class='ocrx_word' id='word_1_407' title='bbox 1357 2192 1462 2225; x_wconf 87' lang='lat' dir='ltr'>habet</span> <span class='ocrx_word' id='word_1_408' title='bbox 1474 2219 1481 2233; x_wconf 89' lang='lat'>‚</span> <span class='ocrx_word' id='word_1_409' title='bbox 1491 2193 1606 2234; x_wconf 71' lang='lat' dir='ltr'>forsan</span> 
     </span>
     <span class='ocr_line' id='line_1_78' title="bbox 928 2245 1607 2289; baseline 0.003 -13"><span class='ocrx_word' id='word_1_410' title='bbox 928 2248 1053 2277; x_wconf 67' lang='lat' dir='ltr'>‘rincere</span> <span class='ocrx_word' id='word_1_411' title='bbox 1082 2247 1197 2289; x_wconf 71' lang='lat' dir='ltr'>quaeris</span> <span class='ocrx_word' id='word_1_412' title='bbox 1231 2247 1266 2279; x_wconf 85' lang='lat' dir='ltr'><em>A</em></span> <span class='ocrx_word' id='word_1_413' title='bbox 1270 2246 1365 2277; x_wconf 68' lang='lat' dir='ltr'>tham.</span> <span class='ocrx_word' id='word_1_414' title='bbox 1400 2245 1607 2278; x_wconf 82' lang='lat' dir='ltr'>Hermolaus</span> 
     </span>
     <span class='ocr_line' id='line_1_79' title="bbox 929 2298 1608 2344; baseline 0 -14"><span class='ocrx_word' id='word_1_415' title='bbox 929 2298 1104 2331; x_wconf 85' lang='lat' dir='ltr'>Barbarus</span> <span class='ocrx_word' id='word_1_416' title='bbox 1141 2299 1305 2344; x_wconf 77' lang='lat' dir='ltr'>Castigat.</span> <span class='ocrx_word' id='word_1_417' title='bbox 1328 2299 1388 2331; x_wconf 91' lang='lat' dir='ltr'>lib.</span> <span class='ocrx_word' id='word_1_418' title='bbox 1418 2299 1488 2330; x_wconf 71' lang='lat' dir='ltr'>VII</span> <span class='ocrx_word' id='word_1_419' title='bbox 1500 2325 1508 2338; x_wconf 86' lang='lat'><em>‚</em></span> <span class='ocrx_word' id='word_1_420' title='bbox 1539 2310 1608 2343; x_wconf 88' lang='lat' dir='ltr'>pro</span> 
     </span>
     <span class='ocr_line' id='line_1_80' title="bbox 929 2350 1608 2396; baseline 0 -12"><span class='ocrx_word' id='word_1_421' title='bbox 929 2351 1051 2384; x_wconf 77' lang='lat' dir='ltr'>Atlzam</span> <span class='ocrx_word' id='word_1_422' title='bbox 1069 2351 1152 2396; x_wconf 84' lang='lat' dir='ltr'>legit</span> <span class='ocrx_word' id='word_1_423' title='bbox 1169 2352 1307 2391; x_wconf 58' lang='lat' dir='ltr'>Adran,⁴</span> <span class='ocrx_word' id='word_1_424' title='bbox 1329 2350 1390 2384; x_wconf 79' lang='lat' dir='ltr'>sed</span> <span class='ocrx_word' id='word_1_425' title='bbox 1405 2350 1508 2384; x_wconf 80' lang='lat' dir='ltr'>codd.</span> <span class='ocrx_word' id='word_1_426' title='bbox 1529 2352 1608 2384; x_wconf 86' lang='lat' dir='ltr'>Flo-</span> 
     </span>
     <span class='ocr_line' id='line_1_81' title="bbox 930 2405 1608 2438; baseline 0.001 -1"><span class='ocrx_word' id='word_1_427' title='bbox 930 2412 1020 2437; x_wconf 91' lang='lat' dir='ltr'>rent.</span> <span class='ocrx_word' id='word_1_428' title='bbox 1043 2413 1076 2437; x_wconf 90' lang='lat' dir='ltr'>et</span> <span class='ocrx_word' id='word_1_429' title='bbox 1096 2405 1210 2438; x_wconf 88' lang='lat' dir='ltr'>Vatic.</span> <span class='ocrx_word' id='word_1_430' title='bbox 1235 2405 1400 2438; x_wconf 81' lang='lat' dir='ltr'>exhibent</span> <span class='ocrx_word' id='word_1_431' title='bbox 1420 2405 1536 2438; x_wconf 77' lang='lat' dir='ltr'>Allan.</span> <span class='ocrx_word' id='word_1_432' title='bbox 1555 2426 1608 2430; x_wconf 90' lang='lat'>—</span> 
     </span>
     <span class='ocr_line' id='line_1_82' title="bbox 930 2457 1607 2491; baseline -0.003 0"><span class='ocrx_word' id='word_1_433' title='bbox 930 2457 1063 2491; x_wconf 78' lang='lat' dir='ltr'>Atham.</span> <span class='ocrx_word' id='word_1_434' title='bbox 1081 2457 1234 2491; x_wconf 86' lang='lat' dir='ltr'>Puerum</span> <span class='ocrx_word' id='word_1_435' title='bbox 1252 2459 1366 2491; x_wconf 81' lang='lat' dir='ltr'>levem</span> <span class='ocrx_word' id='word_1_436' title='bbox 1383 2466 1414 2490; x_wconf 83' lang='lat' dir='ltr'>et</span> <span class='ocrx_word' id='word_1_437' title='bbox 1429 2470 1532 2491; x_wconf 82' lang='lat' dir='ltr'>cursu</span> <span class='ocrx_word' id='word_1_438' title='bbox 1548 2470 1607 2491; x_wconf 72' lang='lat' dir='ltr'>ve-</span> 
     </span>
     <span class='ocr_line' id='line_1_83' title="bbox 929 2510 1607 2551; baseline 0 -8"><span class='ocrx_word' id='word_1_439' title='bbox 929 2510 1052 2543; x_wconf 88' lang='lat' dir='ltr'>locem.</span> <span class='ocrx_word' id='word_1_440' title='bbox 1069 2510 1153 2544; x_wconf 78' lang='lat' dir='ltr'>Vid.</span> <span class='ocrx_word' id='word_1_441' title='bbox 1165 2511 1253 2544; x_wconf 84' lang='lat' dir='ltr'>Plin.</span> <span class='ocrx_word' id='word_1_442' title='bbox 1270 2512 1330 2545; x_wconf 89' lang='lat' dir='ltr'>lib.</span> <span class='ocrx_word' id='word_1_443' title='bbox 1343 2512 1414 2544; x_wconf 68' lang='lat' dir='ltr'>VH</span> <span class='ocrx_word' id='word_1_444' title='bbox 1425 2537 1433 2551; x_wconf 95' lang='lat'>‚</span> <span class='ocrx_word' id='word_1_445' title='bbox 1448 2524 1476 2544; x_wconf 89' lang='lat' dir='ltr'>c.</span> <span class='ocrx_word' id='word_1_446' title='bbox 1492 2524 1536 2543; x_wconf 77' lang='lat'>20</span> <span class='ocrx_word' id='word_1_447' title='bbox 1550 2536 1558 2551; x_wconf 84' lang='lat'><strong>‚</strong></span> <span class='ocrx_word' id='word_1_448' title='bbox 1573 2520 1607 2543; x_wconf 85' lang='lat' dir='ltr'>et</span> 
     </span>
     <span class='ocr_line' id='line_1_84' title="bbox 932 2563 1604 2609; baseline 0 -13"><span class='ocrx_word' id='word_1_449' title='bbox 932 2564 1030 2597; x_wconf 82' lang='lat' dir='ltr'>Alex.</span> <span class='ocrx_word' id='word_1_450' title='bbox 1051 2563 1162 2609; x_wconf 87' lang='lat' dir='ltr'>Neap.</span> <span class='ocrx_word' id='word_1_451' title='bbox 1179 2565 1241 2598; x_wconf 87' lang='lat' dir='ltr'>lib.</span> <span class='ocrx_word' id='word_1_452' title='bbox 1258 2565 1312 2605; x_wconf 89' lang='lat' dir='ltr'>II,</span> <span class='ocrx_word' id='word_1_453' title='bbox 1331 2578 1361 2599; x_wconf 88' lang='lat' dir='ltr'>c.</span> <span class='ocrx_word' id='word_1_454' title='bbox 1381 2577 1397 2596; x_wconf 90' lang='lat'>2</span> <span class='ocrx_word' id='word_1_455' title='bbox 1411 2564 1519 2597; x_wconf 48' lang='lat' dir='ltr'>uvel</span> <span class='ocrx_word' id='word_1_456' title='bbox 1542 2576 1604 2596; x_wconf 90' lang='lat' dir='ltr'>no-</span> 
     </span>
     <span class='ocr_line' id='line_1_85' title="bbox 932 2617 1604 2663; baseline -0.001 -14"><span class='ocrx_word' id='word_1_457' title='bbox 932 2629 1013 2650; x_wconf 89' lang='lat' dir='ltr'>men</span> <span class='ocrx_word' id='word_1_458' title='bbox 1031 2617 1151 2650; x_wconf 87' lang='lat' dir='ltr'>fictum</span> <span class='ocrx_word' id='word_1_459' title='bbox 1169 2630 1187 2650; x_wconf 88' lang='lat' dir='ltr'>a</span> <span class='ocrx_word' id='word_1_460' title='bbox 1202 2626 1306 2663; x_wconf 85' lang='lat' dir='ltr'>poeta</span> <span class='ocrx_word' id='word_1_461' title='bbox 1318 2643 1328 2660; x_wconf 86' lang='lat'><strong>,</strong></span> <span class='ocrx_word' id='word_1_462' title='bbox 1345 2618 1426 2651; x_wconf 85' lang='lat' dir='ltr'>Atta</span> <span class='ocrx_word' id='word_1_463' title='bbox 1444 2617 1536 2650; x_wconf 88' lang='lat' dir='ltr'>cnim</span> <span class='ocrx_word' id='word_1_464' title='bbox 1554 2624 1604 2649; x_wconf 86' lang='lat' dir='ltr'>est</span> 
     </span>
     <span class='ocr_line' id='line_1_86' title="bbox 933 2670 1601 2715; baseline -0.004 -12"><span class='ocrx_word' id='word_1_465' title='bbox 933 2670 994 2715; x_wconf 80' lang='lat' dir='ltr'>qui</span> <span class='ocrx_word' id='word_1_466' title='bbox 1018 2680 1145 2705; x_wconf 83' lang='lat' dir='ltr'>terram</span> <span class='ocrx_word' id='word_1_467' title='bbox 1165 2671 1288 2705; x_wconf 68' lang='lat' dir='ltr'>leviter</span> <span class='ocrx_word' id='word_1_468' title='bbox 1311 2670 1460 2715; x_wconf 70' lang='lat' dir='ltr'>attingit.</span> <span class='ocrx_word' id='word_1_469' title='bbox 1479 2671 1601 2710; x_wconf 50' lang='lat' dir='ltr'>Festusz</span> 
     </span>
    </p>
   </div>
  </div>
 </body>
</html>
