2061 3288
448 221 544 272 [122
816 219 877 261 M.
913 220 1054 272 VAL.
1094 220 1484 264 MARTIALIS

586 305 790 348 Paestanis
820 305 1007 350 rubeant
1030 305 1184 350 aemula
1210 305 1330 350 labra
1356 309 1474 351 rosis.
1827 336 1858 352 10

513 376 635 436 Saepe
662 384 705 419 et
734 374 954 420 nolentem
981 387 1131 439 cogat,
1155 376 1348 438 nolitque
1376 376 1593 422 volentem
1620 395 1628 420 z

584 446 785 490 Liberior
809 446 987 491 domino
1014 465 1127 509 saepe
1152 449 1206 492 sit
1231 447 1301 491 ille
1328 465 1418 493 suo.

510 518 568 560 Et
589 517 739 560 timeat
764 534 945 578 pueros,
974 517 1177 563 excludat
1205 535 1317 580 saepe
1343 517 1537 580 puellas;

583 588 665 630 Vir
694 586 892 649 reliquis,
922 589 997 632 uni
1029 590 1084 633 sit
1108 606 1216 650 puer
1241 588 1311 633 ille
1336 590 1458 634 mihi.

510 660 533 701 J
537 674 605 701 am
624 659 734 714 scio,
747 675 828 703 nec
843 658 951 703 fallis
964 677 975 714 ς
990 676 1091 703 nam
1109 677 1177 704 me
1193 677 1366 721 quoque
1375 660 1521 721 judice
1535 677 1687 705 verum
1705 670 1791 705 est:
1823 681 1854 704 ιε

580 727 693 772 Talis
715 740 828 784 erat,
852 729 990 786 dices,
1015 741 1163 775 noster
1186 733 1490 776 Amazonicus.

496 869 551 889 10.
570 857 726 890 Paestanis
745 858 878 890 rubeant
896 859 1009 891 tenucla
1026 872 1052 892 r.
1073 859 1115 892 In

438 909 548 942 Paesto
566 911 728 943 Lucaniae
746 910 878 957 oppido
900 912 952 945 bis
968 912 1003 944 in
1023 924 1116 945 anno

438 964 693 1006 proveniebant
720 977 819 997 rosae.
848 964 930 998 Vid.
958 965 1019 999 lib.
1039 965 1116 1006 VI,

438 1015 545 1060 epigr.
562 1029 649 1049 Lxxx
664 1042 672 1057 ‚
690 1030 738 1050 vs.
763 1020 796 1050 6.

495 1080 551 1102 11.
580 1070 650 1102 Alii
676 1069 826 1117 Saepeque
852 1071 1025 1111 nolentem,·
1058 1071 1116 1104 alii

435 1133 475 1154 ex
487 1121 595 1155 Palat.
615 1131 648 1156 et
663 1131 747 1157 vett.
766 1122 845 1156 edd.
861 1124 980 1168 legunt
996 1151 1003 1163 ,
1022 1123 1114 1169 Scepe

706 1185 823 1216 recte,
850 1177 964 1222 inquit
989 1178 1116 1210 Farna-

434 1228 525 1261 bins.
544 1228 634 1274 Siepe
653 1237 685 1261 et
706 1230 859 1262 nolentem
888 1239 984 1275 agat,
1008 1231 1112 1277 lolius,-

434 1282 586 1314 nolentem
619 1282 655 1315 in
681 1283 782 1317 Junt.
814 1296 892 1316 ann.
925 1285 1030 1317 1512.
1060 1306 1111 1310 —

435 1183 467 1206 et
490 1176 641 1209 nolentem
665 1189 677 1209 .·

433 1334 525 1379 Soepe
550 1343 581 1367 et
601 1336 752 1368 nolentem
768 1363 776 1376 ,
799 1345 862 1370 etc.
887 1337 991 1369 Grata
1011 1344 1112 1382 petuo

432 1387 538 1421 lautia
553 1397 586 1422 et
599 1390 838 1435 protervitate.
856 1390 905 1422 Ut
919 1403 1007 1435 scepe
1023 1390 1112 1423 exci-

433 1448 552 1473 tentur
575 1450 609 1475 et
628 1443 725 1487 quasi
745 1451 915 1488 cogantur
934 1443 1109 1485 nolente53

432 1506 592 1539 saepeque
618 1495 775 1529 volentes
792 1521 802 1537 ‚
830 1509 899 1541 quo
928 1497 1037 1541 magis
1058 1496 1109 1529 in-

431 1546 645 1588 cendantur,
660 1547 703 1581 ad
722 1557 861 1593 tempus
881 1549 1107 1590 frustrentum

430 1608 470 1633 ut
488 1599 608 1634 videre
624 1610 674 1634 est
690 1602 751 1634 lib.
773 1603 824 1642 V,
845 1603 954 1647 epigr.
972 1614 1054 1635 :mx-1
1074 1611 1108 1635 et

431 1665 569 1687 Lxxxnr
581 1679 588 1693 ‚
611 1662 644 1687 et
660 1667 756 1701 supr.
776 1655 886 1700 epigr.
904 1667 1053 1688 xxxvnl.

1237 872 1250 892 1
1262 859 1294 892 3.
1312 860 1361 892 Et
1376 862 1522 893 timeat...
1534 857 1690 892 excludat.
1714 859 1854 905 Zeloty-

1176 912 1233 958 pia
1248 920 1396 946 testetur
1418 924 1584 946 amorem.

1235 969 1291 1006 14.
1308 966 1372 998 Vir
1385 966 1523 1012 reliquis,
1537 973 1602 999 etc.
1616 965 1672 998 Sic
1684 965 1855 999 vocabant

1177 1031 1235 1051 eos
1247 1031 1334 1064 quos
1344 1018 1385 1051 ad
1403 1031 1477 1052 rem
1489 1030 1671 1051 veneream
1683 1018 1854 1052 inhabiles

1175 1071 1342 1105 volebant
1351 1072 1559 1117 significare3
1570 1080 1750 1104 exsuerant
1758 1071 1852 1104 enim

1173 1125 1345 1170 puerilem
1359 1133 1492 1158 aetatem
1503 1151 1511 1166 ‚
1521 1137 1598 1170 quae
1610 1125 1680 1157 sola
1692 1124 1734 1158 τὰ
1743 1122 1854 1158 wat&-

1174 1176 1216 1210 κὰ
1232 1178 1441 1222 patiebatur.
1457 1178 1543 1211 Aliis
1559 1186 1676 1223 neget,
1690 1177 1777 1210 mihi
1789 1178 1852 1211 soli

1173 1229 1341 1265 det.Vide
1353 1231 1415 1264 lib.
1429 1232 1457 1272 I,
1468 1243 1523 1277 ep.
1541 1243 1655 1272 xxxu,
1670 1243 1719 1264 vs.
1738 1230 1851 1264 ultim.

1173 1291 1206 1317 et
1227 1284 1288 1318 lib.
1312 1285 1357 1325 V,
1384 1297 1440 1330 ep.
1462 1296 1600 1325 XLVIII,
1619 1283 1654 1316 in
1672 1284 1753 1317 fine.

1229 1348 1242 1369 1
1253 1337 1287 1372 5.
1321 1338 1395 1370 Jam
1430 1340 1494 1370 scio
1507 1364 1515 1377 ‚
1549 1345 1614 1370 etc.
1648 1335 1851 1382 Respondet

1170 1399 1252 1423 voto
1271 1403 1334 1424 suo
1357 1392 1460 1423 Poeta
1480 1403 1521 1423 ex
1541 1402 1688 1435 persona
1713 1390 1850 1433 Flacci,

1170 1444 1271 1488 cujus
1293 1456 1446 1489 puerum
1473 1442 1722 1475 Amazonicum
1745 1443 1849 1476 talem

1169 1496 1273 1529 fuisse
1295 1495 1395 1529 dicit.
1420 1516 1464 1523 —-
1482 1495 1663 1538 Necsicllis.
1685 1496 1850 1528 Formula

1167 1557 1266 1582 vetus
1287 1557 1336 1582 est
1356 1561 1422 1594 pro
1441 1562 1550 1582 rrerum
1566 1548 1656 1581 dicis.
1675 1548 1849 1582 Dicebant

1169 1602 1261 1635 enim
1279 1603 1426 1635 Veteres
1442 1605 1469 1635 si
1483 1602 1675 1644 sciensfizllo
1692 1628 1700 1642 ,
1722 1600 1758 1635 id
1775 1610 1825 1636 est
1838 1628 1848 1643 ,

1169 1657 1232 1689 nisi
1247 1668 1356 1688 ‘verum
1374 1655 1456 1688 dico.
1481 1656 1636 1688 Ramlres.

1012 1788 1256 1844 XLIII.

880 1940 936 1968 IN
988 1917 1383 1967 coRAfflNUM*

643 2058 751 2102 NON
778 2057 890 2112 dixi,
917 2057 1151 2112 Coracine,
1176 2066 1219 2100 te
1250 2056 1462 2100 cinaedum
1493 2073 1501 2099 :

640 2129 742 2173 Non
769 2145 864 2171 sum
891 2137 979 2171 tau.
1005 2128 1283 2183 temerarius,
1310 2143 1389 2170 nec
1415 2126 1557 2170 audax
1574 2162 1584 2182 ,

482 2255 495 2270 '¹
516 2261 576 2294 Est
596 2261 704 2295 faceta
725 2260 883 2307 quaedam
905 2261 940 2294 in
961 2260 1103 2294 Coraci-

428 2326 513 2346 num
543 2314 658 2347 illusio
686 2326 844 2360 expressa
868 2326 933 2359 per
959 2326 1103 2359 suspen-

425 2366 560 2399 sionem
572 2392 582 2407 .,
599 2379 676 2412 quae
693 2366 821 2401 desinit
836 2368 871 2400 in
884 2366 1100 2413 paradoxon.

426 2418 538 2464 Negat
559 2421 652 2452 enim
678 2419 774 2466 quod
803 2421 920 2455 minus
944 2429 994 2453 est
1018 2433 1101 2465 pro-

424 2471 529 2505 brum
545 2498 553 2513 ,
578 2481 611 2506 et
630 2474 757 2507 fatetur
777 2472 873 2519 quod
902 2482 952 2507 est
979 2474 1100 2518 majus.

425 2525 556 2557 Similis
570 2527 670 2570 jocus
680 2527 830 2561 refertur
844 2539 861 2559 a
877 2523 1100 2566 Quintiliano

424 2576 469 2610 de
490 2579 597 2612 Junio
622 2579 747 2620 Basso,
773 2580 837 2612 lib.
859 2580 930 2621 VI,
960 2592 1034 2625 cap.
1055 2580 1097 2619 ὃς

423 2631 484 2675 qui
507 2657 515 2673 ,
549 2641 717 2677 querente
741 2633 896 2666 Domitia
923 2632 1097 2673 Passieni,

1163 2259 1257 2305 quod
1268 2286 1276 2301 ‚
1289 2260 1448 2293 incusans
1461 2260 1533 2305 ejus
1551 2258 1670 2294 sordes
1680 2286 1689 2302 ‚
1709 2261 1842 2295 calceos

1163 2326 1236 2346 eam
1252 2322 1383 2346 veteres
1400 2313 1531 2346 diceret
1546 2312 1697 2346 vendere
1711 2314 1842 2357 solere;

1162 2367 1237 2399 Non
1257 2367 1438 2399 mehercule
1451 2393 1459 2407 ,
1480 2366 1613 2411 inquit,
1636 2367 1693 2398 hoc
1706 2379 1841 2412 unquam

1161 2420 1247 2459 dixi,
1269 2420 1326 2452 secl
1344 2433 1440 2452 emere
1470 2428 1498 2451 te
1520 2420 1627 2452 solere.
1653 2415 1775 2452 Simile
1789 2429 1840 2453 est

1160 2472 1220 2506 lib.
1238 2473 1291 2514 II,
1307 2473 1418 2518 epigr.
1433 2484 1549 2507 xxvn1
1565 2498 1574 2514 ‚
1591 2473 1627 2506 in
1642 2472 1837 2505 Sextillum.

1161 2526 1314 2559 Ramires.

1215 2593 1246 2612 2.
1283 2580 1490 2612 Temerarius.
1524 2577 1635 2611 Vides
1668 2577 1837 2622 distingui

1158 2632 1378 2668 temerarium
1390 2632 1431 2665 ab
1445 2630 1577 2667 audaci.
1588 2630 1834 2665 Distinxerunt
