2061 3288
420 273 530 300 xxw
651 257 1119 302 DISSERTATIO
1159 261 1247 302 DE
1286 261 1588 304 INGENIO

417 345 663 388 testimonia
683 355 880 390 veterum
904 357 947 390 et
968 344 1295 404 recentiorum.)
1317 349 1374 391 At
1397 364 1476 392 nos
1503 349 1642 392 utrius
1668 349 1711 392 in
1732 365 1827 393 sen-

416 415 596 459 tentiam
635 416 824 460 ibimus?
856 416 1055 473 llliusne,
1092 418 1161 461 cui
1191 416 1376 462 Bilbilici
1411 419 1560 462 onmia
1599 428 1673 463 aut
1713 429 1829 464 certe

418 485 622 547 pleraque
653 485 795 547 placet
816 523 827 543 ,

629 604 853 640 «Nocturna
874 617 1026 641 versare
1042 617 1174 651 manu,
1201 617 1351 641 versare
1371 605 1553 652 diurna‚»
1566 612 1576 626 ¹

417 729 472 756 an
502 712 612 758 illius
647 716 720 775 qui
756 715 863 759 nihil
899 715 1034 760 ferme
1066 733 1109 760 se
1149 717 1340 777 reperire
1379 715 1571 760 affirmat
1604 718 1648 760 in
1677 716 1830 762 libellis

417 784 665 844 quindecim
697 786 779 829 nisi
815 787 961 847 inepte
987 797 1030 831 et
1059 788 1272 831 inurbane
1296 787 1410 831 dicta
1426 823 1438 844 ,
1464 787 1612 832 sordes
1637 797 1680 831 et
1711 787 1829 832 face-

418 855 496 898 tias
526 855 748 900 inficetas?
775 858 1019 918 Antequam
1050 858 1103 902 cle
1130 858 1196 902 his
1223 867 1463 902 statuamus
1483 894 1493 913 ‚
1525 858 1651 902 liceat
1681 875 1832 903 causas

416 928 584 986 aperire
608 944 704 988 quae
721 928 962 972 istiusmodi
985 930 1249 973 Aristarchis
1274 930 1547 973 stomachum
1572 940 1752 974 movent
1779 947 1829 974 ac

418 996 650 1042 fastidium.

489 1070 703 1112 Juvenem
729 1068 916 1130 aliquem
943 1071 1021 1114 tibi
1050 1071 1165 1131 finge
1196 1087 1246 1113 ex
1271 1069 1479 1131 oppidulo
1510 1070 1729 1131 quolibet,
1755 1081 1831 1114 aut

423 1138 587 1195 villula,
608 1140 682 1184 ubi
704 1141 996 1184 Parisinarum
1018 1158 1162 1185 rerum
1189 1142 1321 1185 nescii
1346 1143 1450 1197 sint,
1466 1142 1682 1185 Lutetiam
1702 1141 1832 1185 modo

420 1209 645 1254 advenisse
660 1247 671 1267 7
695 1221 737 1254 et
763 1213 957 1272 ingresso
979 1212 1091 1256 forte
1112 1212 1289 1256 fortuna
1310 1211 1649 1273 thermopolium
1672 1230 1695 1256 e
1715 1213 1834 1256 varia

420 1283 710 1341 τετραπτύχων
731 1277 979 1343 ἐφημερίδων
1001 1284 1203 1344 congerie
1225 1299 1296 1327 eas
1320 1284 1591 1344 potissimum
1617 1283 1710 1326 dari
1733 1284 1833 1344 qui-

421 1351 499 1394 bus
521 1351 686 1396 ludicra
701 1362 870 1396 tantum
891 1363 934 1397 et
948 1355 1177 1414 nugatoria
1193 1390 1204 1410 ‚
1225 1353 1381 1410 literae,
1403 1363 1538 1409 artes,
1561 1353 1806 1415 spectacula
1822 1389 1833 1409 a

420 1440 562 1467 mores
583 1433 626 1467 et
652 1423 793 1468 cultus
816 1423 1110 1479 lacessuntur,
1131 1435 1180 1468 ut
1199 1441 1295 1485 quae
1316 1427 1580 1469 Dcemonem
1607 1424 1833 1468 ²clazm⁷mn

422 1510 536 1549 sese,
574 1504 649 1538 aut
679 1498 915 1551 Firmum,
936 1486 949 1509 3
979 1506 1053 1539 aut
1075 1487 1369 1539 Pandoram
1398 1495 1606 1556 appellari
1643 1495 1829 1539 voluere.

422 1565 632 1608 Omnium
668 1576 784 1609 certe
823 1568 1055 1628 scriptores
1093 1567 1293 1611 acumina
1323 1577 1365 1610 et
1392 1567 1515 1627 jocos
1535 1602 1545 1620 ‚
1576 1565 1833 1627 elegantiam

421 1645 460 1678 et
490 1635 597 1679 sales
632 1635 866 1697 aliquando
897 1638 1147 1694 inveniunt,
1178 1648 1440 1699 perpetuum
1476 1647 1713 1694 vcnantur3
1735 1654 1832 1681 om-

421 1723 539 1749 nium
572 1709 805 1768 scriptores

585 1834 801 1875 ...raptant
825 1826 922 1863 risus
941 1826 1136 1863 hominum
1159 1827 1373 1875 famamque
1398 1823 1580 1867 dicacis;5

421 1937 524 1997 quid
549 1938 592 1980 in
618 1955 746 1982 causa
775 1949 921 1983 tamen
951 1949 1016 1984 est
1042 1957 1119 1984 eur
1140 1939 1491 1983 adolescentulus
1518 1948 1681 1994 noster,
1704 1954 1833 1998 quem

423 2007 669 2053 illiteratum
685 2027 773 2054 non
792 2010 988 2065 dicimus,
1007 2011 1110 2054 dum
1132 2010 1257 2072 legit:⁷
1275 2010 1450 2070 relegit,
1472 2008 1678 2070 perlegit,
1695 2025 1835 2068 neque

424 2079 584 2135 rideat,
605 2098 746 2141 neque
772 2080 860 2125 ullo
882 2081 1013 2125 inodo
1039 2091 1086 2125 ut
1110 2080 1250 2143 lepide
1278 2082 1304 2123 ii
1325 2080 1598 2134 cavillentur,
1618 2089 1665 2123 ut.
1683 2078 1835 2123 callide

423 2150 668 2207 adulentur,
691 2162 738 2195 ut
760 2152 989 2213 commode
1009 2154 1051 2195 in
1076 2152 1281 2213 ambigua
1304 2168 1411 2195 voce
1428 2150 1692 2211 joculentur,
1716 2165 1834 2194 asse-

424 2222 495 2280 qui
517 2221 683 2282 possit?

494 2294 559 2335 En
601 2294 797 2354 opusculi
839 2296 1068 2354 anonymi,
1107 2295 1225 2337 verbi
1267 2295 1403 2354 gratia
1420 2329 1430 2343 ‚
1467 2293 1598 2337 editio
1632 2293 1834 2352 princeps

482 2445 511 2466 1.
536 2433 616 2467 Hoec
640 2435 710 2466 fere
730 2435 850 2468 Horat.
876 2437 948 2467 Art.
974 2435 1069 2467 Pom.
1095 2448 1143 2467 vs.
1171 2437 1264 2477 2159,
1285 2432 1344 2466 scd
1361 2446 1424 2477 pro
1441 2445 1582 2470 vret-sure,
1605 2432 1677 2475 ipse
1701 2430 1837 2475 scripsit

429 2495 555 2518 versate.

484 2555 514 2572 μ’.
540 2542 582 2571 lic
602 2541 711 2572 Diabl(
738 2541 870 2572 lamam:

484 2593 514 2624 ἶ.
540 2595 582 2625 Lc
603 2593 757 2625 Cot-saiw

493 2652 514 2686 i.
538 2648 583 2679 La
606 2647 761 2679 I'amlors.

487 2701 514 2733 [ἦ.
535 2700 651 2733 Horat,
673 2709 731 2733 sat.
754 2701 765 2731 l
782 2726 787 2731 2
822 2705 850 2738 ἦ,
867 2713 911 2732 w,
937 2702 954 2731 8
970 2701 1000 2732 ἶ.
1022 2708 1126 2742 salita!
1144 2727 1147 2730 i
1176 2712 1244 2731 non
1262 2706 1408 2741 salisam,
1429 2705 1476 2729 ‘cst
1496 2698 1528 2728 in
1548 2704 1654 2729 textu.
