2061 3288
465 232 564 286 [204

833 227 893 269 M.
922 227 1060 269 VAL.
1101 225 1489 269 MARTIALIS

1025 376 1303 432 XXVII.

582 539 646 567 AD
686 535 939 565 CAESAREM
980 534 1279 563 AUGUSTUM
1320 516 1734 565 J)OMIT1ANUM.*

525 667 651 710 SAEPE
677 679 796 707 meos
820 660 994 704 laudare
1016 659 1147 715 soles,
1168 662 1382 720 Auguste,
1403 656 1581 705 libellos.

597 734 778 779 Invidus
800 748 900 776 ecce
923 740 1053 792 negat
1076 747 1083 773 :
1114 747 1203 774 non
1228 731 1372 775 minus
1401 747 1506 792 ergo
1534 730 1655 776 soles.

525 805 668 864 Quid,
693 803 810 866 quod
837 803 1053 847 honorato
1083 818 1171 845 non
1202 800 1289 845 sola
1317 817 1425 845 voce
1451 801 1627 859 dedisti,

597 877 700 920 Non
726 875 834 919 alius
861 882 1032 936 poterat
1059 889 1154 933 quae
1185 872 1287 916 dare
1317 872 1431 916 dona
1461 871 1595 916 mihi?

527 950 641 992 Ecce.
669 948 827 990 iterum
852 946 999 1005 nigros
1027 943 1221 988 corrodit
1250 942 1406 987 lividus
1434 960 1611 1004 ungues.

596 1019 688 1071 Da,
709 1019 875 1070 Caesar,
897 1025 1019 1059 tanto
1045 1024 1091 1058 tu
1114 1015 1274 1075 magis,
1294 1023 1343 1058 ut
1365 1012 1519 1058 doleat.

508 1154 522 1168 *
545 1157 691 1191 Urbane
721 1155 810 1201 petit
840 1155 883 1187 ab
916 1155 1132 1198 Imperatore

456 1223 625 1251 munera,
656 1208 753 1255 quod
783 1206 941 1240 laudatus
971 1219 1060 1251 saepe
1088 1206 1131 1240 ab

457 1266 533 1311 ipso
551 1263 594 1297 sit
613 1271 646 1295 et
668 1261 816 1294 donatus
836 1259 1041 1293 muneribus
1060 1271 1132 1292 non

459 1314 725 1351 contemnendis
747 1327 755 1347 :
783 1322 935 1347 attamen
957 1325 1065 1357 quum
1101 1319 1134 1344 et

456 1372 531 1404 laus
546 1395 556 1410 ,
581 1377 615 1401 et
645 1380 790 1401 munera
812 1368 1017 1400 lacesserent
1043 1365 1131 1397 invi-

457 1423 586 1457 dorum
611 1420 910 1460 maledicentiam3
936 1426 1033 1462 rogat
1058 1418 1132 1450 Cae·

456 1489 566 1510 sarem
582 1498 591 1513 ‚
612 1483 651 1507 ut
669 1473 875 1508 muneribus
897 1471 964 1504 sihi
986 1470 1108 1503 dandis
1123 1496 1131 1510 ‚

458 1536 577 1575 augeat
596 1527 798 1561 invidorum
816 1525 987 1558 dolorem.
1010 1524 1130 1556 Ram-ir.

508 1601 560 1608 ——-
583 1580 642 1614 Ad
666 1582 846 1623 Augustum
868 1575 1072 1611 inscribitur
1094 1575 1129 1607 in

458 1634 536 1668 edd.
557 1641 639 1666 vett.

513 1701 545 1720 2.
577 1684 732 1719 Raderus
761 1681 1005 1729 reponendum
1034 1688 1131 1726 putat

457 1754 535 1775 cum
551 1737 842 1783 interrogatione:
858 1749 930 1768 num
947 1737 1046 1768 minus
1056 1747 1132 1779 ergo

457 1795 536 1827 soles
546 1789 566 1822 Ρ
581 1813 633 1818 —-
651 1792 770 1835 Negat.
791 1790 888 1823 Meos
909 1787 1071 1827 videlicet
1091 1787 1132 1820 li-

454 1847 565 1880 bellos
587 1857 658 1878 esse
678 1852 858 1889 tantopere
874 1840 1132 1874 laudandos.—

458 1901 531 1933 Non
551 1900 650 1930 minus
670 1910 756 1942 crgo.
777 1896 853 1929 Hoc
876 1896 954 1928 loco
982 1907 1056 1939 ergo
1086 1894 1130 1927 si-

456 1953 596 1998 gnificat
618 1959 763 1996 propter
787 1950 876 1982 hanc
903 1960 1057 1988 causam,
1076 1946 1129 1979 id-

451 2007 563 2045 sirco.
601 2004 729 2038 Sensus
766 2011 816 2036 est
845 2014 853 2036 :
883 2001 964 2035 licet
987 1999 1130 2034 invidus

452 2067 577 2107 neget,
611 2071 683 2091 non
717 2055 848 2090 idcirco
880 2055 990 2087 libros
1020 2054 1129 2087 nostri

452 2117 567 2149 Poetae
591 2111 706 2147 minus
733 2110 867 2155 legebat
892 2107 1128 2141 Domitianus.

454 2169 512 2203 Sic
532 2167 657 2201 Cicero
671 2162 707 2199 in
727 2164 860 2197 Catone
874 2162 1003 2207 majore
1020 2172 1027 2193 :
1046 2175 1059 2186 «
1075 2160 1128 2193 Ne

452 2221 677 2267 postulantur
687 2216 828 2264 quidem
844 2215 934 2248 vires
945 2227 962 2247 a
973 2221 1130 2246 senectu-

452 2283 503 2316 te,
526 2286 601 2317 ergo
620 2280 654 2306 et
670 2271 806 2316 legibus
825 2277 859 2302 et
880 2266 1048 2300 institutis
1069 2279 1128 2299 va-

453 2335 507 2360 cat
527 2335 605 2360 zetas
620 2333 738 2359 nostra
756 2321 962 2356 muneribus
984 2319 1024 2352 iis
1050 2331 1128 2364 quae

451 2393 524 2413 non
535 2387 683 2425 possunt
695 2378 768 2411 siue
778 2375 911 2409 viribus
924 2372 1122 2406 sustineri.»

508 2432 541 2465 3.
564 2432 662 2475 Quid.
683 2431 758 2463 Hoc
776 2437 846 2469 est,
868 2425 956 2472 quid
972 2437 1055 2459 vero
1077 2425 1126 2460 fa-

452 2485 520 2519 ciet
538 2483 701 2518 invidus?
724 2491 788 2515 etc.
811 2502 863 2507 ——-
879 2481 1048 2512 Honorato
1065 2490 1126 2510 non

451 2539 519 2571 solu
536 2551 621 2571 nme.
642 2538 699 2570 Me
716 2534 856 2580 quidem
874 2533 987 2566 verbis
1005 2540 1037 2565 et
1050 2532 1125 2564 lau-

1192 1151 1294 1185 dibus
1324 1152 1502 1185 honorasti
1519 1178 1528 1193 ,
1558 1151 1617 1186 sed
1647 1165 1719 1185 non
1752 1154 1867 1186 verbis

1193 1213 1326 1238 tantum
1341 1218 1349 1247 ;
1363 1204 1526 1238 addidisti
1545 1217 1690 1238 munera
1707 1218 1783 1251 quoe
1797 1206 1867 1240 Cae-

1193 1270 1247 1291 sar
1269 1271 1359 1291 unus
1378 1258 1465 1291 mihi
1484 1257 1566 1291 dare
1581 1266 1725 1304 poterat.
1740 1259 1866 1292 En.—

1193 1312 1303 1344 Dona.
1320 1312 1383 1344 Jus
1395 1312 1500 1344 trium
1511 1312 1702 1344 liberorum
1715 1338 1724 1352 ,
1740 1312 1800 1344 lib.
1813 1313 1864 1352 II,

1192 1364 1302 1409 epigr.
1323 1376 1380 1396 xcx
1402 1373 1435 1397 et
1456 1376 1553 1405 x0113
1574 1363 1778 1409 dignitatem
1803 1364 1865 1397 tri-

1192 1416 1363 1450 bunitiam
1389 1425 1422 1449 et
1452 1425 1669 1462 equestrem,
1701 1417 1762 1450 lib.
1790 1418 1864 1458 III,

1193 1469 1302 1514 epigr.
1323 1481 1420 1510 xcxv,
1443 1482 1491 1502 vs.
1518 1483 1537 1513 9
1557 1478 1590 1502 et
1614 1482 1663 1502 ιο.

1247 1523 1279 1555 5.
1316 1521 1434 1555 Codex
1467 1523 1546 1555 Vat.
1575 1524 1724 1554 contorsit
1753 1522 1865 1555 lividus

1193 1587 1310 1618 ungues
1326 1589 1337 1613 ;
1368 1574 1463 1620 quod
1497 1575 1626 1608 habent
1652 1576 1754 1607 etiam
1784 1574 1864 1608 Ald.

1191 1628 1289 1661 Junt.
1315 1637 1348 1660 et
1376 1628 1490 1661 Colin.
1514 1649 1564 1654 —-
1594 1627 1765 1667 Com-odit,
1799 1635 1863 1661 etc.

1192 1679 1329 1713 Invidia
1357 1689 1391 1713 et
1419 1681 1525 1713 animi
1551 1681 1746 1714 anxietate:
1770 1681 1864 1714 solli-

1191 1733 1252 1766 citi
1277 1733 1371 1767 enim
1397 1733 1504 1766 animi
1522 1734 1675 1779 signum,
1694 1734 1863 1779 unguium

1192 1788 1359 1822 corrosio.
1380 1786 1536 1829 Persius,
1553 1796 1614 1820 sat.
1638 1788 1684 1828 V,
1696 1799 1745 1820 vs.
1773 1790 1840 1819 162
1855 1813 1864 1827 ,

1192 1839 1364 1874 inducens
1400 1840 1669 1873 Chae1·est1·atun1
1712 1839 1864 1873 rationes

1192 1892 1450 1939 dispicientem,
1465 1893 1720 1939 quibusjugum
1738 1893 1864 1925 amoris

1191 1947 1282 1980 ferre
1299 1959 1333 1979 se
1348 1954 1522 1979 recusaret
1533 1972 1542 1988 ,
1555 1945 1660 1979 dicit:
1674 1961 1686 1971 κ
1704 1944 1862 1979 Crudum

1191 1999 1439 2032 Chaerestratus
1469 2011 1622 2044 unguem
1654 1997 1842 2031 Abrodens
1854 2024 1865 2039 ,

1189 2053 1237 2086 ait
1249 2053 1332 2086 haec.
1360 2070 1373 2082 »
1394 2053 1446 2085 De
1464 2052 1574 2097 poetis
1587 2064 1729 2098 quoque
1744 2051 1863 2096 vulga-

1189 2113 1264 2139 tum
1288 2114 1338 2138 est
1359 2117 1367 2138 :
1394 2105 1516 2138 Horat.
1536 2113 1600 2138 sat.
1621 2118 1663 2146 x,
1687 2105 1746 2137 lib.
1770 2105 1805 2145 I,
1819 2103 1863 2137 de

1188 2158 1327 2191 Lucilio
1344 2184 1353 2199 ,
1380 2176 1394 2188 «
1425 2158 1523 2203 Saepe
1555 2166 1658 2203 caput
1685 2158 1864 2198 scaberet,

1187 2212 1286 2245 vivos
1305 2220 1337 2244 et
1359 2210 1501 2244 roderet
1517 2223 1662 2256 ungues.
1682 2228 1696 2241 a
1723 2209 1806 2243 Vid.
1830 2217 1864 2242 et

1188 2265 1282 2298 Pers.
1301 2272 1363 2298 sat.
1385 2266 1421 2305 I,
1440 2277 1491 2297 vs.
1517 2276 1602 2298 120.

1243 2320 1276 2351 6.
1298 2318 1353 2350 Da
1368 2344 1376 2357 ‚
1403 2317 1524 2350 Caesar.
1549 2315 1746 2350 Artificiosa
1766 2327 1861 2348 men-

1189 2369 1339 2411 dicati03
1358 2378 1398 2403 ut
1414 2383 1484 2403 non
1505 2378 1579 2404 tum
1599 2378 1736 2415 petere,
1755 2379 1862 2413 quum

1187 2424 1337 2457 maxime
1353 2424 1454 2469 petit,
1469 2422 1640 2463 videatur,
1659 2434 1761 2467 quam
1780 2420 1863 2453 ulci-

1187 2477 1235 2511 sci
1249 2475 1430 2517 invidum,
1449 2489 1530 2509 eum
1547 2476 1668 2510 dolore
1685 2471 1862 2521 puniendo

1187 2542 1256 2575 quo
1272 2529 1396 2574 dignus
1411 2538 1471 2563 est.
