2061 3288
480 204 575 249 272

855 191 915 233 M.
940 192 1017 234 VA
1034 193 1081 234 L.
1122 193 1172 235 M
1188 194 1515 236 ARTIALIS

1140 343 1211 398 X.

929 498 983 525 1Ν
1023 478 1443 526 PHILOMUSIJM.*

541 624 849 677 CONSTJTUIT,
877 622 1151 676 philomuse,
1176 634 1301 684 pater
1327 624 1406 668 tibi
1432 624 1563 670 millia
1591 626 1693 670 bina

608 695 863 750 Menstrua,
887 710 1053 755 perque
1083 711 1234 739 omnes
1266 696 1465 756 praestitit
1488 695 1558 740 illa
1584 697 1700 751 dies,

542 766 783 809 Luxuriam
809 774 1027 826 premeret
1052 782 1187 826 quum
1214 767 1401 810 crastina
1432 783 1603 828 semper
1627 778 1817 830 egestas,

612 838 670 879 Et
695 836 808 879 vitiis
837 845 980 879 essent
1006 836 1147 879 danda
1177 836 1334 880 diurna
1361 838 1457 880 tuis.

522 971 537 985 '¹
548 976 740 1009 PhIIomusi
754 984 854 1022 pater
863 1002 871 1017 ‚
882 984 1062 1009 menstrua
1074 975 1147 1007 filio

470 1043 533 1068 suo
556 1030 639 1062 luxu
658 1028 800 1074 perdito
821 1029 1069 1069 constituerat,
1091 1041 1142 1061 ea·

472 1095 540 1128 que
558 1082 701 1128 singulis
719 1081 843 1115 diebus
866 1081 1006 1115 divisim
1025 1081 1146 1123 dabat,

470 1149 515 1169 ne
531 1148 604 1169 uno
619 1135 676 1169 die
690 1161 699 1176 ,
712 1136 817 1168 totius
837 1135 966 1168 mensis
983 1135 1146 1169 alimenta

469 1196 701 1222 consumeret.
711 1190 755 1222 At
762 1188 976 1234 quifiliosuo
985 1197 1054 1221 tam
1068 1201 1146 1234 pro-

468 1251 583 1288 specte
597 1250 734 1275 caverat
749 1251 783 1275 et
799 1242 1022 1275 consuluerat
1035 1268 1043 1282 ‚
1060 1241 1145 1274 dum

466 1296 620 1337 viveret3
638 1296 665 1329 is
685 1295 834 1341 pessime
851 1294 964 1328 eidem
985 1295 1076 1328 cavit
1094 1303 1145 1328 te·

468 1357 640 1382 stamento
663 1361 746 1390 suo,
767 1361 837 1394 quo
866 1360 946 1381 eum
970 1347 1143 1381 haeredem

468 1414 509 1435 ex
531 1414 603 1435 asse
618 1402 779 1448 reliquit3
799 1414 911 1448 quum
928 1402 959 1435 ei
979 1401 1144 1434 alimenta

468 1456 586 1501 potius
616 1453 763 1496 diurna,
785 1463 819 1487 et
845 1454 991 1500 singulis
1020 1453 1144 1487 diebus

467 1507 663 1554 praestanda
714 1508 912 1553 relinquere
952 1506 1141 1541 debuisset.

468 1562 587 1603 Quare
621 1573 662 1593 eo
687 1569 895 1594 testamento
929 1573 1002 1605 quo
1035 1560 1143 1593 haeres

467 1615 617 1660 scriptus
640 1622 709 1654 est,
731 1626 851 1647 revera
873 1622 923 1647 est
945 1612 1143 1646 exhaereda-

467 1677 522 1701 tus
535 1694 543 1709 ,
554 1680 663 1713 quum
685 1680 727 1701 eo
748 1668 852 1707 facto,
867 1666 1119 1711 patrimonium
1133 1692 1142 1707 ‚

468 1719 564 1766 quod
590 1720 705 1754 statim
737 1719 963 1765 dilapidabit,
987 1718 1030 1752 ad
1060 1731 1142 1752 eum

468 1775 541 1807 sine
556 1774 636 1807 ullis
651 1772 916 1807 conditionibus
928 1773 1141 1818 pervenerit.

464 1828 601 1861 ‚Hm-ald.

524 1894 555 1914 2.
574 1881 698 1926 Perque
718 1893 832 1912 omnes.
858 1881 938 1912 Duo
960 1879 1067 1911 millia
1089 1891 1141 1912 se-

468 1934 627 1967 stertium
643 1932 820 1966 distribuit
832 1941 933 1979 pater
949 1931 984 1964 in
1000 1932 1142 1977 triginta

466 1996 604 2033 partes,
624 1996 657 2020 et
679 1986 832 2032 singulas
853 1985 997 2030 singulis
1019 1984 1142 2018 diebus

467 2040 565 2074 dedit
586 2040 792 2073 Philomuso
805 2065 813 2080 ‚
832 2039 893 2084 qui
913 2037 1000 2072 adeo
1019 2037 1142 2083 prodi-

465 2107 528 2139 gus
565 2102 637 2127 erat
660 2119 669 2134 ,
702 2101 741 2125 ut
773 2092 890 2125 omnia
929 2090 1138 2124 effunderet.

466 2148 534 2181 Alii
556 2147 754 2192 intelligunt
773 2144 846 2178 duo
865 2144 1010 2190 quidem
1032 2144 1141 2177 millia

466 2201 503 2233 in
526 2214 636 2233 unum
666 2211 819 2232 mensem
844 2199 1012 2243 assignata
1033 2197 1140 2230 fuisse

467 2254 692 2292 Philomuso,
711 2251 770 2285 sed
787 2260 901 2284 tamen
918 2258 1064 2297 propter
1078 2250 1140 2283 im-

466 2306 619 2340 modicas
646 2306 819 2351 impensas
847 2304 992 2350 singulis
1017 2303 1140 2337 diebus

466 2360 537 2393 (luo
559 2359 668 2392 millia
690 2359 893 2391 Philomuso
913 2357 1013 2395 data,
1037 2365 1139 2402 atque

466 2414 510 2446 ab
529 2413 590 2445 illo
610 2413 715 2445 fuisse
736 2419 940 2456 consumpta
953 2437 961 2452 ,
982 2410 1029 2443 ita
1047 2410 1138 2443 utin

464 2466 654 2499 crastinum
673 2465 762 2498 nihil
779 2465 843 2509 ipsi
862 2476 1003 2509 prorsus
1017 2476 1140 2508 super-

466 2528 564 2552 esset.
594 2517 723 2550 Videat
752 2518 873 2550 lector.
905 2517 1070 2549 Horatius
1100 2517 1138 2556 Ι,

464 2581 525 2605 sat.
544 2584 607 2611 111,
635 2571 677 2604 15
699 2583 706 2603 :
733 2588 745 2599 u
768 2571 889 2603 Decies
908 2578 1054 2602 centena
1078 2568 1138 2602 de-

464 2624 571 2658 disses
582 2624 673 2657 Huic
684 2636 789 2669 parco
800 2648 808 2664 ‚
822 2624 941 2668 paucis
954 2630 1139 2665 contento,

1209 976 1368 1021 quinque
1380 975 1505 1010 diebus
1518 977 1575 1010 Nil
1591 986 1663 1011 erat
1676 978 1711 1010 in
1723 977 1857 1011 loculis.
1867 995 1881 1008 n

1264 1034 1297 1069 4.
1323 1030 1371 1062 Et
1389 1031 1478 1062 vitiis
1498 1038 1599 1062 essent
1614 1057 1622 1069 ,
1651 1039 1715 1064 etc.
1746 1031 1887 1065 Scilicet

1207 1081 1350 1115 videbat
1378 1091 1411 1116 te
1438 1082 1598 1129 quotidie
1620 1095 1682 1128 per
1704 1083 1824 1116 luxum
1853 1092 1887 1117 et

1206 1136 1323 1180 gulam
1337 1137 1453 1169 omnia
1467 1163 1476 1177 ,
1490 1149 1719 1182 quaecumque
1730 1137 1793 1170 tihi
1807 1135 1886 1170 data

1206 1189 1343 1222 fuerant
1353 1215 1361 1230 ,
1374 1189 1519 1234 ligurire
1530 1202 1568 1222 ac
1584 1188 1885 1235 dilapidare‚ade0

1206 1250 1245 1275 ut
1278 1242 1366 1275 nihil
1396 1243 1458 1276 tibi
1489 1242 1646 1289 pecuniae
1672 1251 1815 1276 restaret
1847 1242 1884 1275 in

1205 1295 1412 1337 crastinum3
1431 1308 1513 1342 ergo
1523 1309 1594 1329 non
1611 1303 1809 1337 menstrua,
1823 1295 1883 1329 sed

1205 1347 1334 1381 diurna
1356 1349 1420 1382 tibi
1445 1348 1558 1382 danda
1586 1348 1811 1393 intelligebat.
1830 1369 1883 1375 —-—

1205 1402 1343 1434 Dim-na.
1373 1402 1413 1433 In
1454 1402 1609 1446 singulos
1638 1414 1772 1434 menses
1799 1401 1883 1434 assi-

1202 1455 1375 1499 gnabatur
1388 1455 1493 1487 servis
1507 1467 1524 1487 a
1537 1453 1682 1487 domino
1695 1453 1738 1487 ad
1748 1455 1881 1487 victum

1203 1515 1298 1540 certa
1326 1507 1495 1540 frumenti
1523 1519 1684 1540 mensura
1701 1533 1710 1549 ,
1730 1515 1765 1540 et
1784 1519 1881 1553 quae-

1202 1559 1281 1592 dam
1311 1572 1444 1593 summa
1459 1586 1468 1602 ,
1496 1569 1623 1593 nostrae
1644 1567 1794 1593 monetae
1813 1560 1881 1594 cir-

1203 1614 1290 1646 citer
1305 1614 1323 1647 3
1337 1613 1378 1646 fr.
1398 1616 1442 1645 60
1458 1626 1487 1647 c.
1508 1613 1629 1646 Fiehat
1643 1625 1782 1658 quoque
1797 1625 1883 1658 quo·

1204 1665 1334 1699 tidiana
1356 1665 1558 1700 distributio
1577 1665 1734 1711 quaedam
1751 1666 1830 1699 salis
1847 1674 1881 1699 et

1202 1719 1425 1752 minutorum
1453 1720 1638 1759 ciborum,
1667 1731 1745 1764 quae
1776 1731 1881 1753 voca-

1202 1773 1305 1805 batur
1322 1772 1456 1804 diarium
1471 1800 1478 1811 ,
1497 1785 1556 1805 seu
1569 1772 1712 1804 diurnum
1727 1797 1737 1813 ,
1752 1784 1813 1805 seu
1829 1772 1881 1804 de-

1202 1838 1363 1858 mensum:
1384 1825 1411 1857 si
1440 1838 1480 1858 ex
1508 1825 1562 1858 his
1592 1825 1734 1870 frugalis
1759 1837 1879 1858 servus

1202 1877 1337 1924 aliquid
1366 1886 1576 1913 reservaret,
1607 1885 1741 1923 poterat
1770 1877 1876 1916 inde,

1201 1932 1292 1965 intra
1311 1945 1367 1965 sex
1388 1943 1497 1964 annos
1514 1957 1523 1972 ‚
1545 1938 1630 1964 teste
1653 1931 1823 1964 Cicerone
1841 1931 1878 1963 in

1201 1985 1357 2030 epistolis
1385 1983 1428 2016 ad
1461 1983 1671 2025 familiares,
1699 1984 1877 2029 peculium

1200 2038 1362 2082 colligere
1378 2063 1387 2078 ‚
1410 2050 1479 2082 quo
1506 2037 1677 2070 vicarium
1707 2044 1837 2070 emeret
1858 2049 1877 2070 a

1200 2103 1270 2136 quo
1291 2090 1538 2136 adjuvaretur,
1559 2090 1613 2121 vel
1633 2102 1667 2122 se
1681 2089 1754 2135 ipse
1773 2102 1791 2122 a
1806 2102 1876 2122 ser-

1199 2144 1311 2177 vitute
1336 2142 1535 2177 redimeret.
1564 2142 1633 2176 Sed
1660 2143 1729 2175 hoe
1759 2150 1876 2175 tamen

1199 2197 1373 2230 misellum
1402 2197 1582 2241 peculium
1604 2195 1791 2241 aliquando
1810 2196 1877 2229 im-

1198 2251 1422 2283 minuebatur
1440 2249 1646 2282 muneribus
1663 2261 1740 2294 quae
1762 2247 1876 2281 domi-

1198 2316 1245 2336 no
1274 2303 1357 2337 dare
1386 2315 1526 2336 necesse
1557 2302 1731 2335 habebant
1758 2302 1876 2342 servi;

1199 2369 1303 2401 quam
1345 2356 1583 2389 necessitatem
1621 2356 1743 2388 acerbe
1779 2354 1874 2388 dolet

1200 2411 1315 2443 Davus
1332 2409 1370 2442 in
1384 2409 1589 2442 Phormion.
1606 2417 1668 2441 act.
1681 2409 1715 2447 Ι,
1732 2419 1824 2440 scen.
1844 2419 1871 2439 1.

1199 2463 1265 2496 En.
1277 2484 1328 2488 —-
1340 2463 1388 2495 Et
1402 2463 1489 2494 ‘vitiis
1508 2469 1585 2493 esset
1605 2461 1640 2494 in
1662 2458 1871 2505 quibusdam

1199 2524 1283 2548 vett.
1308 2523 1342 2548 et
1363 2515 1411 2547 sic
1434 2523 1484 2547 est
1508 2514 1543 2547 in
1565 2513 1645 2547 edd.
1668 2512 1870 2553 Ramiresii,

1198 2568 1313 2609 Junii,
1335 2568 1462 2613 Delph.
1480 2575 1547 2601 otc.
1564 2588 1614 2594 -
1630 2567 1735 2599 Tanta
1756 2565 1869 2598 diurna

1199 2623 1291 2665 conj.
1305 2621 1518 2654 Gronovius
