2061 3288
449 191 1030 235 EPIGRAMMATUM
1069 190 1193 232 LlB.
1235 190 1316 231 lV.

1489 189 1584 249 487

253 281 456 340 Decipies
479 277 584 323 alios
611 279 754 322 verbis
786 278 996 339 vultuque
1028 277 1238 337 benigno3

322 351 435 395 Nam
459 349 562 393 mihi
585 350 674 410 jam
701 358 828 394 notus
853 346 1149 393 dissimulator
1178 347 1273 390 eris.
1562 375 1592 390 μ,

183 486 360 521 mittendis
386 487 422 519 in
445 486 650 520 muneribus
667 486 758 520 hanc
781 487 853 519 usi-

184 549 288 574 tatam
310 540 413 573 fuisse
441 540 646 580 formulam,
669 548 705 573 ut
724 540 854 573 amicus

184 593 283 626 amici
301 605 491 626 memorem
510 605 544 625 se
566 590 708 626 diceret.

238 658 272 690 9.
286 646 441 690 Benigno.
456 646 497 679 In
508 644 716 679 Beverlandi
731 657 855 678 manu·

183 699 313 744 scripto
329 699 468 743 benigne.
481 699 689 743 -Decipies
705 698 795 731 alios.
814 696 855 730 Id

184 760 250 793 est,
275 764 329 785 me
348 764 422 784 nou
441 750 607 797 decipies.

242 817 298 838 10.
317 805 401 838 Nam
416 805 492 837 milii
500 805 570 848 jam
584 806 667 836 votis
681 803 717 836 in
734 801 856 836 eodem

186 858 258 890 MS.
278 880 329 884 —
350 858 576 890 Dissimulator
592 859 663 890 eris.
684 858 854 902 Ingratus.

184 911 245 944 Est
265 911 358 944 enim
386 911 540 956 ingratus
560 911 619 955 qui
646 910 856 943 beneficium

184 963 353 1009 accepisse
369 975 404 996 se
426 971 542 1008 negat,
559 972 593 997 et
614 963 676 1009 qui
693 962 856 996 dissimu-

185 1017 242 1050 lat.
269 1016 349 1050 Sen.
378 1017 496 1050 Benef.
522 1016 583 1049 lib.
609 1017 685 1057 III,
706 1028 780 1061 cap.
811 1028 824 1049 1
847 1027 855 1048 :

191 1087 203 1098 ιι
224 1070 314 1103 Dum
331 1069 487 1114 ingratus
504 1077 554 1103 est
571 1069 631 1115 qui
646 1068 856 1103 heneficium

915 484 1084 530 accepisse
1110 497 1145 517 se
1172 492 1295 529 negat,
1312 484 1407 529 quod
1439 485 1593 530 accepit3

915 539 1070 583 ingratus
1104 545 1154 570 est
1181 537 1241 582 qui
1268 535 1472 570 dissimulat.
1496 555 1508 566 n
1541 559 1590 564 —-

915 591 984 624 Alii
1004 590 1052 624 sic
1071 589 1263 635 explicant,
1281 589 1495 622 dissimulator
1508 593 1568 623 eris
1583 618 1590 629 ,

916 644 996 689 quia
1010 643 1150 677 simulas
1167 651 1199 676 te
1212 655 1284 676 non
1299 642 1494 688 intelligere
1507 643 1601 689 quid‘

917 696 1044 738 velim3
1063 708 1189 729 munus
1210 695 1303 728 enim
1326 695 1369 729 ad
1389 705 1422 730 te
1441 696 1541 737 misi,
1558 704 1594 730 ut

918 750 1068 783 vicissim
1096 761 1226 782 munus
1254 748 1297 781 ad
1325 762 1379 782 me
1399 748 1595 783 remitteres

918 801 1019 841 (vide
1037 802 1098 835 lib.
1117 802 1162 843 V,
1179 801 1288 847 epigr.
1307 815 1385 844 xvi,
1403 815 1453 835 vs.
1479 807 1519 843 14
1534 816 1542 843 3
1560 811 1594 836 et

917 856 1027 901 epigr.
1044 867 1149 888 xxxv¹
1162 879 1172 895 e
1190 868 1238 888 vs.
1259 868 1274 887 2
1293 870 1301 894 ;
1321 856 1382 888 lib.
1404 856 1473 896 XI,
1487 857 1593 901 epigr.

919 909 1042 943 ultimo
1061 921 1109 942 vs.
1127 901 1174 951 4).
1188 908 1281 952 Ergo
1300 909 1355 941 vel
1370 921 1440 941 non
1461 909 1596 942 mittam

918 961 961 995 ad
977 963 1011 995 te
1028 961 1192 1007 deinceps
1207 962 1318 994 ullum
1333 960 1486 1002 donum,
1500 962 1553 995 vel
1568 962 1595 995 si

917 1014 1003 1061 quid
1031 1015 1157 1048 misero
1187 1015 1290 1060 pretii
1317 1014 1479 1048 levissimi
1509 1013 1596 1047 illud

919 1076 997 1102 erit.

827 1214 958 1272 XC.

616 1355 680 1382 DE
720 1331 1167 1382 ιηῑεΊίοΑΤιοΝΕ.“ί

187 1467 320 1510 RURE
344 1483 519 1510 morans
542 1466 645 1527 quid
671 1483 817 1527 agam,
841 1465 1084 1527 respondeo
1111 1481 1271 1525 pauca,
1297 1475 1473 1525 rogatus
1498 1483 1506 1506 .·

189 1537 306 1579 Luce
331 1538 447 1580 Deos
478 1554 578 1593 oro;
602 1537 810 1593 famulos,
837 1545 937 1597 post
964 1552 1069 1579 arva
1099 1536 1264 1589 reviso,

191 1606 388 1651 Partibus
418 1617 547 1668 atque
572 1609 678 1651 meis
698 1607 839 1667 justos
863 1606 1006 1651 indico
1033 1605 1214 1650 labores.

244 1715 258 1727 ¹
279 1717 355 1750 Hoc
373 1717 585 1762 epigramma
602 1718 750 1750 omnino
770 1718 860 1749 Mar-

188 1769 268 1802 tiale
293 1769 493 1815 indignum,
513 1779 547 1803 et
572 1770 667 1815 quod
687 1771 724 1803 in
744 1770 861 1803 multis

189 1821 403 1855 editionibus
425 1823 551 1856 merito
573 1823 691 1864 abest,
712 1823 789 1855 loco
809 1831 859 1855 ta-

190 1887 270 1908 men
287 1888 358 1908 non
381 1888 505 1908 moveo
519 1900 528 1916 ‚
551 1888 662 1921 quum
680 1876 751 1921 jam
773 1887 861 1920 soepe

190 1928 226 1961 in
243 1928 358 1961 lucem
375 1929 551 1974 vulgatum
568 1928 699 1973 publici
714 1927 801 1973 juris
819 1928 861 1960 sit

190 1981 329 2014 factum.
360 2002 412 2007 —
447 1981 489 2013 In
519 1981 586 2014 hoc
616 1980 863 2026 epigrammate

193 2031 309 2078 (quod
334 2032 371 2066 in
398 2034 465 2067 vol.
490 2034 564 2075 III,
587 2047 620 2079 p.
651 2046 740 2078 292,
773 2033 864 2066 inter

190 2086 415 2131 Supposititia
437 2086 501 2119 alia
517 2087 642 2119 iterum
658 2083 860 2127 retulimus)

191 2138 376 2177 Martialis,
400 2139 454 2171 vel
473 2139 532 2184 qui
558 2140 632 2184 ejus
648 2139 791 2172 nomine
812 2147 861 2172 te—

191 2191 303 2236 gitur,
321 2192 487 2236 exprimit
503 2191 590 2237 quid
607 2204 690 2224 rure
707 2201 782 2237 agat
798 2217 806 2232 ,
828 2200 863 2224 et

192 2257 260 2289 quo
282 2244 361 2277 vitae
383 2243 507 2277 ordine
526 2245 766 2277 continuatum
788 2243 862 2277 die-

192 2308 272 2330 rum
307 2297 428 2329 orbem
458 2295 706 2330 circumducat.
724 2298 789 2330 ED.
811 2318 862 2323 —-

193 2350 276 2382 Rure
297 2361 420 2381 morans
434 2376 442 2389 ,
468 2358 533 2383 etc.
554 2348 652 2382 Ordo
671 2358 722 2382 est
739 2361 746 2382 :
767 2361 863 2394 roga·

194 2396 325 2444 tus(ab
340 2401 451 2435 amico
466 2403 518 2435 vel
535 2402 657 2447 quovis
673 2398 763 2440 alio)
777 2400 861 2447 quid

193 2467 288 2499 agam
305 2481 313 2495 ‚
335 2454 419 2487 dum
436 2467 517 2487 rure
540 2467 658 2487 moror
673 2481 681 2495 ‚
707 2454 760 2487 his
781 2466 862 2499 pau-

194 2508 242 2541 cis
259 2508 372 2540 verbis
389 2506 595 2552 respondeo.
615 2508 686 2540 Eo.

251 2573 282 2593 ι.
301 2561 381 2592 Luce
401 2569 580 2600 nascente,
599 2559 634 2593 id
659 2568 707 2593 est
720 2585 729 2600 ‚
749 2572 860 2592 mane.

197 2613 260 2646 ΕΙ).
283 2613 513 2653 —Famulos,
534 2621 605 2658 post
631 2627 716 2646 alva.
738 2612 771 2646 Si
790 2621 862 2657 post

921 1715 1129 1749 adverbium
1164 1727 1237 1748 esse
1273 1716 1490 1748 censebimus
1503 1742 1511 1757 ,
1540 1716 1597 1749 hic

921 1769 988 1802 erit
1001 1781 1118 1802 sensus
1137 1780 1144 1801 :
1164 1768 1327 1801 Famulos
1341 1768 1455 1801 reviso
1468 1795 1476 1808 ‚
1502 1767 1600 1802 dein-

921 1821 966 1854 de
979 1834 1057 1854 arva
1070 1834 1079 1862 ;
1094 1821 1146 1854 sin
1164 1829 1281 1854 autem
1295 1821 1598 1865 praepositionem:

922 1874 1083 1907 Famulos
1100 1873 1226 1914 reviso,
1242 1881 1426 1918 postquam
1443 1886 1523 1906 arva
1545 1886 1600 1907 re-

922 1927 998 1960 visi.
1020 1926 1121 1959 Prior
1141 1938 1261 1959 sensus
1281 1925 1370 1958 mihi
1392 1926 1504 1971 placet
1527 1939 1601 1960 ma-

922 1980 991 2024 gis;
1009 1988 1043 2012 et
1056 1979 1199 2012 Poetam
1216 1987 1302 2024 puto
1319 1978 1473 2024 primum
1493 1980 1601 2013 samu-

922 2032 963 2065 lis
1001 2033 1035 2065 in
1066 2031 1173 2064 domo
1207 2044 1267 2065 sua
1295 2044 1371 2065 suas
1399 2032 1600 2078 quibusque

924 2093 1038 2131 partes
1053 2084 1283 2126 distribuere,
1300 2083 1429 2117 deinde
1448 2097 1601 2130 egressu-

924 2151 1022 2179 rum,
1040 2147 1079 2170 ut
1099 2137 1283 2171 distribuat
1307 2137 1516 2171 villicis.E1›.

976 2190 1010 2224 3.
1034 2190 1184 2223 Partibus
1205 2198 1299 2236 atque
1327 2192 1410 2223 meis.
1434 2191 1513 2223 Non
1537 2204 1598 2224 vo-

921 2256 995 2276 cem
1018 2246 1090 2276 meis
1110 2243 1202 2276 refer
1224 2242 1268 2275 ad
1290 2255 1410 2275 vocem
1426 2244 1570 2287 partibus
1585 2258 1598 2283 ;

921 2295 983 2329 sed
1016 2296 1065 2329 sic
1092 2296 1246 2340 intellige
1270 2307 1278 2328 :
1309 2304 1342 2328 et
1377 2294 1496 2328 indico
1525 2300 1596 2329 meio

923 2343 936 2390 (
953 2346 1115 2388 famulis)
1142 2349 1278 2381 labores
1297 2350 1401 2392 justos
1425 2349 1570 2393 partibus
1584 2375 1593 2388 ,

923 2413 986 2446 per
1012 2401 1222 2446 hypallagen
1250 2413 1314 2446 pro
1332 2403 1427 2445 justis
1455 2402 1599 2445 partibus

922 2467 981 2487 seu
999 2466 1059 2499 per
1073 2455 1181 2499 justas
1200 2462 1334 2498 partes.
1353 2466 1438 2498 quas
1458 2454 1531 2499 ipse
1547 2454 1599 2487 di-

922 2506 1015 2539 vido.
1033 2506 1088 2539 Sic
1105 2507 1203 2550 Virg.
1216 2508 1295 2539 AEn.
1310 2505 1370 2539 lib.
1388 2507 1403 2538 Ι
1417 2519 1488 2552 „vs.
1510 2507 1552 2540 51
1564 2520 1594 2547 1,

923 2559 966 2592 de
983 2558 1121 2592 Didone
1140 2571 1146 2591 :
1172 2574 1184 2585 a
1204 2559 1289 2591 Jura
1311 2557 1413 2592 dabat
1436 2560 1596 2604 legesque

923 2613 1023 2653 viris,
1035 2624 1249 2657 operumque
1267 2607 1423 2648 laborem
1439 2612 1598 2646 Partibus

1302 2674 1391 2726 31³
