2061 3288
427 217 1022 268 EPIGRAMMATUM
1062 217 1187 260 Llss.
1227 215 1324 258 III.

1488 213 1582 275 287

753 372 994 432 XXIV.

484 548 549 577 nn
588 544 895 575 HARUP1scE
934 522 1265 573 mammosa*

238 685 359 729 VJTE
389 698 553 726 nocens
579 696 678 725 rosa
707 679 851 724 stabat
878 679 1117 723 moriturus
1142 677 1197 722 ad
1220 693 1317 723 aras

309 755 468 797 Hircus
483 788 494 809 ‚
517 751 711 807 Bacche,
739 751 824 795 tuis
847 750 1025 794 victima
1053 758 1176 810 grata
1200 750 1347 793 sacris.

239 826 385 882 Quem
407 826 574 868 Tuscus
599 832 793 867 mactare
818 820 901 865 deo
930 836 1066 882 quum
1097 819 1228 864 vellet
1254 821 1472 882 haruspex
1488 855 1497 869 ‚

308 896 493 940 Dixerat
516 894 677 955 agresti
700 892 812 937 forte
840 892 1024 952 rudique
1053 892 1172 947 viro,

239 968 302 1011 Ut
333 967 420 1010 cito
450 964 674 1010 testiculos
704 973 913 1025 peracuta
938 962 1048 1008 falce
1073 972 1263 1017 secaret,

311 1038 445 1081 Teter
473 1046 524 1080 ut
554 1034 790 1080 immundae
820 1035 963 1079 carnis
988 1034 1129 1078 abiret
1158 1033 1280 1078 odor.

238 1109 340 1169 Ipse
371 1123 501 1169 super
526 1107 684 1151 virides
714 1121 810 1150 aras
838 1104 1048 1150 luctantia
1078 1122 1244 1166 pronus

310 1180 432 1224 Dum
456 1188 624 1222 resecat
653 1176 795 1222 cultro
826 1175 959 1234 colla,
989 1177 1236 1237 premitque
1266 1192 1422 1233 manu3

240 1251 401 1310 Ingens
424 1250 543 1293 iratis
566 1249 770 1310 apparuit
792 1248 948 1291 hernia
972 1249 1116 1292 sacris.

310 1322 515 1380 Occupat
540 1319 656 1363 hanc
682 1319 799 1363 ferro
830 1319 1039 1373 rusticus,
1063 1328 1195 1379 atque
1222 1328 1341 1362 secat
1365 1337 1372 1362 :

240 1392 336 1434 Hoc
366 1400 486 1434 ratus
514 1391 716 1450 antiquos
746 1405 973 1433 sacrorum
999 1405 1180 1450 poscere
1205 1389 1335 1446 ritus,

307 1460 485 1505 Talibus
516 1470 559 1505 et
588 1461 708 1504 fibris
734 1461 916 1504 numina
941 1461 1082 1521 prisca
1109 1459 1205 1504 coli.

223 1596 237 1610 '
259 1601 311 1633 De
339 1601 440 1634 Tusco
462 1601 624 1646 haruspice
646 1601 850 1634 inscribitur

170 1653 207 1686 in
222 1652 302 1687 Ald.
322 1654 421 1687 Junt.
440 1653 557 1688 Colin.
578 1654 718 1699 Gryph.
740 1655 850 1700 Lang.

171 1707 192 1739 J
197 1706 316 1739 unian.
337 1706 426 1740 aliis.
454 1707 503 1739 De
523 1707 664 1740 hernioso
689 1707 851 1752 haruspice

172 1759 207 1792 in
223 1758 300 1793 cod.
318 1759 521 1793 Pulmanni.

229 1825 261 1845 ῐ.
282 1813 358 1845 Vite
377 1825 488 1845 nocens
505 1826 587 1845 rosa.
615 1811 744 1846 Hircus
766 1812 850 1846 Bac-

171 1865 240 1899 cho
257 1866 504 1899 immolabatur
518 1892 527 1907 ,
540 1864 622 1911 quia
636 1865 724 1899 vites
737 1864 852 1907 rodit,

172 1927 212 1952 ut
241 1931 370 1963 porcus
401 1918 542 1959 Cereri,
565 1916 661 1963 quod
694 1918 853 1963 frugibus

171 1972 274 2005 obsit.
285 1970 391 2005 Ovid.
400 1972 461 2005 lib.
474 1972 505 2013 I,
518 1971 608 2005 Fast.
620 1971 729 2004 Ennii
740 1980 853 2017 poetae

172 2037 291 2058 versus
314 2037 445 2070 graecos
472 2024 627 2058 imitatus
644 2047 654 2063 ‚
674 2037 761 2070 quos
785 2038 852 2058 ποι-

173 2074 318 2121 (astutam
339 2076 483 2111 adducit
505 2077 695 2111 Suetonius
717 2077 753 2110 in
778 2079 850 2111 Do-

174 2130 319 2163 mitiano
333 2156 343 2172 ‚
363 2142 439 2176 cap.
464 2135 506 2171 14
522 2142 530 2164 ε
554 2147 567 2160 α
583 2129 683 2164 Rode
696 2156 706 2172 ,
722 2143 827 2176 caper
839 2157 850 2173 ‚

173 2183 280 2216 vitem
296 2208 305 2224 ‚
323 2191 439 2217 tamen
456 2183 540 2216 hinc
560 2196 670 2229 quum
685 2185 792 2218 stabis
807 2183 851 2218 ad

174 2247 248 2268 aras
264 2261 272 2276 ‚
297 2237 399 2269 Intus
415 2235 513 2281 quod
528 2237 645 2282 spargi
666 2237 703 2269 in
719 2249 851 2271 cornua

174 2288 293 2334 possit,
309 2289 386 2322 erit.
407 2306 421 2318 n
436 2289 514 2322 Lib.
528 2290 629 2331 XIII,
643 2290 848 2335 epigramm.

174 2353 304 2374 xxxxx:
326 2359 339 2371 «
355 2342 539 2375 Lascivum
550 2355 656 2388 pecus
670 2368 678 2385 ‚
695 2351 729 2376 et
745 2342 850 2376 viridi

174 2406 246 2427 non
264 2394 352 2428 utile
369 2395 521 2434 Baccho,
539 2396 608 2429 Det
628 2408 747 2441 poenas
764 2408 772 2430 :
790 2409 852 2429 no-

174 2447 247 2480 cuit
262 2449 333 2493 jam
350 2456 448 2481 tener
461 2447 518 2481 ille
534 2447 613 2481 deo.
633 2466 646 2478 ι)

229 2514 261 2534 2.
280 2500 369 2534 Cod.
384 2500 486 2534 Bodl.
505 2510 538 2534 et
553 2500 761 2534 Beverlandi
776 2501 849 2535 MS.

176 2555 236 2585 tuis
254 2556 383 2586 victima
399 2554 497 2598 digna
513 2557 621 2587 sacris.

232 2606 265 2639 3.
287 2607 387 2651 Quem
406 2608 538 2641 Tuscus.
554 2607 604 2640 Ex
618 2607 762 2649 Tuscia,
782 2608 853 2640 sive

176 2658 339 2693 Hetruria
354 2685 364 2701 ‚
390 2659 495 2694 hodie
528 2661 558 2693 la
588 2661 728 2694 Toscane
746 2688 753 2698 ‚
783 2661 852 2694 Ro-

911 1613 1003 1634 mam
1025 1600 1127 1635 allata
1150 1609 1200 1635 est
1218 1601 1455 1647 haruspicina.
1477 1603 1590 1637 Haru-

910 1666 994 1700 spex
1008 1662 1125 1688 autem
1136 1679 1146 1696 .,
1163 1663 1249 1688 teste
1264 1656 1406 1689 Donato
1422 1655 1467 1689 ad
1482 1657 1591 1691 Phor-

911 1707 1068 1741 mionem
1083 1708 1240 1741 Terentii
1253 1734 1262 1749 ,
1278 1716 1343 1742 act.
1360 1709 1426 1751 IV,
1440 1721 1533 1744 scen.
1550 1716 1569 1751 ,4
1581 1737 1590 1752 ,

911 1760 954 1793 ab
976 1760 1106 1806 haruga
1124 1761 1339 1795 nominatur.
1354 1762 1444 1795 Nam
1460 1763 1592 1809 haruga

911 1811 1044 1846 dicitur
1059 1814 1188 1853 hostia,
1211 1815 1253 1847 ab
1269 1815 1353 1848 hara
1370 1815 1406 1848 in
1424 1829 1494 1861 qua
1510 1829 1592 1850 con-

912 1865 1066 1899 cluditur
1081 1875 1115 1899 et
1133 1875 1303 1901 servatur.
1322 1868 1391 1900 Alii
1408 1896 1417 1911 ‚
1436 1869 1497 1914 qui
1514 1871 1590 1904 sine

912 1919 1122 1964 aspiratione
1143 1919 1210 1953 hoc
1230 1921 1390 1954 vocabul.
1411 1923 1590 1966 scribunt,

912 1970 982 2005 dici
1010 1980 1137 2017 putant
1158 1973 1238 2018 quia
1262 1987 1413 2020 aruspex
1438 1993 1451 2005 α
1472 1976 1509 2009 in
1533 1989 1590 2010 ara

914 2025 1055 2070 inspicit
1071 2035 1148 2059 exta
1167 2044 1198 2060 n.

967 2079 1000 2112 5-
1020 2080 1189 2124 Junt.pe1·
1203 2088 1307 2113 acuta.
1322 2081 1414 2122 Quia
1430 2082 1468 2114 in
1485 2081 1588 2117 codd.

909 2131 1040 2177 legerat
1053 2158 1063 2173 ‚
1080 2141 1112 2165 et
1134 2142 1228 2166 acuta
1241 2158 1251 2175 ‚
1270 2132 1379 2167 Scriv.
1401 2135 1518 2177 malit,
1536 2139 1592 2170 sed

910 2193 1014 2218 acula.

967 2250 1000 2283 7.
1026 2240 1045 2271 l
1054 2239 1165 2272 'ir-isles.
1184 2240 1260 2273 Hoc
1277 2248 1328 2273 est
1341 2266 1350 2282 ‚
1372 2249 1493 2276 stratas
1508 2243 1590 2276 her·

910 2291 954 2324 ba
983 2291 1100 2325 viridi.
1130 2291 1224 2326 Vide
1253 2294 1397 2328 Terent.
1429 2304 1494 2329 act.
1525 2297 1591 2341 IV,

911 2356 1003 2378 scen.
1028 2349 1046 2385 4
1065 2370 1073 2386 ,
1096 2344 1140 2379 de
1159 2358 1256 2380 more
1272 2345 1391 2381 herbis
1410 2361 1484 2382 aras
1503 2358 1590 2383 ster-

910 2396 1029 2430 nendi.

966 2463 999 2494 9.
1024 2451 1132 2483 [ratis.
1164 2451 1270 2485 Forte
1292 2462 1437 2499 propter
1459 2455 1589 2490 irreve-

913 2503 1063 2537 rentiam
1088 2504 1305 2551 haruspicis,
1338 2509 1438 2553 cujus
1467 2509 1590 2544 hernia

913 2557 1122 2601 apparebat,
1136 2570 1240 2603 quam
1252 2560 1406 2594 exsecuit
1417 2562 1565 2596 rusticus
1576 2590 1586 2603 ,

913 2621 1022 2654 quum
1053 2610 1144 2644 hirci
1175 2612 1352 2647 testiculos
1387 2615 1591 2649 abscindere

914 2661 1100 2696 debuisset.
