2061 3288
386 224 463 252 LVI
585 209 1040 254 TESTIMONIA
1078 212 1168 254 DE
1207 212 1591 256 MARTIALE.

913 349 1053 393 Idem.
1082 365 1184 411 cap.
1216 349 1292 396 52.

465 488 578 530 Sane
600 504 678 549 per
701 498 843 532 totum
867 490 1137 550 epigramma
1164 491 1332 552 signate
1360 507 1464 535 usus
1493 500 1558 535 est
1579 490 1723 534 verbis
1749 506 1816 533 ar—

395 559 646 618 gutissimus
676 569 834 620 poeta,
867 569 948 604 etc.
982 570 1031 604 ut
1059 561 1120 605 sic
1144 561 1230 605 hoc
1261 562 1577 622 epigrammate
1606 559 1712 606 nihil
1741 561 1816 605 uti·

396 645 479 689 que
508 631 775 690 pensitatius.

607 781 733 826 Idem
759 786 805 826 z'tz
828 784 1176 829 Declamatz'one
1186 800 1279 846 pro
1310 786 1606 844 Quintiliano.

478 923 541 966 Ut
572 923 627 966 ab
652 924 998 985 ingeniosissimo
1023 924 1259 970 latinorum
1287 928 1655 988 epigrammatum
1678 936 1823 988 poeta,

404 1002 448 1036 et
488 1012 509 1034 «
537 1009 657 1055 vagae
689 995 931 1055 juventutis
968 996 1244 1051 moderator,
1273 1017 1294 1038 »
1329 1007 1372 1041 et
1403 1018 1425 1039 «
1447 1000 1658 1042 Romanae
1692 996 1829 1058 gloria

405 1073 517 1125 togae
542 1084 564 1106 »
597 1081 699 1109 vere
725 1068 934 1110 meruerit
957 1067 1177 1129 appellari.

478 1219 695 1260 Joviamcs
715 1220 975 1272 Pomanus,
1003 1218 1074 1262 lib.
1099 1220 1201 1273 III,
1225 1218 1281 1263 de
1301 1221 1535 1274 Sermone,
1557 1234 1656 1281 cap.
1688 1235 1703 1263 1
1719 1218 1759 1263 8.

484 1355 688 1400 Valerius
706 1356 920 1401 Martialis
941 1357 1322 1402 artificiosissimus
1346 1360 1712 1420 epigrammatum
1732 1359 1835 1403 scri-

414 1436 515 1488 ptor
558 1426 617 1469 ita
654 1428 696 1470 in
729 1428 777 1471 iis
817 1428 993 1488 quidem
1027 1429 1199 1489 jocatus
1231 1439 1296 1473 est
1314 1465 1325 1482 ,,
1355 1439 1405 1472 ut
1435 1429 1705 1490 frequentius
1742 1445 1835 1474 car-

418 1506 495 1558 pat
524 1513 655 1557 quam
685 1497 902 1542 delectet:
934 1501 1106 1543 tametsi
1136 1516 1158 1543 e
1187 1500 1463 1544 demorsione
1492 1502 1585 1561 ipsa
1607 1499 1838 1544 delectatio

419 1584 593 1628 quoque
607 1570 789 1628 paritur.
805 1569 967 1614 Adhaec
987 1570 1113 1615 dictis
1130 1570 1222 1631 ejus
1241 1572 1401 1632 partim
1417 1571 1710 1616 occultissima
1722 1587 1838 1632 quae-

422 1639 523 1682 dam
548 1639 695 1683 insunt
718 1640 908 1700 spicula3
932 1642 1089 1701 partim
1113 1642 1248 1685 verba
1269 1659 1364 1703 quae
1380 1659 1470 1686 non
1492 1642 1631 1686 solum
1654 1658 1677 1685 a
1697 1642 1839 1685 faceto

425 1711 510 1754 sint
523 1708 662 1753 aliena
674 1746 684 1766 ‚
698 1727 850 1754 verum
870 1721 945 1755 aut
958 1713 1163 1756 obscoena
1178 1714 1270 1773 ipsa
1285 1712 1521 1757 admodum
1537 1711 1819 1773 scurriliaque
1830 1748 1840 1767 7

423 1790 499 1824 aut
518 1782 705 1834 maxime
725 1781 968 1843 ampullosa
989 1794 1031 1827 et
1047 1783 1168 1828 acida
1191 1801 1199 1826 :
1221 1784 1337 1845 quod
1358 1783 1533 1845 quidem
1555 1785 1839 1844 Hispanicum

423 1861 498 1895 est.
524 1852 634 1895 Sunt
655 1861 800 1896 tamen
822 1854 937 1897 (licta
958 1855 1049 1914 ejus
1068 1856 1109 1898 in
1131 1856 1384 1899 universum
1407 1865 1583 1916 arguta,
1608 1853 1840 1898 subtiliter-

425 1939 510 1983 que
528 1924 769 1984 conquisita
784 1941 795 1979 ;
812 1925 1021 1969 abstrusae
1037 1927 1260 1970 sententiae
1273 1961 1283 1978 ‚
1300 1926 1548 1986 eaedemque
1562 1941 1670 1970 rarae
1681 1961 1692 1970 .
1709 1923 1844 1980 salsae,

428 1992 635 2037 aculeatae
659 2012 666 2037 :
694 1997 967 2040 inventiones
990 2014 1094 2040 vero
1122 1999 1309 2041 maxime
1336 2007 1501 2041 acutae:
1525 1996 1660 2040 verba
1688 1997 1844 2057 praeci-

429 2081 514 2124 pue
544 2066 901 2121 accommodata,
921 2084 1103 2129 quaeque
1134 2085 1222 2112 non
1246 2069 1387 2128 prima.
1415 2078 1583 2111 tantum
1617 2067 1752 2123 faeie,
1781 2076 1846 2110 at—

433 2151 516 2195 que
538 2137 583 2178 in
603 2138 696 2197 ipso
720 2136 961 2198 explicatu,
985 2139 1193 2183 lectorem
1214 2138 1405 2183 alliciant
1426 2148 1556 2199 atque
1577 2138 1846 2191 auditorem3

434 2221 588 2250 verum
625 2224 722 2268 quae
756 2210 800 2251 in
833 2210 925 2269 ejus
954 2205 1105 2254 'animo
1141 2209 1387 2270 relinquant
1419 2211 1596 2254 tacitam
1630 2208 1849 2270 quandam

437 2278 559 2336 quasi
578 2278 967 2324 subtitillationem.
990 2279 1140 2324 Nihilo
1159 2290 1305 2324 tamen
1337 2281 1480 2325 minus
1511 2282 1560 2325 iis
1596 2297 1686 2324 non
1712 2295 1849 2341 pauca

437 2347 612 2407 quidem
644 2350 992 2408 animadvertas7
1018 2368 1114 2412 quae
1139 2351 1269 2413 digna
1294 2368 1474 2413 prorsus
1499 2361 1600 2396 sunt
1628 2351 1777 2395 facetis
1802 2365 1852 2393 ac

440 2421 692 2479 temperatis
710 2422 891 2482 ingeniis
908 2440 915 2466 :
933 2423 1233 2484 retineantque
1254 2422 1464 2467 decorum
1485 2421 1589 2466 illud
1603 2457 1614 2475 ‚
1640 2420 1757 2482 quod
1775 2422 1855 2464 vir—

438 2490 540 2533 tutis
563 2489 715 2550 hujus,
740 2493 793 2535 de
818 2510 902 2554 qua
926 2495 1223 2555 praecipimus,
1246 2495 1432 2538 maxime
1457 2502 1520 2536 est
1539 2492 1781 2553 proprium.
