<?xml version="1.0" encoding="UTF-8"?>
<!DOCTYPE html PUBLIC "-//W3C//DTD XHTML 1.0 Transitional//EN"
    "http://www.w3.org/TR/xhtml1/DTD/xhtml1-transitional.dtd">
<html xmlns="http://www.w3.org/1999/xhtml" xml:lang="en" lang="en">
 <head>
  <title>
</title>
<meta http-equiv="Content-Type" content="text/html;charset=utf-8" />
  <meta name='ocr-system' content='tesseract 3.04.00' />
  <meta name='ocr-capabilities' content='ocr_page ocr_carea ocr_par ocr_line ocrx_word'/>
</head>
<body>
  <div class='ocr_page' id='page_1' title='image "./epigrammata01martuoft_0267.png"; bbox 0 0 2061 3288; ppageno 0'>
   <div class='ocr_carea' id='block_1_1' title="bbox 469 224 1288 269">
    <p class='ocr_par' dir='ltr' id='par_1_1' title="bbox 469 224 1288 269">
     <span class='ocr_line' id='line_1_1' title="bbox 469 224 1288 269; baseline -0.001 0"><span class='ocrx_word' id='word_1_1' title='bbox 469 224 1047 269; x_wconf 83' lang='lat' dir='ltr'><strong>EPIGRAMMATUM</strong></span> <span class='ocrx_word' id='word_1_2' title='bbox 1086 226 1215 268; x_wconf 88' lang='lat' dir='ltr'>LIB.</span> <span class='ocrx_word' id='word_1_3' title='bbox 1254 226 1288 268; x_wconf 91' lang='lat' dir='ltr'>I.</span> 
     </span>
    </p>
   </div>
   <div class='ocr_carea' id='block_1_2' title="bbox 176 312 851 518">
    <p class='ocr_par' dir='ltr' id='par_1_2' title="bbox 176 312 851 518">
     <span class='ocr_line' id='line_1_2' title="bbox 176 312 849 357; baseline -0.004 -10"><span class='ocrx_word' id='word_1_4' title='bbox 176 313 364 347; x_wconf 79' lang='lat' dir='ltr'>Palatinus.</span> <span class='ocrx_word' id='word_1_5' title='bbox 379 329 430 334; x_wconf 77' lang='lat'>—-</span> <span class='ocrx_word' id='word_1_6' title='bbox 448 312 492 345; x_wconf 78' lang='lat' dir='ltr'>Ut</span> <span class='ocrx_word' id='word_1_7' title='bbox 503 314 620 357; x_wconf 73' lang='lat' dir='ltr'>cupias.</span> <span class='ocrx_word' id='word_1_8' title='bbox 630 312 756 344; x_wconf 79' lang='lat' dir='ltr'>Sensus</span> <span class='ocrx_word' id='word_1_9' title='bbox 777 320 826 344; x_wconf 83' lang='lat' dir='ltr'>est</span> <span class='ocrx_word' id='word_1_10' title='bbox 840 323 849 344; x_wconf 75' lang='grc' dir='ltr'><strong><em>ε</em></strong></span> 
     </span>
     <span class='ocr_line' id='line_1_3' title="bbox 176 363 850 411; baseline -0.004 -11"><span class='ocrx_word' id='word_1_11' title='bbox 176 366 320 401; x_wconf 82' lang='lat' dir='ltr'>Etiamsi</span> <span class='ocrx_word' id='word_1_12' title='bbox 333 365 453 411; x_wconf 81' lang='lat' dir='ltr'>cupias</span> <span class='ocrx_word' id='word_1_13' title='bbox 470 365 583 398; x_wconf 85' lang='lat' dir='ltr'>bonus</span> <span class='ocrx_word' id='word_1_14' title='bbox 599 373 633 397; x_wconf 85' lang='lat' dir='ltr'>ct</span> <span class='ocrx_word' id='word_1_15' title='bbox 650 363 740 398; x_wconf 86' lang='lat' dir='ltr'>fidus</span> <span class='ocrx_word' id='word_1_16' title='bbox 758 377 829 398; x_wconf 88' lang='lat' dir='ltr'>csse</span> <span class='ocrx_word' id='word_1_17' title='bbox 841 390 850 405; x_wconf 92' lang='lat'>‚</span> 
     </span>
     <span class='ocr_line' id='line_1_4' title="bbox 177 418 851 464; baseline -0.004 -11"><span class='ocrx_word' id='word_1_18' title='bbox 177 429 292 454; x_wconf 87' lang='lat' dir='ltr'>tamen</span> <span class='ocrx_word' id='word_1_19' title='bbox 319 419 454 464; x_wconf 82' lang='lat' dir='ltr'><strong>nequis.</strong></span> <span class='ocrx_word' id='word_1_20' title='bbox 482 418 537 452; x_wconf 90' lang='lat' dir='ltr'>Sic</span> <span class='ocrx_word' id='word_1_21' title='bbox 570 426 692 463; x_wconf 82' lang='lat' dir='ltr'>argute</span> <span class='ocrx_word' id='word_1_22' title='bbox 722 430 851 463; x_wconf 87' lang='lat' dir='ltr'>caupo-</span> 
     </span>
     <span class='ocr_line' id='line_1_5' title="bbox 177 469 851 518; baseline -0.004 -12"><span class='ocrx_word' id='word_1_23' title='bbox 177 486 261 507; x_wconf 86' lang='lat' dir='ltr'>num</span> <span class='ocrx_word' id='word_1_24' title='bbox 282 469 465 518; x_wconf 80' lang='lat' dir='ltr'>perfidiam</span> <span class='ocrx_word' id='word_1_25' title='bbox 482 479 580 505; x_wconf 82' lang='lat' dir='ltr'>notat</span> <span class='ocrx_word' id='word_1_26' title='bbox 599 472 706 504; x_wconf 83' lang='lat' dir='ltr'>Poeta</span> <span class='ocrx_word' id='word_1_27' title='bbox 719 497 728 513; x_wconf 90' lang='lat'>‚</span> <span class='ocrx_word' id='word_1_28' title='bbox 745 471 851 504; x_wconf 87' lang='lat' dir='ltr'>mini-</span> 
     </span>
    </p>
   </div>
   <div class='ocr_carea' id='block_1_3' title="bbox 1499 224 1588 271">
    <p class='ocr_par' dir='ltr' id='par_1_3' title="bbox 1499 224 1588 271">
     <span class='ocr_line' id='line_1_6' title="bbox 1499 224 1588 271; baseline 0.022 -2"><span class='ocrx_word' id='word_1_29' title='bbox 1499 224 1588 271; x_wconf 74' lang='lat'>105</span> 
     </span>
    </p>
   </div>
   <div class='ocr_carea' id='block_1_4' title="bbox 910 311 1592 517">
    <p class='ocr_par' dir='ltr' id='par_1_4' title="bbox 910 311 1592 517">
     <span class='ocr_line' id='line_1_7' title="bbox 910 311 1592 357; baseline 0.003 -13"><span class='ocrx_word' id='word_1_30' title='bbox 910 323 965 344; x_wconf 88' lang='lat' dir='ltr'>me</span> <span class='ocrx_word' id='word_1_31' title='bbox 998 311 1217 357; x_wconf 86' lang='lat' dir='ltr'>cupientium</span> <span class='ocrx_word' id='word_1_32' title='bbox 1249 323 1387 344; x_wconf 83' lang='lat' dir='ltr'>merum</span> <span class='ocrx_word' id='word_1_33' title='bbox 1418 312 1592 354; x_wconf 86' lang='lat' dir='ltr'>vendere,</span> 
     </span>
     <span class='ocr_line' id='line_1_8' title="bbox 911 363 1592 410; baseline 0.003 -13"><span class='ocrx_word' id='word_1_34' title='bbox 911 363 970 398; x_wconf 80' lang='lat' dir='ltr'>sed</span> <span class='ocrx_word' id='word_1_35' title='bbox 992 372 1115 397; x_wconf 84' lang='lat' dir='ltr'>contra</span> <span class='ocrx_word' id='word_1_36' title='bbox 1137 364 1222 397; x_wconf 87' lang='lat' dir='ltr'>vino</span> <span class='ocrx_word' id='word_1_37' title='bbox 1249 377 1372 410; x_wconf 76' lang='lat' dir='ltr'>aquam</span> <span class='ocrx_word' id='word_1_38' title='bbox 1397 364 1592 399; x_wconf 81' lang='lat' dir='ltr'>admiscen-</span> 
     </span>
     <span class='ocr_line' id='line_1_9' title="bbox 911 416 1588 463; baseline 0.003 -13"><span class='ocrx_word' id='word_1_39' title='bbox 911 418 999 451; x_wconf 78' lang='lat' dir='ltr'>tium</span> <span class='ocrx_word' id='word_1_40' title='bbox 1017 429 1024 450; x_wconf 91' lang='lat'>:</span> <span class='ocrx_word' id='word_1_41' title='bbox 1043 416 1139 463; x_wconf 90' lang='lat' dir='ltr'>quod</span> <span class='ocrx_word' id='word_1_42' title='bbox 1165 431 1183 450; x_wconf 80' lang='lat' dir='ltr'>a</span> <span class='ocrx_word' id='word_1_43' title='bbox 1200 418 1367 452; x_wconf 76' lang='lat' dir='ltr'>Romanis</span> <span class='ocrx_word' id='word_1_44' title='bbox 1389 419 1524 452; x_wconf 82' lang='lat' dir='ltr'>transiit</span> <span class='ocrx_word' id='word_1_45' title='bbox 1544 418 1588 453; x_wconf 76' lang='lat' dir='ltr'>ad</span> 
     </span>
     <span class='ocr_line' id='line_1_10' title="bbox 912 470 1590 517; baseline 0.003 -13"><span class='ocrx_word' id='word_1_46' title='bbox 912 479 1038 505; x_wconf 78' lang='lat' dir='ltr'>nostrae</span> <span class='ocrx_word' id='word_1_47' title='bbox 1052 470 1161 504; x_wconf 84' lang='lat' dir='ltr'>aetatis</span> <span class='ocrx_word' id='word_1_48' title='bbox 1175 483 1351 517; x_wconf 83' lang='lat' dir='ltr'>caupones</span> <span class='ocrx_word' id='word_1_49' title='bbox 1361 471 1503 505; x_wconf 88' lang='lat' dir='ltr'>vitium.</span> <span class='ocrx_word' id='word_1_50' title='bbox 1523 473 1590 506; x_wconf 77' lang='lat' dir='ltr'>En.</span> 
     </span>
    </p>
   </div>
   <div class='ocr_carea' id='block_1_5' title="bbox 765 591 997 647">
    <p class='ocr_par' dir='ltr' id='par_1_5' title="bbox 765 591 997 647">
     <span class='ocr_line' id='line_1_11' title="bbox 765 591 997 647; baseline -0.004 0"><span class='ocrx_word' id='word_1_51' title='bbox 765 591 997 647; x_wconf 89' lang='lat' dir='ltr'><strong>LVIII.</strong></span> 
     </span>
    </p>
   </div>
   <div class='ocr_carea' id='block_1_6' title="bbox 668 725 1059 754">
    <p class='ocr_par' dir='ltr' id='par_1_6' title="bbox 668 725 1059 754">
     <span class='ocr_line' id='line_1_12' title="bbox 668 725 1059 754; baseline -0.003 -1"><span class='ocrx_word' id='word_1_52' title='bbox 668 726 740 753; x_wconf 81' lang='lat' dir='ltr'>Al)</span> <span class='ocrx_word' id='word_1_53' title='bbox 779 725 1059 754; x_wconf 79' lang='lat' dir='ltr'>FLACCUM.</span> 
     </span>
    </p>
   </div>
   <div class='ocr_carea' id='block_1_7' title="bbox 1079 702 1097 721">
    <p class='ocr_par' dir='ltr' id='par_1_7' title="bbox 1079 702 1097 721">
     <span class='ocr_line' id='line_1_13' title="bbox 1079 702 1097 721; baseline 0 -6"><span class='ocrx_word' id='word_1_54' title='bbox 1079 702 1097 721; x_wconf 56' lang='lat' dir='ltr'>x.</span> 
     </span>
    </p>
   </div>
   <div class='ocr_carea' id='block_1_8' title="bbox 178 830 1593 1107">
    <p class='ocr_par' dir='ltr' id='par_1_8' title="bbox 178 830 1434 964">
     <span class='ocr_line' id='line_1_14' title="bbox 178 830 1434 894; baseline -0.003 -16"><span class='ocrx_word' id='word_1_55' title='bbox 178 835 410 890; x_wconf 76' lang='lat' dir='ltr'><strong>QUALEM,</strong></span> <span class='ocrx_word' id='word_1_56' title='bbox 436 832 614 889; x_wconf 73' lang='lat' dir='ltr'>Flacce,</span> <span class='ocrx_word' id='word_1_57' title='bbox 636 833 765 877; x_wconf 84' lang='lat' dir='ltr'>velim</span> <span class='ocrx_word' id='word_1_58' title='bbox 791 833 971 894; x_wconf 79' lang='lat' dir='ltr'>quaeris,</span> <span class='ocrx_word' id='word_1_59' title='bbox 998 831 1189 876; x_wconf 80' lang='lat' dir='ltr'>nolimve</span> <span class='ocrx_word' id='word_1_60' title='bbox 1215 830 1434 892; x_wconf 75' lang='lat' dir='ltr'>puellam?</span> 
     </span>
     <span class='ocr_line' id='line_1_15' title="bbox 247 903 1232 964; baseline -0.003 -16"><span class='ocrx_word' id='word_1_61' title='bbox 247 903 363 949; x_wconf 89' lang='lat' dir='ltr'>Nolo</span> <span class='ocrx_word' id='word_1_62' title='bbox 386 905 513 948; x_wconf 87' lang='lat' dir='ltr'>nimis</span> <span class='ocrx_word' id='word_1_63' title='bbox 539 903 733 960; x_wconf 81' lang='lat' dir='ltr'>facilem,</span> <span class='ocrx_word' id='word_1_64' title='bbox 757 903 1068 964; x_wconf 81' lang='lat' dir='ltr'>difficilemque</span> <span class='ocrx_word' id='word_1_65' title='bbox 1091 903 1232 946; x_wconf 89' lang='lat' dir='ltr'>nimis.</span> 
     </span>
    </p>

    <p class='ocr_par' dir='ltr' id='par_1_9' title="bbox 178 973 1593 1107">
     <span class='ocr_line' id='line_1_16' title="bbox 178 973 1593 1036; baseline -0.003 -17"><span class='ocrx_word' id='word_1_66' title='bbox 178 974 292 1019; x_wconf 89' lang='lat' dir='ltr'>Illud</span> <span class='ocrx_word' id='word_1_67' title='bbox 318 975 436 1036; x_wconf 88' lang='lat' dir='ltr'>quod</span> <span class='ocrx_word' id='word_1_68' title='bbox 460 976 653 1019; x_wconf 87' lang='lat' dir='ltr'>medium</span> <span class='ocrx_word' id='word_1_69' title='bbox 680 985 766 1032; x_wconf 81' lang='lat' dir='ltr'>est,</span> <span class='ocrx_word' id='word_1_70' title='bbox 789 985 918 1035; x_wconf 86' lang='lat' dir='ltr'>atque</span> <span class='ocrx_word' id='word_1_71' title='bbox 944 975 1057 1018; x_wconf 82' lang='lat' dir='ltr'>inter</span> <span class='ocrx_word' id='word_1_72' title='bbox 1081 983 1318 1035; x_wconf 84' lang='lat' dir='ltr'>utrumque</span> <span class='ocrx_word' id='word_1_73' title='bbox 1344 973 1593 1034; x_wconf 80' lang='lat' dir='ltr'>probamus.</span> 
     </span>
     <span class='ocr_line' id='line_1_17' title="bbox 247 1044 1416 1107; baseline -0.003 -17"><span class='ocrx_word' id='word_1_74' title='bbox 247 1047 342 1090; x_wconf 85' lang='lat' dir='ltr'>Nec</span> <span class='ocrx_word' id='word_1_75' title='bbox 366 1045 490 1103; x_wconf 82' lang='lat' dir='ltr'>volo,</span> <span class='ocrx_word' id='word_1_76' title='bbox 513 1046 631 1107; x_wconf 86' lang='lat' dir='ltr'>quod</span> <span class='ocrx_word' id='word_1_77' title='bbox 661 1047 849 1102; x_wconf 77' lang='lat' dir='ltr'>eruciat3</span> <span class='ocrx_word' id='word_1_78' title='bbox 875 1062 956 1090; x_wconf 88' lang='lat' dir='ltr'>nec</span> <span class='ocrx_word' id='word_1_79' title='bbox 981 1044 1106 1101; x_wconf 80' lang='lat' dir='ltr'>volo,</span> <span class='ocrx_word' id='word_1_80' title='bbox 1129 1044 1248 1106; x_wconf 88' lang='lat' dir='ltr'>quod</span> <span class='ocrx_word' id='word_1_81' title='bbox 1278 1045 1416 1088; x_wconf 81' lang='lat' dir='ltr'>satiat.</span> 
     </span>
    </p>
   </div>
   <div class='ocr_carea' id='block_1_9' title="bbox 178 1160 861 1367">
    <p class='ocr_par' dir='ltr' id='par_1_10' title="bbox 178 1160 855 1248">
     <span class='ocr_line' id='line_1_18' title="bbox 231 1160 855 1208; baseline 0 -14"><span class='ocrx_word' id='word_1_82' title='bbox 231 1160 247 1173; x_wconf 79' lang='lat'>&#39;</span> <span class='ocrx_word' id='word_1_83' title='bbox 270 1163 311 1195; x_wconf 92' lang='lat' dir='ltr'>In</span> <span class='ocrx_word' id='word_1_84' title='bbox 333 1162 401 1196; x_wconf 93' lang='lat' dir='ltr'>hoc</span> <span class='ocrx_word' id='word_1_85' title='bbox 420 1162 667 1208; x_wconf 78' lang='lat' dir='ltr'>epigrammate</span> <span class='ocrx_word' id='word_1_86' title='bbox 688 1162 784 1195; x_wconf 87' lang='lat' dir='ltr'>nulla</span> <span class='ocrx_word' id='word_1_87' title='bbox 805 1161 855 1194; x_wconf 86' lang='lat' dir='ltr'>le-</span> 
     </span>
     <span class='ocr_line' id='line_1_19' title="bbox 178 1213 779 1248; baseline 0 0"><span class='ocrx_word' id='word_1_88' title='bbox 178 1213 305 1248; x_wconf 84' lang='lat' dir='ltr'>ctionis</span> <span class='ocrx_word' id='word_1_89' title='bbox 326 1215 472 1248; x_wconf 83' lang='lat' dir='ltr'>varietas</span> <span class='ocrx_word' id='word_1_90' title='bbox 491 1224 601 1248; x_wconf 84' lang='lat' dir='ltr'>exstat</span> <span class='ocrx_word' id='word_1_91' title='bbox 620 1215 655 1247; x_wconf 91' lang='lat' dir='ltr'>in</span> <span class='ocrx_word' id='word_1_92' title='bbox 673 1214 779 1248; x_wconf 89' lang='lat' dir='ltr'>codd.</span> 
     </span>
    </p>

    <p class='ocr_par' dir='ltr' id='par_1_11' title="bbox 179 1268 861 1367">
     <span class='ocr_line' id='line_1_20' title="bbox 233 1268 857 1311; baseline 0.002 -11"><span class='ocrx_word' id='word_1_93' title='bbox 233 1273 264 1308; x_wconf 74' lang='grc'>4.</span> <span class='ocrx_word' id='word_1_94' title='bbox 290 1268 388 1311; x_wconf 80' lang='lat' dir='ltr'>Quod</span> <span class='ocrx_word' id='word_1_95' title='bbox 412 1270 542 1301; x_wconf 76' lang='lat' dir='ltr'>cruciat.</span> <span class='ocrx_word' id='word_1_96' title='bbox 574 1268 734 1301; x_wconf 84' lang='lat' dir='ltr'>Difficilis</span> <span class='ocrx_word' id='word_1_97' title='bbox 764 1268 857 1301; x_wconf 84' lang='lat' dir='ltr'>enim</span> 
     </span>
     <span class='ocr_line' id='line_1_21' title="bbox 179 1320 861 1367; baseline -0.001 -13"><span class='ocrx_word' id='word_1_98' title='bbox 179 1321 362 1354; x_wconf 80' lang='lat' dir='ltr'>morositas</span> <span class='ocrx_word' id='word_1_99' title='bbox 394 1321 485 1367; x_wconf 86' lang='lat' dir='ltr'>parit</span> <span class='ocrx_word' id='word_1_100' title='bbox 514 1320 652 1355; x_wconf 89' lang='lat' dir='ltr'>odium.</span> <span class='ocrx_word' id='word_1_101' title='bbox 683 1337 732 1342; x_wconf 86' lang='grc'>-</span> <span class='ocrx_word' id='word_1_102' title='bbox 763 1321 861 1366; x_wconf 78' lang='lat' dir='ltr'>Quod</span> 
     </span>
    </p>
   </div>
   <div class='ocr_carea' id='block_1_10' title="bbox 915 1158 1600 1367">
    <p class='ocr_par' dir='ltr' id='par_1_12' title="bbox 915 1158 1600 1367">
     <span class='ocr_line' id='line_1_22' title="bbox 915 1158 1597 1206; baseline -0.003 -13"><span class='ocrx_word' id='word_1_103' title='bbox 915 1163 1025 1194; x_wconf 70' lang='lat' dir='ltr'>satiat.</span> <span class='ocrx_word' id='word_1_104' title='bbox 1046 1161 1196 1194; x_wconf 88' lang='lat' dir='ltr'>Facilior</span> <span class='ocrx_word' id='word_1_105' title='bbox 1214 1159 1315 1206; x_wconf 88' lang='lat' dir='ltr'>copia</span> <span class='ocrx_word' id='word_1_106' title='bbox 1339 1158 1518 1193; x_wconf 82' lang='lat' dir='ltr'>fastidium</span> <span class='ocrx_word' id='word_1_107' title='bbox 1535 1172 1597 1205; x_wconf 79' lang='lat' dir='ltr'>pa-</span> 
     </span>
     <span class='ocr_line' id='line_1_23' title="bbox 916 1212 1597 1258; baseline -0.004 -11"><span class='ocrx_word' id='word_1_108' title='bbox 916 1214 975 1247; x_wconf 86' lang='lat' dir='ltr'>rit.</span> <span class='ocrx_word' id='word_1_109' title='bbox 994 1213 1079 1247; x_wconf 90' lang='lat' dir='ltr'>Vid.</span> <span class='ocrx_word' id='word_1_110' title='bbox 1102 1214 1165 1247; x_wconf 90' lang='lat' dir='ltr'>lib.</span> <span class='ocrx_word' id='word_1_111' title='bbox 1182 1214 1247 1254; x_wconf 93' lang='lat' dir='ltr'>IV,</span> <span class='ocrx_word' id='word_1_112' title='bbox 1270 1212 1379 1258; x_wconf 83' lang='lat' dir='ltr'>epigr.</span> <span class='ocrx_word' id='word_1_113' title='bbox 1398 1224 1535 1245; x_wconf 77' lang='lat' dir='ltr'>xxxvui</span> <span class='ocrx_word' id='word_1_114' title='bbox 1563 1220 1597 1245; x_wconf 79' lang='lat' dir='ltr'>et</span> 
     </span>
     <span class='ocr_line' id='line_1_24' title="bbox 918 1265 1600 1308; baseline -0.006 -7"><span class='ocrx_word' id='word_1_115' title='bbox 918 1279 1040 1301; x_wconf 80' lang='lat' dir='ltr'>Lxxxn</span> <span class='ocrx_word' id='word_1_116' title='bbox 1051 1292 1059 1308; x_wconf 91' lang='lat'><strong>‚</strong></span> <span class='ocrx_word' id='word_1_117' title='bbox 1075 1267 1134 1300; x_wconf 88' lang='lat' dir='ltr'>ubi</span> <span class='ocrx_word' id='word_1_118' title='bbox 1151 1279 1272 1301; x_wconf 80' lang='lat' dir='ltr'>sensus</span> <span class='ocrx_word' id='word_1_119' title='bbox 1283 1265 1378 1299; x_wconf 89' lang='lat' dir='ltr'>idem</span> <span class='ocrx_word' id='word_1_120' title='bbox 1398 1266 1474 1300; x_wconf 86' lang='lat' dir='ltr'>aliis</span> <span class='ocrx_word' id='word_1_121' title='bbox 1485 1266 1600 1299; x_wconf 73' lang='lat' dir='ltr'>verbis</span> 
     </span>
     <span class='ocr_line' id='line_1_25' title="bbox 918 1320 1102 1367; baseline -0.005 -13"><span class='ocrx_word' id='word_1_122' title='bbox 918 1320 1102 1367; x_wconf 74' lang='lat' dir='ltr'>repetitus.</span> 
     </span>
    </p>
   </div>
   <div class='ocr_carea' id='block_1_11' title="bbox 807 1447 972 1503">
    <p class='ocr_par' dir='ltr' id='par_1_13' title="bbox 807 1447 972 1503">
     <span class='ocr_line' id='line_1_26' title="bbox 807 1447 972 1503; baseline 0 0"><span class='ocrx_word' id='word_1_123' title='bbox 807 1447 972 1503; x_wconf 87' lang='lat' dir='ltr'><strong>LIX.</strong></span> 
     </span>
    </p>
   </div>
   <div class='ocr_carea' id='block_1_12' title="bbox 626 1581 1148 1611">
    <p class='ocr_par' dir='ltr' id='par_1_14' title="bbox 626 1581 1148 1611">
     <span class='ocr_line' id='line_1_27' title="bbox 626 1581 1148 1611; baseline -0.004 0"><span class='ocrx_word' id='word_1_124' title='bbox 626 1583 691 1611; x_wconf 87' lang='lat' dir='ltr'>DE</span> <span class='ocrx_word' id='word_1_125' title='bbox 730 1581 896 1611; x_wconf 88' lang='lat' dir='ltr'><strong>PUERI</strong></span> <span class='ocrx_word' id='word_1_126' title='bbox 934 1581 1148 1610; x_wconf 86' lang='lat' dir='ltr'><strong>PRETIO.</strong></span> 
     </span>
    </p>
   </div>
   <div class='ocr_carea' id='block_1_13' title="bbox 253 1684 1554 2096">
    <p class='ocr_par' dir='ltr' id='par_1_15' title="bbox 253 1684 1472 1816">
     <span class='ocr_line' id='line_1_28' title="bbox 253 1684 1472 1744; baseline -0.001 -17"><span class='ocrx_word' id='word_1_127' title='bbox 253 1684 433 1728; x_wconf 75' lang='lat' dir='ltr'>MILLiA</span> <span class='ocrx_word' id='word_1_128' title='bbox 462 1701 542 1744; x_wconf 85' lang='lat' dir='ltr'>pro</span> <span class='ocrx_word' id='word_1_129' title='bbox 574 1700 711 1744; x_wconf 86' lang='lat' dir='ltr'>puero</span> <span class='ocrx_word' id='word_1_130' title='bbox 742 1693 918 1728; x_wconf 86' lang='lat' dir='ltr'>centum</span> <span class='ocrx_word' id='word_1_131' title='bbox 947 1699 1017 1726; x_wconf 77' lang='lat' dir='ltr'>nie</span> <span class='ocrx_word' id='word_1_132' title='bbox 1046 1697 1208 1743; x_wconf 80' lang='lat' dir='ltr'>mango</span> <span class='ocrx_word' id='word_1_133' title='bbox 1237 1684 1438 1742; x_wconf 85' lang='lat' dir='ltr'>poposcit</span> <span class='ocrx_word' id='word_1_134' title='bbox 1464 1700 1472 1725; x_wconf 78' lang='lat' dir='ltr'>z</span> 
     </span>
     <span class='ocr_line' id='line_1_29' title="bbox 324 1752 1374 1816; baseline 0 -19"><span class='ocrx_word' id='word_1_135' title='bbox 324 1755 416 1799; x_wconf 83' lang='lat' dir='ltr'>Risi</span> <span class='ocrx_word' id='word_1_136' title='bbox 443 1770 554 1816; x_wconf 79' lang='lat' dir='ltr'>eg03</span> <span class='ocrx_word' id='word_1_137' title='bbox 587 1755 661 1798; x_wconf 85' lang='lat' dir='ltr'>sed</span> <span class='ocrx_word' id='word_1_138' title='bbox 692 1754 882 1798; x_wconf 84' lang='lat' dir='ltr'>Phoebus</span> <span class='ocrx_word' id='word_1_139' title='bbox 911 1754 1111 1815; x_wconf 84' lang='lat' dir='ltr'>protinus</span> <span class='ocrx_word' id='word_1_140' title='bbox 1140 1752 1211 1796; x_wconf 85' lang='lat' dir='ltr'>illa</span> <span class='ocrx_word' id='word_1_141' title='bbox 1241 1753 1374 1797; x_wconf 83' lang='lat' dir='ltr'><strong>dedit.</strong></span> 
     </span>
    </p>

    <p class='ocr_par' dir='ltr' id='par_1_16' title="bbox 255 1823 1554 1956">
     <span class='ocr_line' id='line_1_30' title="bbox 255 1823 1554 1885; baseline -0.001 -16"><span class='ocrx_word' id='word_1_142' title='bbox 255 1827 351 1869; x_wconf 92' lang='lat' dir='ltr'>Hoc</span> <span class='ocrx_word' id='word_1_143' title='bbox 378 1823 518 1881; x_wconf 87' lang='lat' dir='ltr'>dolet,</span> <span class='ocrx_word' id='word_1_144' title='bbox 542 1835 584 1869; x_wconf 86' lang='lat' dir='ltr'>et</span> <span class='ocrx_word' id='word_1_145' title='bbox 608 1825 807 1885; x_wconf 85' lang='lat' dir='ltr'>queritur</span> <span class='ocrx_word' id='word_1_146' title='bbox 834 1825 887 1868; x_wconf 89' lang='lat' dir='ltr'>de</span> <span class='ocrx_word' id='word_1_147' title='bbox 914 1841 983 1867; x_wconf 90' lang='lat' dir='ltr'>me</span> <span class='ocrx_word' id='word_1_148' title='bbox 1011 1839 1108 1867; x_wconf 83' lang='lat' dir='ltr'>mea</span> <span class='ocrx_word' id='word_1_149' title='bbox 1137 1823 1332 1867; x_wconf 85' lang='lat' dir='ltr'>mentula</span> <span class='ocrx_word' id='word_1_150' title='bbox 1355 1840 1554 1875; x_wconf 73' lang='lat' dir='ltr'>mecum,</span> 
     </span>
     <span class='ocr_line' id='line_1_31' title="bbox 325 1894 1347 1956; baseline -0.002 -16"><span class='ocrx_word' id='word_1_151' title='bbox 325 1895 638 1956; x_wconf 79' lang='lat' dir='ltr'>Laudaturque</span> <span class='ocrx_word' id='word_1_152' title='bbox 667 1911 809 1939; x_wconf 85' lang='lat' dir='ltr'>meam</span> <span class='ocrx_word' id='word_1_153' title='bbox 837 1895 1027 1939; x_wconf 83' lang='lat' dir='ltr'>Phoebus</span> <span class='ocrx_word' id='word_1_154' title='bbox 1056 1895 1098 1937; x_wconf 92' lang='lat' dir='ltr'>in</span> <span class='ocrx_word' id='word_1_155' title='bbox 1126 1894 1347 1938; x_wconf 80' lang='lat' dir='ltr'>invidiam.</span> 
     </span>
    </p>

    <p class='ocr_par' dir='ltr' id='par_1_17' title="bbox 256 1963 1373 2096">
     <span class='ocr_line' id='line_1_32' title="bbox 256 1963 1267 2011; baseline -0.003 -1"><span class='ocrx_word' id='word_1_156' title='bbox 256 1966 341 2011; x_wconf 89' lang='lat' dir='ltr'>Sed</span> <span class='ocrx_word' id='word_1_157' title='bbox 364 1965 654 2010; x_wconf 87' lang='lat' dir='ltr'>sestertiolum</span> <span class='ocrx_word' id='word_1_158' title='bbox 680 1966 859 2010; x_wconf 84' lang='lat' dir='ltr'>donavit</span> <span class='ocrx_word' id='word_1_159' title='bbox 882 1963 1075 2009; x_wconf 86' lang='lat' dir='ltr'>mentula</span> <span class='ocrx_word' id='word_1_160' title='bbox 1099 1965 1267 2008; x_wconf 78' lang='lat' dir='ltr'>Phoebo</span> 
     </span>
     <span class='ocr_line' id='line_1_33' title="bbox 325 2035 1373 2096; baseline -0.002 -16"><span class='ocrx_word' id='word_1_161' title='bbox 325 2038 395 2081; x_wconf 87' lang='lat' dir='ltr'>Bis</span> <span class='ocrx_word' id='word_1_162' title='bbox 421 2037 563 2082; x_wconf 89' lang='lat' dir='ltr'>decies</span> <span class='ocrx_word' id='word_1_163' title='bbox 589 2054 596 2080; x_wconf 93' lang='lat'>:</span> <span class='ocrx_word' id='word_1_164' title='bbox 623 2037 708 2081; x_wconf 93' lang='lat' dir='ltr'>hoc</span> <span class='ocrx_word' id='word_1_165' title='bbox 737 2037 793 2080; x_wconf 82' lang='lat' dir='ltr'>(la</span> <span class='ocrx_word' id='word_1_166' title='bbox 819 2047 867 2080; x_wconf 93' lang='lat' dir='ltr'>tu</span> <span class='ocrx_word' id='word_1_167' title='bbox 898 2036 1030 2092; x_wconf 77' lang='lat' dir='ltr'>mihi,</span> <span class='ocrx_word' id='word_1_168' title='bbox 1056 2035 1192 2096; x_wconf 87' lang='lat' dir='ltr'>pluris</span> <span class='ocrx_word' id='word_1_169' title='bbox 1219 2051 1373 2079; x_wconf 83' lang='lat' dir='ltr'>emam.</span> 
     </span>
    </p>
   </div>
   <div class='ocr_carea' id='block_1_14' title="bbox 187 2153 866 2676">
    <p class='ocr_par' dir='ltr' id='par_1_18' title="bbox 187 2153 864 2358">
     <span class='ocr_line' id='line_1_34' title="bbox 244 2153 863 2188; baseline -0.003 0"><span class='ocrx_word' id='word_1_170' title='bbox 244 2166 272 2188; x_wconf 86' lang='lat'>1.</span> <span class='ocrx_word' id='word_1_171' title='bbox 293 2154 404 2187; x_wconf 79' lang='lat' dir='ltr'>Millia</span> <span class='ocrx_word' id='word_1_172' title='bbox 433 2162 565 2187; x_wconf 77' lang='lat' dir='ltr'>centum.</span> <span class='ocrx_word' id='word_1_173' title='bbox 594 2154 638 2187; x_wconf 89' lang='lat' dir='ltr'>H.</span> <span class='ocrx_word' id='word_1_174' title='bbox 666 2153 700 2187; x_wconf 89' lang='lat' dir='ltr'>S.</span> <span class='ocrx_word' id='word_1_175' title='bbox 726 2153 863 2187; x_wconf 81' lang='lat' dir='ltr'>Nostrae</span> 
     </span>
     <span class='ocr_line' id='line_1_35' title="bbox 188 2206 864 2252; baseline -0.003 -11"><span class='ocrx_word' id='word_1_176' title='bbox 188 2216 336 2241; x_wconf 85' lang='lat' dir='ltr'>monetae</span> <span class='ocrx_word' id='word_1_177' title='bbox 348 2208 394 2251; x_wconf 84' lang='lat'>78</span> <span class='ocrx_word' id='word_1_178' title='bbox 404 2219 417 2240; x_wconf 86' lang='lat'>1</span> <span class='ocrx_word' id='word_1_179' title='bbox 438 2207 519 2240; x_wconf 89' lang='lat' dir='ltr'>libr.</span> <span class='ocrx_word' id='word_1_180' title='bbox 530 2206 719 2252; x_wconf 67' lang='lat' dir='ltr'>-Manga</span> <span class='ocrx_word' id='word_1_181' title='bbox 734 2207 864 2240; x_wconf 84' lang='lat' dir='ltr'>Puero·</span> 
     </span>
     <span class='ocr_line' id='line_1_36' title="bbox 187 2259 863 2305; baseline -0.001 -12"><span class='ocrx_word' id='word_1_182' title='bbox 187 2273 266 2294; x_wconf 86' lang='lat' dir='ltr'>rum</span> <span class='ocrx_word' id='word_1_183' title='bbox 298 2259 429 2293; x_wconf 85' lang='lat' dir='ltr'>scilicet</span> <span class='ocrx_word' id='word_1_184' title='bbox 458 2259 680 2305; x_wconf 84' lang='lat' dir='ltr'>negotiator,</span> <span class='ocrx_word' id='word_1_185' title='bbox 709 2272 799 2305; x_wconf 91' lang='lat' dir='ltr'>quos</span> <span class='ocrx_word' id='word_1_186' title='bbox 826 2260 863 2292; x_wconf 85' lang='lat' dir='ltr'>in</span> 
     </span>
     <span class='ocr_line' id='line_1_37' title="bbox 188 2313 578 2358; baseline -0.005 -11"><span class='ocrx_word' id='word_1_187' title='bbox 188 2314 367 2347; x_wconf 87' lang='lat' dir='ltr'>Venerem</span> <span class='ocrx_word' id='word_1_188' title='bbox 387 2313 578 2358; x_wconf 84' lang='lat' dir='ltr'>frangebat.</span> 
     </span>
    </p>

    <p class='ocr_par' dir='ltr' id='par_1_19' title="bbox 187 2365 864 2513">
     <span class='ocr_line' id='line_1_38' title="bbox 243 2365 862 2411; baseline 0 -12"><span class='ocrx_word' id='word_1_189' title='bbox 243 2366 278 2399; x_wconf 83' lang='lat'>3.</span> <span class='ocrx_word' id='word_1_190' title='bbox 298 2366 340 2398; x_wconf 91' lang='lat' dir='ltr'>In</span> <span class='ocrx_word' id='word_1_191' title='bbox 361 2365 440 2399; x_wconf 86' lang='lat' dir='ltr'>Ald.</span> <span class='ocrx_word' id='word_1_192' title='bbox 464 2367 564 2398; x_wconf 88' lang='lat' dir='ltr'>Junt.</span> <span class='ocrx_word' id='word_1_193' title='bbox 592 2365 703 2399; x_wconf 90' lang='lat' dir='ltr'>Colin.</span> <span class='ocrx_word' id='word_1_194' title='bbox 723 2365 862 2411; x_wconf 78' lang='lat' dir='ltr'>Gryph.</span> 
     </span>
     <span class='ocr_line' id='line_1_39' title="bbox 187 2418 864 2465; baseline -0.003 -12"><span class='ocrx_word' id='word_1_195' title='bbox 187 2427 223 2453; x_wconf 82' lang='lat' dir='ltr'>et</span> <span class='ocrx_word' id='word_1_196' title='bbox 245 2420 320 2453; x_wconf 87' lang='lat' dir='ltr'>aliis</span> <span class='ocrx_word' id='word_1_197' title='bbox 341 2427 425 2453; x_wconf 87' lang='lat' dir='ltr'>vett.</span> <span class='ocrx_word' id='word_1_198' title='bbox 448 2419 498 2452; x_wconf 85' lang='lat' dir='ltr'>Et</span> <span class='ocrx_word' id='word_1_199' title='bbox 518 2420 678 2465; x_wconf 81' lang='lat' dir='ltr'>queritur,</span> <span class='ocrx_word' id='word_1_200' title='bbox 706 2418 792 2451; x_wconf 82' lang='lat' dir='ltr'>dolet</span> <span class='ocrx_word' id='word_1_201' title='bbox 807 2419 864 2451; x_wconf 82' lang='lat' dir='ltr'>lzoc</span> 
     </span>
     <span class='ocr_line' id='line_1_40' title="bbox 189 2479 365 2513; baseline 0 -8"><span class='ocrx_word' id='word_1_202' title='bbox 189 2486 256 2505; x_wconf 77' lang='lat' dir='ltr'>mea</span> <span class='ocrx_word' id='word_1_203' title='bbox 269 2500 278 2513; x_wconf 85' lang='lat'><em>,</em></span> <span class='ocrx_word' id='word_1_204' title='bbox 300 2479 365 2506; x_wconf 89' lang='lat' dir='ltr'>etc.</span> 
     </span>
    </p>

    <p class='ocr_par' dir='ltr' id='par_1_20' title="bbox 189 2523 866 2611">
     <span class='ocr_line' id='line_1_41' title="bbox 244 2523 866 2569; baseline -0.002 -11"><span class='ocrx_word' id='word_1_205' title='bbox 244 2529 278 2565; x_wconf 78' lang='grc'>4.</span> <span class='ocrx_word' id='word_1_206' title='bbox 294 2525 399 2558; x_wconf 81' lang='lat' dir='ltr'>Meam</span> <span class='ocrx_word' id='word_1_207' title='bbox 419 2527 451 2557; x_wconf 85' lang='lat' dir='ltr'>in</span> <span class='ocrx_word' id='word_1_208' title='bbox 469 2524 629 2557; x_wconf 66' lang='lat' dir='ltr'>invidiam.</span> <span class='ocrx_word' id='word_1_209' title='bbox 646 2524 766 2569; x_wconf 87' lang='lat' dir='ltr'>Usque</span> <span class='ocrx_word' id='word_1_210' title='bbox 780 2523 866 2557; x_wconf 72' lang='lat' dir='ltr'>adm</span> 
     </span>
     <span class='ocr_line' id='line_1_42' title="bbox 189 2577 497 2611; baseline 0 -1"><span class='ocrx_word' id='word_1_211' title='bbox 189 2586 229 2611; x_wconf 89' lang='lat' dir='ltr'>ut</span> <span class='ocrx_word' id='word_1_212' title='bbox 245 2578 296 2611; x_wconf 87' lang='lat' dir='ltr'>illi</span> <span class='ocrx_word' id='word_1_213' title='bbox 312 2577 497 2611; x_wconf 84' lang='lat' dir='ltr'>invideam.</span> 
     </span>
    </p>

    <p class='ocr_par' dir='ltr' id='par_1_21' title="bbox 247 2630 865 2676">
     <span class='ocr_line' id='line_1_43' title="bbox 247 2630 865 2676; baseline -0.002 -12"><span class='ocrx_word' id='word_1_214' title='bbox 247 2632 279 2664; x_wconf 81' lang='lat'>5.</span> <span class='ocrx_word' id='word_1_215' title='bbox 298 2630 364 2664; x_wconf 75' lang='lat' dir='ltr'>Sed</span> <span class='ocrx_word' id='word_1_216' title='bbox 373 2631 589 2663; x_wconf 78' lang='lat' dir='ltr'>sestertiolum.</span> <span class='ocrx_word' id='word_1_217' title='bbox 605 2630 751 2676; x_wconf 87' lang='lat' dir='ltr'>Quippe</span> <span class='ocrx_word' id='word_1_218' title='bbox 768 2630 865 2664; x_wconf 84' lang='lat' dir='ltr'>Phoe-</span> 
     </span>
    </p>
   </div>
   <div class='ocr_carea' id='block_1_15' title="bbox 191 2682 863 2721">
    <p class='ocr_par' dir='ltr' id='par_1_22' title="bbox 191 2682 863 2721">
     <span class='ocr_line' id='line_1_44' title="bbox 191 2682 863 2721; baseline -0.001 -4"><span class='ocrx_word' id='word_1_219' title='bbox 191 2684 255 2717; x_wconf 83' lang='lat' dir='ltr'>hus</span> <span class='ocrx_word' id='word_1_220' title='bbox 275 2682 423 2718; x_wconf 66' lang='lat' dir='ltr'>(li-aucus</span> <span class='ocrx_word' id='word_1_221' title='bbox 440 2697 514 2718; x_wconf 80' lang='lat' dir='ltr'>rein</span> <span class='ocrx_word' id='word_1_222' title='bbox 535 2684 663 2718; x_wconf 82' lang='lat' dir='ltr'>fecerat</span> <span class='ocrx_word' id='word_1_223' title='bbox 686 2684 841 2717; x_wconf 75' lang='lat' dir='ltr'>mentula</span> <span class='ocrx_word' id='word_1_224' title='bbox 854 2708 863 2721; x_wconf 76' lang='grc'>,</span> 
     </span>
    </p>
   </div>
   <div class='ocr_carea' id='block_1_16' title="bbox 921 2151 1604 2728">
    <p class='ocr_par' dir='ltr' id='par_1_23' title="bbox 921 2151 1603 2411">
     <span class='ocr_line' id='line_1_45' title="bbox 921 2151 1602 2198; baseline 0.001 -12"><span class='ocrx_word' id='word_1_225' title='bbox 921 2155 1018 2198; x_wconf 80' lang='lat' dir='ltr'>juxta</span> <span class='ocrx_word' id='word_1_226' title='bbox 1031 2151 1242 2185; x_wconf 87' lang='lat' dir='ltr'>sententiam</span> <span class='ocrx_word' id='word_1_227' title='bbox 1257 2152 1384 2185; x_wconf 82' lang='lat' dir='ltr'>Juven.</span> <span class='ocrx_word' id='word_1_228' title='bbox 1400 2151 1471 2185; x_wconf 84' lang='lat' dir='ltr'>Sat.</span> <span class='ocrx_word' id='word_1_229' title='bbox 1488 2153 1523 2193; x_wconf 88' lang='grc' dir='ltr'>Ι,</span> <span class='ocrx_word' id='word_1_230' title='bbox 1545 2157 1602 2193; x_wconf 70' lang='grc'>40.</span> 
     </span>
     <span class='ocr_line' id='line_1_46' title="bbox 927 2204 1601 2247; baseline 0 -8"><span class='ocrx_word' id='word_1_231' title='bbox 927 2223 941 2235; x_wconf 87' lang='lat'>«</span> <span class='ocrx_word' id='word_1_232' title='bbox 964 2205 1150 2239; x_wconf 84' lang='lat' dir='ltr'>Unciolam</span> <span class='ocrx_word' id='word_1_233' title='bbox 1172 2204 1374 2238; x_wconf 87' lang='lat' dir='ltr'>Proculeius</span> <span class='ocrx_word' id='word_1_234' title='bbox 1393 2204 1520 2247; x_wconf 85' lang='lat' dir='ltr'>habet,</span> <span class='ocrx_word' id='word_1_235' title='bbox 1540 2205 1601 2239; x_wconf 90' lang='lat' dir='ltr'>sed</span> 
     </span>
     <span class='ocr_line' id='line_1_47' title="bbox 923 2257 1603 2304; baseline 0 -12"><span class='ocrx_word' id='word_1_236' title='bbox 923 2259 1017 2293; x_wconf 88' lang='lat' dir='ltr'>Gillo</span> <span class='ocrx_word' id='word_1_237' title='bbox 1054 2257 1231 2291; x_wconf 87' lang='lat' dir='ltr'>deuncem</span> <span class='ocrx_word' id='word_1_238' title='bbox 1260 2270 1267 2291; x_wconf 93' lang='lat'><strong>:</strong></span> <span class='ocrx_word' id='word_1_239' title='bbox 1301 2258 1420 2291; x_wconf 77' lang='lat' dir='ltr'>Partes</span> <span class='ocrx_word' id='word_1_240' title='bbox 1451 2258 1603 2304; x_wconf 85' lang='lat' dir='ltr'>quisque</span> 
     </span>
     <span class='ocr_line' id='line_1_48' title="bbox 923 2310 1601 2356; baseline 0.001 -11"><span class='ocrx_word' id='word_1_241' title='bbox 923 2324 1000 2345; x_wconf 86' lang='lat' dir='ltr'>suas</span> <span class='ocrx_word' id='word_1_242' title='bbox 1019 2310 1063 2344; x_wconf 89' lang='lat' dir='ltr'>ad</span> <span class='ocrx_word' id='word_1_243' title='bbox 1089 2323 1287 2345; x_wconf 86' lang='lat' dir='ltr'>mensuram</span> <span class='ocrx_word' id='word_1_244' title='bbox 1314 2311 1468 2356; x_wconf 86' lang='lat' dir='ltr'>inguinis</span> <span class='ocrx_word' id='word_1_245' title='bbox 1492 2312 1601 2346; x_wconf 86' lang='lat' dir='ltr'>haeres</span> 
     </span>
     <span class='ocr_line' id='line_1_49' title="bbox 923 2365 1127 2411; baseline -0.015 -13"><span class='ocrx_word' id='word_1_246' title='bbox 923 2365 1093 2411; x_wconf 87' lang='lat' dir='ltr'>Accipiat.</span> <span class='ocrx_word' id='word_1_247' title='bbox 1114 2381 1127 2394; x_wconf 56' lang='grc' dir='ltr'><strong><em>ω</em></strong></span> 
     </span>
    </p>

    <p class='ocr_par' dir='ltr' id='par_1_24' title="bbox 924 2416 1604 2728">
     <span class='ocr_line' id='line_1_50' title="bbox 978 2416 1604 2452; baseline 0.002 -1"><span class='ocrx_word' id='word_1_248' title='bbox 978 2420 1012 2451; x_wconf 89' lang='grc'>6.</span> <span class='ocrx_word' id='word_1_249' title='bbox 1026 2418 1086 2451; x_wconf 81' lang='lat' dir='ltr'>Bis</span> <span class='ocrx_word' id='word_1_250' title='bbox 1103 2417 1215 2451; x_wconf 84' lang='lat' dir='ltr'>decies.</span> <span class='ocrx_word' id='word_1_251' title='bbox 1236 2430 1250 2450; x_wconf 96' lang='lat'>1</span> <span class='ocrx_word' id='word_1_252' title='bbox 1261 2416 1358 2451; x_wconf 82' lang='lat'>5625</span> <span class='ocrx_word' id='word_1_253' title='bbox 1375 2417 1454 2451; x_wconf 89' lang='lat' dir='ltr'>libr.</span> <span class='ocrx_word' id='word_1_254' title='bbox 1476 2427 1604 2452; x_wconf 85' lang='lat' dir='ltr'>nostrae</span> 
     </span>
     <span class='ocr_line' id='line_1_51' title="bbox 926 2470 1604 2506; baseline 0.004 -3"><span class='ocrx_word' id='word_1_255' title='bbox 926 2479 1087 2504; x_wconf 86' lang='lat' dir='ltr'>monetae.</span> <span class='ocrx_word' id='word_1_256' title='bbox 1115 2489 1167 2496; x_wconf 82' lang='lat'>—-</span> <span class='ocrx_word' id='word_1_257' title='bbox 1196 2471 1246 2503; x_wconf 80' lang='lat' dir='ltr'>Tu</span> <span class='ocrx_word' id='word_1_258' title='bbox 1276 2470 1363 2504; x_wconf 65' lang='lat' dir='ltr'>milei.</span> <span class='ocrx_word' id='word_1_259' title='bbox 1387 2471 1519 2505; x_wconf 86' lang='lat' dir='ltr'>Rursus</span> <span class='ocrx_word' id='word_1_260' title='bbox 1546 2472 1604 2506; x_wconf 88' lang='lat' dir='ltr'>hic</span> 
     </span>
     <span class='ocr_line' id='line_1_52' title="bbox 927 2522 1601 2570; baseline 0.001 -13"><span class='ocrx_word' id='word_1_261' title='bbox 927 2523 1055 2557; x_wconf 87' lang='lat' dir='ltr'>fatetur</span> <span class='ocrx_word' id='word_1_262' title='bbox 1072 2523 1262 2565; x_wconf 86' lang='lat' dir='ltr'>Martialis,</span> <span class='ocrx_word' id='word_1_263' title='bbox 1281 2522 1379 2568; x_wconf 90' lang='lat' dir='ltr'>quod</span> <span class='ocrx_word' id='word_1_264' title='bbox 1402 2525 1472 2569; x_wconf 84' lang='lat' dir='ltr'>jam</span> <span class='ocrx_word' id='word_1_265' title='bbox 1491 2525 1601 2570; x_wconf 83' lang='lat' dir='ltr'>epigr.</span> 
     </span>
     <span class='ocr_line' id='line_1_53' title="bbox 928 2575 1603 2622; baseline 0.001 -12"><span class='ocrx_word' id='word_1_266' title='bbox 928 2590 1009 2610; x_wconf 77' lang='lat' dir='ltr'>xx1v</span> <span class='ocrx_word' id='word_1_267' title='bbox 1028 2589 1132 2622; x_wconf 85' lang='lat' dir='ltr'>supra</span> <span class='ocrx_word' id='word_1_268' title='bbox 1151 2575 1262 2617; x_wconf 84' lang='lat' dir='ltr'>dixit,</span> <span class='ocrx_word' id='word_1_269' title='bbox 1281 2589 1353 2609; x_wconf 90' lang='lat' dir='ltr'>non</span> <span class='ocrx_word' id='word_1_270' title='bbox 1379 2586 1513 2611; x_wconf 83' lang='lat' dir='ltr'>naturae</span> <span class='ocrx_word' id='word_1_271' title='bbox 1535 2578 1603 2611; x_wconf 85' lang='lat' dir='ltr'>lar-</span> 
     </span>
     <span class='ocr_line' id='line_1_54' title="bbox 924 2630 1603 2676; baseline 0.001 -13"><span class='ocrx_word' id='word_1_272' title='bbox 924 2643 1001 2674; x_wconf 76' lang='lat' dir='ltr'>gam</span> <span class='ocrx_word' id='word_1_273' title='bbox 1014 2630 1258 2663; x_wconf 85' lang='lat' dir='ltr'>liberalitatem</span> <span class='ocrx_word' id='word_1_274' title='bbox 1271 2642 1306 2663; x_wconf 82' lang='lat' dir='ltr'>se</span> <span class='ocrx_word' id='word_1_275' title='bbox 1315 2639 1496 2676; x_wconf 78' lang='lat' dir='ltr'>expertum</span> <span class='ocrx_word' id='word_1_276' title='bbox 1512 2642 1520 2663; x_wconf 89' lang='lat'>:</span> <span class='ocrx_word' id='word_1_277' title='bbox 1538 2644 1603 2664; x_wconf 86' lang='lat' dir='ltr'>un-</span> 
     </span>
     <span class='ocr_line' id='line_1_55' title="bbox 926 2681 1333 2728; baseline -0.002 -13"><span class='ocrx_word' id='word_1_278' title='bbox 926 2681 969 2717; x_wconf 87' lang='lat' dir='ltr'>‹le</span> <span class='ocrx_word' id='word_1_279' title='bbox 987 2685 1098 2718; x_wconf 81' lang='lat' dir='ltr'>Cottae</span> <span class='ocrx_word' id='word_1_280' title='bbox 1117 2682 1333 2728; x_wconf 80' lang='lat' dir='ltr'>displicebat.</span> 
     </span>
    </p>
   </div>
  </div>
 </body>
</html>
