2061 3288
469 208 568 262 414

841 210 904 253 M.
925 211 1066 254 VAL.
1105 213 1499 259 MARTIALIS

606 294 830 352 Vidimus,
851 307 894 341 et
919 298 994 342 fati
1017 309 1132 343 sorte
1151 299 1296 360 jacere
1322 304 1426 363 pari.

535 367 795 426 Spectavere
819 384 947 412 canes
972 370 1161 431 praedam
1181 388 1192 427 3
1221 374 1470 434 stupuitque
1500 375 1711 436 superbus

604 438 822 493 Venator,
847 439 988 484 cultro
1013 440 1073 484 nil
1101 458 1326 502 superesse
1351 460 1440 487 suo.

535 508 664 551 Unde
687 507 802 553 leves
824 511 956 554 animi
980 520 1102 556 tanto
1126 511 1296 556 caluere
1321 513 1499 557 furore?
1859 534 1873 558 5

603 579 672 623 Sic
701 590 900 641 pugnant
922 583 1062 636 tauri,
1087 584 1148 627 sie
1175 584 1371 628 cecidere
1394 585 1486 628 viri.

520 729 550 750 2.
565 717 751 750 Pulmanni
764 725 863 752 vetus
878 718 987 752 codex
1003 731 1011 753 ε
1029 721 1140 763 etsato

455 771 545 813 sorte
563 772 670 815 jacere
695 774 780 816 pari.
812 793 864 798 —
901 773 949 805 Et
967 773 1036 815 fari
1059 782 1140 806 sorte

457 826 564 868 jacere
581 826 667 868 pari.
702 825 747 857 Et
775 837 848 858 sese
872 825 1022 859 invicem
1049 829 1140 872 peri-

461 888 568 910 mere.
586 877 652 910 ΕΒ.

518 929 550 962 3.
573 929 776 975 Spectavere,
801 939 866 964 etc.
890 931 1067 965 Steterunt
1089 945 1142 966 ca-

462 995 522 1015 nes
543 983 645 1016 otiosi
667 992 876 1029 spectatores
901 986 1024 1019 oblatae
1046 986 1139 1019 ultro

461 1034 587 1080 praedae
612 1048 620 1069 :
645 1037 706 1082 qui
731 1036 873 1082 quidem
904 1051 975 1072 non
995 1040 1140 1072 saeviunt

462 1089 497 1121 in
516 1089 698 1122 morientia
716 1090 888 1123 animalia.
905 1114 955 1117 —
971 1091 1138 1137 Superbus.

462 1141 670 1175 Gloriantur
688 1152 870 1177 venatores
893 1145 972 1178 feris
991 1157 1008 1178 a
1029 1158 1064 1178 se
1086 1146 1140 1178 in-

461 1195 626 1229 terfectis.
655 1217 705 1222 —
729 1196 859 1237 Cultro,
882 1206 945 1231 etc.
976 1198 1140 1232 Cultrum

460 1249 644 1294 proprium
657 1251 844 1291 venatoris,
856 1251 1141 1297 quojugulabant

461 1301 550 1335 feras
566 1327 574 1342 ‚
590 1315 673 1347 quas
688 1312 856 1348 ceperant
873 1305 1048 1338 venabulo
1063 1331 1071 1345 ‚
1087 1317 1143 1338 co-

462 1355 581 1388 minus
607 1356 661 1389 vel
691 1355 857 1390 frustrato
890 1358 960 1391 ictu
995 1359 1141 1403 propius

463 1406 505 1440 ad
528 1420 582 1441 eas
602 1407 822 1443 accedebant.
842 1410 920 1443 Lib.
945 1411 1045 1447 XIV,
1067 1412 1140 1456 epi-

1199 733 1343 766 gramm.
1361 735 1455 762 xxm,
1466 721 1510 755 de
1530 722 1641 756 cultro
1654 734 1662 755 :
1674 723 1727 756 «Si
1742 722 1874 769 dejecta

1198 786 1314 820 gemes
1334 775 1437 819 longo
1462 775 1632 809 venabula
1655 784 1790 817 rostro,
1808 778 1874 810 Hic

1198 828 1315 860 brevis
1352 828 1387 861 in
1419 827 1587 873 grandem
1618 829 1776 863 cominus
1809 830 1876 863 ibit

1199 893 1366 926 aprum.»
1401 880 1495 914 Vide
1527 891 1560 915 et
1587 881 1648 915 lib.
1681 883 1775 923 VII,
1806 884 1876 928 epi-

1198 946 1341 978 gramm.
1366 946 1478 967 xxvn.

1256 987 1288 1020 5.
1323 987 1412 1020 Unde
1439 987 1516 1020 leves
1542 989 1648 1020 animi.
1674 987 1876 1021 Domitiano

1198 1038 1394 1081 adulatur,
1434 1042 1536 1086 cujus
1572 1041 1719 1073 numine
1757 1040 1875 1075 damas

1199 1092 1302 1126 fuisse
1333 1094 1521 1127 concitatas
1553 1093 1715 1138 intelligit
1745 1094 1875 1135 Poeta,

1199 1156 1238 1179 nt
1267 1145 1414 1179 vidimus
1435 1147 1497 1180 lib.
1519 1147 1634 1192 Spect.
1661 1155 1694 1179 et
1713 1146 1795 1180 alibi
1820 1147 1875 1180 in-

1200 1200 1355 1232 numeris
1375 1200 1410 1232 in
1426 1200 1523 1233 locis.

1256 1255 1288 1286 6.
1310 1252 1363 1285 Sic
1389 1253 1535 1286 cecidere.
1565 1251 1784 1285 Gladiatores
1811 1253 1877 1286 sci·

1200 1305 1293 1339 licet.
1311 1306 1439 1339 Forsan
1458 1306 1526 1338 viri
1548 1306 1583 1338 in
1604 1306 1724 1350 praelio
1741 1305 1877 1339 fortiter

1201 1357 1418 1392 dimicantes.
1432 1358 1525 1392 Vide
1543 1359 1604 1392 lib.
1622 1359 1738 1404 Spect.
1764 1358 1874 1403 epigr.

1202 1423 1284 1444 xxix
1301 1438 1309 1449 ,
1331 1424 1418 1445 vers.
1449 1414 1480 1445 8.

1015 1547 1335 1601 XXXVI.

1045 1704 1107 1730 AD
1138 1698 1284 1731 OLUM.

465 1827 601 1871 Cim
625 1835 689 1870 est
714 1825 849 1869 barba
873 1826 976 1882 tibi,
996 1827 1121 1887 nigra
1144 1837 1209 1870 est
1233 1843 1359 1870 coma
1386 1844 1394 1869 :
1422 1828 1590 1888 tingere
1615 1826 1796 1871 barbam

533 1900 632 1941 Non
657 1907 803 1958 potes,
826 1897 918 1941 haee
943 1913 1073 1941 causa
1101 1907 1187 1951 est3
1211 1898 1285 1942 sed
1309 1907 1432 1958 potes
1447 1932 1458 1950 ,
1482 1896 1585 1953 Ole,
1609 1914 1791 1941 comam.

523 2048 554 2069 1.
589 2036 723 2080 Tingere
747 2035 886 2068 barbam.
920 2035 1024 2068 Forte
1058 2035 1143 2080 quia

466 2089 564 2122 sucus
600 2088 782 2122 tinctorius
814 2088 849 2121 in
886 2089 993 2122 barba
1027 2089 1142 2121 minus

466 2140 650 2175 commode
669 2155 774 2187 quam
796 2142 831 2174 in
853 2141 985 2187 capillis
1005 2142 1142 2187 tegeba-

467 2203 545 2235 tur;
567 2207 677 2240 quum
701 2195 791 2227 enirn
811 2195 955 2228 barbam
978 2195 1035 2228 vix
1059 2208 1142 2240 pro-

466 2248 644 2281 mitterent
665 2248 833 2283 Romani‚
861 2248 961 2281 fucus
986 2260 1059 2281 non
1078 2260 1142 2293 po-

467 2309 553 2334 terat
574 2301 704 2334 haerere
726 2301 762 2334 in
784 2309 862 2334 cute
881 2300 975 2334 nuda
995 2309 1052 2334 aut
1067 2301 1144 2333 bre-

467 2354 622 2386 vioribus
641 2354 757 2387 barbae
782 2354 873 2399 pilis.
895 2375 946 2380 —-
968 2354 1033 2387 Vel
1054 2354 1142 2387 forte

467 2405 559 2451 quod
574 2406 659 2439 Olus
676 2406 799 2440 eodem
814 2407 936 2440 morbo
950 2407 1139 2445 laborabat,

467 2471 539 2503 quo
557 2459 728 2493 Charinus
745 2486 752 2500 ,
774 2459 817 2493 de
844 2473 907 2505 {uo
930 2460 991 2493 lib.
1006 2461 1022 2493 Ι
1038 2485 1046 2501 ,
1068 2460 1140 2505 epi-

1201 2048 1251 2080 gr.
1276 2047 1415 2068 Lxxvrn
1427 2061 1435 2076 ,
1451 2034 1545 2068 unde
1568 2035 1668 2069 facile
1683 2035 1877 2069 dilueretur

1203 2089 1321 2121 fucus:
1344 2088 1399 2120 vel
1419 2087 1513 2133 quod
1536 2088 1670 2121 nollent
1688 2089 1872 2128 mulieres,

1203 2141 1330 2186 quibus
1350 2142 1530 2186 impurum
1549 2141 1619 2174 oris
1635 2142 1817 2186 praestabat
1827 2142 1877 2175 of-

1202 2195 1340 2236 ficium,
1362 2194 1482 2226 fucum
1501 2195 1616 2227 barbae
1639 2194 1767 2227 illitum
1786 2195 1876 2228 circa

1202 2247 1349 2292 inguina
1369 2246 1610 2280 adhaerescere.
1625 2247 1778 2281 Ramires.
1789 2246 1876 2282 Vid.

1201 2300 1263 2332 lib.
1287 2300 1340 2332 HI
1357 2326 1365 2342 ,
1387 2300 1590 2345 epigramm.
1609 2312 1714 2333 xmn.
1739 2300 1876 2334 Festive

1202 2352 1341 2393 suadet,
1369 2361 1407 2386 ut
1439 2353 1580 2399 capillos
1608 2361 1731 2386 natura
1758 2353 1876 2398 nigros

1202 2407 1330 2439 canitie
1349 2406 1500 2448 inficiat,
1519 2418 1624 2451 quam
1647 2404 1691 2438 ad
1712 2405 1874 2439 dissimu-

1201 2458 1343 2492 landam
1362 2459 1465 2504 vulgo
1487 2459 1634 2504 tingitur
1654 2471 1764 2492 coma.
1784 2459 1851 2491 ED.
