2061 3288
465 217 560 269 [⁴42

839 217 900 260 M.
926 217 1067 262 VAL.
1095 219 1501 274 ¹MARTIALIS

674 305 786 361 Quae
809 305 944 350 vincit
966 304 1293 367 Chalybasque,
1322 308 1615 371 Noricosque,

672 377 732 418 Et
758 375 875 420 ferro
900 375 1093 420 Plateam
1120 394 1199 421 suo
1225 389 1476 436 sonantem,

675 446 820 503 Quam
847 447 985 491 ssuctu
1011 449 1153 503 tenui,
1183 448 1258 492 sed
1285 450 1502 510 inquieto,

673 519 911 561 Armorum
937 517 1037 563 Salo
1067 528 1335 580 temperator
1364 521 1501 565 ambit
1528 539 1537 565 :

673 587 979 650 Tutelamque,
1001 589 1247 650 chorosque
1272 592 1556 636 Rixamarum
1572 628 1584 648 ‚

673 661 730 703 Et
756 661 957 704 convivia
982 660 1092 704 festa
1116 661 1415 717 Carduarum,

672 732 731 774 Et
756 732 882 774 textis
906 733 1093 776 Peteron
1121 733 1230 776 rosis
1260 733 1490 777 rubentem
1505 770 1516 789 ‚

674 804 815 862 Atque
841 803 1019 864 antiqua
1048 811 1224 863 patrum
1252 804 1424 848 theatra
1449 805 1606 866 Rigas,

461 918 611 962 appellat
629 917 761 950 ferrum
776 943 785 958 ‚
803 917 898 964 quod
915 918 1048 964 optime
1067 918 1139 951 Bil-

463 970 523 1001 bili
541 969 736 1004 cudebatur
755 971 800 1004 ad
813 985 909 1004 arma
924 971 1138 1005 fabricanda.

462 1023 539 1056 Lib.
560 1024 576 1055 I
592 1050 600 1064 ‚
623 1025 732 1069 epigr.
754 1038 775 1057 L
790 1051 799 1065 ,
819 1038 869 1058 vs.
893 1026 912 1059 3
934 1039 941 1057 :
965 1040 978 1052 ι(
995 1024 1142 1058 Videbis

462 1077 565 1108 altam
580 1102 589 1115 ,
610 1077 791 1111 Liciniano
806 1105 815 1119 ‚
833 1078 1007 1118 Bilbilim,
1031 1078 1143 1123 Aquis

460 1138 495 1161 ct
518 1130 621 1163 arinis
648 1131 849 1165 nobilem.»
882 1131 1053 1173 Quamvis
1080 1144 1142 1164 au-

462 1195 540 1215 rum
562 1184 666 1217 etiam
684 1184 852 1227 haberet3
872 1185 935 1217 lib.
953 1186 1023 1217 XII
1039 1210 1048 1226 ‚
1067 1185 1141 1230 epi-

462 1248 513 1280 gr.
535 1249 648 1279 xvm,
664 1250 716 1271 vs.
735 1251 776 1282 9,
800 1256 812 1268 «
837 1239 934 1270 Auro
953 1238 1089 1271 Bilbilis
1109 1246 1143 1271 et

460 1291 610 1333 superba
637 1291 741 1324 ferro.
762 1309 774 1321 >1
801 1314 853 1318 —-
875 1292 1022 1324 Bilbilin.
1047 1292 1142 1324 Mar-

461 1342 552 1375 tialis
576 1343 745 1388 patriam,
765 1343 810 1378 de
839 1358 908 1390 qua
939 1344 1019 1378 vide
1045 1343 1144 1390 quod

464 1397 711 1431 annotavimus
726 1398 789 1432 lib.
809 1399 825 1431 I
841 1423 851 1439 ,
873 1399 1080 1444 epigramm.
1102 1411 1122 1431 L
1134 1424 1144 1439 ‚

462 1462 512 1482 rs.
538 1450 571 1483 3.
592 1451 658 1483 En.

520 1515 573 1536 12.
607 1503 839 1551 clinhfbasqzee.
864 1504 1060 1551 Chalybes,
1082 1503 1143 1537 (le-

462 1555 584 1601 scripti
604 1569 621 1588 a
645 1557 759 1598 Mela,
777 1558 838 1590 lib.
860 1559 895 1598 I,
917 1570 992 1603 cap.
1019 1571 1061 1591 12
1080 1584 1089 1598 ‚
1110 1565 1143 1590 et

461 1617 644 1653 poetarum
684 1611 898 1643 carminibus
946 1611 1109 1644 celebrati
1136 1636 1144 1653 ,

461 1670 543 1695 sunt
560 1663 685 1708 populi
707 1664 798 1697 Asiae
816 1664 963 1697 minoris
986 1663 1029 1696 ad
1051 1664 1142 1696 Pon-

462 1723 539 1748 tum
570 1717 771 1758 Euxinum,
797 1717 888 1750 circa
914 1717 1141 1763 Bithyniam,

460 1768 557 1813 apud
580 1782 666 1814 quos
689 1771 824 1803 ferrum
844 1770 1018 1816 optimum
1042 1778 1143 1803 terra:

460 1822 650 1855 visceribus
682 1823 829 1857 eruitur.
855 1846 908 1849 —
935 1823 1141 1869 Noricosque.

461 1875 659 1908 Germania}
685 1877 835 1922 populos
860 1871 988 1920 (hodie
1018 1877 1049 1909 la
1073 1877 1142 1909 Ba-

468 1932 547 1960 rim-e
567 1937 600 1962 et
616 1929 647 1961 lic
666 1930 790 1963 sonabo
803 1924 833 1973 )‚
857 1930 1066 1963 Grisonibus
1082 1942 1143 1962 seu

461 1981 591 2015 Rhaetis
617 1983 785 2016 finitimos
800 2009 808 2024 ‚
832 1983 1056 2029 Danubiique
1087 1995 1142 2016 ac-

462 2035 565 2068 colas.
596 2036 662 2070 Hic
688 2037 820 2069 ferrum
840 2046 1008 2082 praestans
1028 2045 1062 2069 et
1088 2048 1142 2068 ar-

464 2101 599 2121 morum
622 2090 752 2122 affabre
774 2089 1021 2123 cudendorum
1037 2088 1142 2122 indu-

461 2141 544 2175 stria
565 2143 748 2176 celebrata.
779 2143 901 2176 Horat.
932 2143 992 2176 lib.
1017 2144 1054 2183 I,
1083 2141 1140 2175 od.

468 2197 511 2227 16
535 2207 542 2227 :
569 2213 582 2224 κ
603 2197 698 2237 Quas
716 2209 830 2242 neque
850 2197 999 2230 Noricus
1021 2197 1144 2228 Deter-

462 2256 515 2280 ret
533 2250 631 2282 cnsis.
654 2268 667 2278 υ
689 2250 756 2282 En.

520 2300 577 2333 13.
614 2304 663 2334 Et
682 2304 774 2345 ferro
795 2303 964 2343 Plateam,
999 2311 1065 2336 etc.
1100 2303 1145 2335 Et

461 2354 613 2387 Plateam
635 2357 733 2401 cujus
752 2356 787 2388 in
812 2356 962 2389 officinis
989 2355 1143 2389 sonanti-

461 2407 525 2439 bus
545 2407 676 2440 ferrum
702 2410 924 2450 elaboratur3
948 2421 1051 2454 quam
1071 2409 1144 2442 cin-

461 2460 511 2503 git
542 2468 575 2492 et
605 2462 848 2506 complectitui
886 2460 1012 2495 fluvius
1041 2462 1142 2503 Salo,

462 2513 522 2558 qui
550 2512 592 2545 ad
621 2514 766 2547 laminas
793 2516 928 2548 ensium
959 2514 1144 2561 tingendas

462 2575 495 2598 ct
514 2567 756 2611 temperandas
774 2569 969 2613 plurimum
985 2569 1144 2602 valen-—

465 2620 619 2652 Plateam.
640 2621 814 2666 Hispania:
829 2621 1019 2666 oppidum,
1038 2622 1143 2655 ferra-

462 2672 523 2705 riis
541 2672 690 2707 officinis
706 2674 835 2708 nobile.
858 2675 933 2708 Lib.
954 2676 1023 2708 XII
1041 2700 1050 2716 ‚
1069 2675 1139 2720 cpi·

1199 931 1250 963 gr.
1269 931 1362 952 xvnI
1377 945 1386 961 ‚
1405 932 1456 954 vs.
1482 933 1524 954 10
1543 933 1552 954 :
1575 938 1588 950 «
1608 920 1674 953 Hic
1694 920 1782 966 pigri
1800 923 1882 959 coli-

1201 985 1279 1006 mus
1310 973 1429 1007 labore
1462 972 1557 1006 dulci
1581 973 1771 1007 Boterdum
1804 976 1881 1009 Pla-

1201 1033 1373 1072 teamque.
1399 1044 1412 1057 ›-

1260 1091 1273 1111 1
1285 1079 1319 1112 5.
1335 1079 1425 1113 Salo.
1442 1080 1585 1113 Fluvius
1602 1080 1814 1122 Celtiberiae,
1836 1080 1881 1114 de

1202 1144 1272 1177 quo
1287 1131 1361 1166 vid.
1379 1133 1441 1166 lib.
1458 1134 1475 1165 I
1489 1159 1498 1175 ‚
1524 1134 1635 1179 epigr.
1659 1147 1679 1167 L
1694 1160 1703 1176 ‚
1717 1146 1807 1168 vers.
1832 1138 1851 1174 [ι
1871 1161 1881 1176 ,

1208 1198 1221 1218 1
1236 1197 1248 1217 1
1266 1211 1275 1227 ,
1296 1194 1330 1219 et
1358 1199 1372 1219 1
1384 1199 1415 1219 2.

1262 1252 1274 1272 1
1285 1241 1319 1273 6.
1340 1240 1371 1272 T
1370 1241 1561 1286 taedamque
1569 1241 1690 1286 legunt
1704 1240 1776 1275 alii.
1787 1241 1882 1274 Εἰσα-

1203 1305 1321 1324 morum
1336 1291 1418 1326 edd.
1428 1302 1515 1327 vett.
1532 1294 1735 1327 Rixamorum
1747 1294 1782 1327 in
1794 1293 1880 1328 aliis.

1203 1366 1254 1371 —-
1278 1347 1495 1393 Tutelamque.
1519 1347 1677 1380 Forsitan
1704 1346 1810 1380 hodie
1831 1355 1883 1380 est

1209 1399 1331 1431 Tmlela
1356 1398 1400 1432 ad
1429 1401 1586 1433 Iberum.
1615 1400 1883 1445 Subsequuntur

1202 1452 1313 1485 multa
1346 1453 1489 1486 nomina
1521 1452 1736 1498 oppidorum
1758 1478 1768 1495 ‚
1805 1466 1883 1499 quae

1202 1513 1349 1550 propter
1361 1505 1616 1550 ignobilitatem
1630 1506 1883 1551 przetermisere

1203 1567 1336 1591 veteres
1353 1559 1558 1604 scriptore-³,
1573 1567 1606 1592 et
1623 1571 1701 1604 quae
1716 1571 1811 1593 nunc
1829 1559 1884 1592 di-

1203 1619 1279 1643 ruta
1299 1611 1354 1644 vel
1374 1612 1558 1644 immutata
1577 1621 1658 1645 sunt
1673 1637 1683 1652 .,
1704 1612 1751 1644 ita
1773 1621 1812 1646 ut
1840 1611 1884 1646 de

1202 1663 1270 1697 illis
1289 1664 1377 1697 nihil
1398 1665 1467 1697 nisi
1487 1673 1601 1697 tacere
1628 1665 1812 1709 possimus.
1832 1686 1885 1692 —--

1206 1716 1614 1762 Chol-osqueRixamarum.
1626 1718 1787 1751 Rixamas
1800 1719 1885 1753 cho-

1202 1770 1271 1803 reis
1293 1769 1495 1815 gaudentes.

1262 1835 1319 1867 17.
1337 1825 1388 1856 Et
1403 1825 1541 1856 convivia
1555 1851 1564 1864 ‚
1584 1831 1648 1857 etc.
1666 1825 1711 1856 Et
1729 1823 1884 1869 gauden-

1204 1884 1255 1908 tes
1284 1877 1455 1911 conviviis
1480 1875 1680 1911 Carduanos
1708 1890 1768 1910 seu
1799 1878 1885 1911 Car-

1205 1928 1304 1962 duas.
1324 1930 1392 1964 En.

1261 1984 1319 2017 18.
1351 1984 1491 2016 Petet-on
1509 1983 1546 2016 in
1575 1982 1784 2028 quibusdam
1812 1995 1820 2016 ε
1848 1983 1884 2016 in

1204 2034 1279 2069 aliis
1286 2037 1427 2068 Pelet-em
1440 2063 1449 2076 ,
1462 2037 1515 2070 vel
1526 2037 1683 2070 Pam-em.
1696 2058 1748 2062 —-
1763 2037 1884 2070 Tamis.

1203 2089 1246 2121 In
1273 2102 1432 2124 coronas.

1264 2154 1322 2186 19.
1342 2144 1384 2175 In
1405 2141 1488 2176 edd.
1507 2150 1591 2175 vett.
1614 2144 1717 2187 ripas,
1742 2155 1806 2187 pro
1824 2143 1884 2175 Ri-

1202 2207 1286 2239 gas‚·
1309 2194 1406 2241 quod
1434 2196 1538 2241 prisci
1559 2197 1655 2241 juxta
1684 2195 1778 2240 ripas
1803 2195 1885 2228 ede-

1204 2257 1283 2281 rent
1301 2249 1494 2294 spectacula
1518 2257 1551 2281 et
1570 2248 1812 2293 aurigationes.
1832 2270 1885 2274 —

1206 2301 1315 2346 Atque
1337 2305 1488 2348 antiqua,
1513 2310 1579 2335 etc.
1600 2302 1645 2334 Et
1670 2301 1772 2346 Rigas
1788 2326 1796 2337 ‚
1823 2301 1886 2334 ubi

1204 2356 1353 2400 majores
1370 2355 1481 2388 nostri
1505 2355 1663 2387 solebant
1679 2355 1782 2387 edere
1806 2367 1886 2399 spe-

1204 2409 1360 2448 ctacula,
1378 2416 1524 2454 propter
1541 2407 1660 2440 nobile
1680 2407 1772 2440 illius
1788 2406 1886 2439 urbis

1204 2461 1406 2502 theatrum3
1431 2462 1486 2493 vel
1511 2461 1600 2493 forte
1626 2469 1772 2505 propter
1801 2472 1884 2492 con-

1203 2514 1328 2547 vallem
1340 2513 1538 2559 quemdam,
1554 2513 1615 2559 qui
1634 2514 1809 2545 theatrum
1823 2524 1884 2544 na·-

1205 2568 1316 2600 tnrale
1342 2567 1515 2600 efficiebat
1542 2565 1692 2599 rudibus
1722 2565 1795 2598 istis
1820 2565 1884 2597 ho-

1205 2620 1358 2653 minibus
1384 2620 1674 2665 acceptissimum.
1698 2617 1792 2651 Vide
1822 2618 1882 2650 libi

1200 2673 1313 2718 §poet
1339 2674 1447 2718 epigr-2
1478 2686 1539 2706 xxi·
1589 2685 1635 2705 vs.
1665 2684 1695 2704 ἶ.
