<?xml version="1.0" encoding="UTF-8"?>
<!DOCTYPE html PUBLIC "-//W3C//DTD XHTML 1.0 Transitional//EN"
    "http://www.w3.org/TR/xhtml1/DTD/xhtml1-transitional.dtd">
<html xmlns="http://www.w3.org/1999/xhtml" xml:lang="en" lang="en">
 <head>
  <title>
</title>
<meta http-equiv="Content-Type" content="text/html;charset=utf-8" />
  <meta name='ocr-system' content='tesseract 3.04.00' />
  <meta name='ocr-capabilities' content='ocr_page ocr_carea ocr_par ocr_line ocrx_word'/>
</head>
<body>
  <div class='ocr_page' id='page_1' title='image "./epigrammata01martuoft_0463.png"; bbox 0 0 2061 3288; ppageno 0'>
   <div class='ocr_carea' id='block_1_1' title="bbox 455 212 1343 260">
    <p class='ocr_par' dir='ltr' id='par_1_1' title="bbox 455 212 1343 260">
     <span class='ocr_line' id='line_1_1' title="bbox 455 212 1343 260; baseline -0.007 0"><span class='ocrx_word' id='word_1_1' title='bbox 455 212 1045 260; x_wconf 69' lang='lat' dir='ltr'><strong>EPIGRAMMATUM</strong></span> <span class='ocrx_word' id='word_1_2' title='bbox 1083 212 1208 254; x_wconf 87' lang='lat' dir='ltr'>LIB.</span> <span class='ocrx_word' id='word_1_3' title='bbox 1248 212 1343 255; x_wconf 91' lang='lat' dir='ltr'>III.</span> 
     </span>
    </p>
   </div>
   <div class='ocr_carea' id='block_1_2' title="bbox 1502 227 1596 273">
    <p class='ocr_par' dir='ltr' id='par_1_2' title="bbox 1502 227 1596 273">
     <span class='ocr_line' id='line_1_2' title="bbox 1502 227 1596 273; baseline 0 0"><span class='ocrx_word' id='word_1_4' title='bbox 1502 227 1596 273; x_wconf 77' lang='lat'>297</span> 
     </span>
    </p>
   </div>
   <div class='ocr_carea' id='block_1_3' title="bbox 259 297 1600 489">
    <p class='ocr_par' dir='ltr' id='par_1_3' title="bbox 259 297 1600 489">
     <span class='ocr_line' id='line_1_3' title="bbox 327 297 1187 362; baseline -0.008 -13"><span class='ocrx_word' id='word_1_5' title='bbox 327 306 390 349; x_wconf 89' lang='lat' dir='ltr'>Ut</span> <span class='ocrx_word' id='word_1_6' title='bbox 419 304 497 348; x_wconf 87' lang='lat' dir='ltr'>sim</span> <span class='ocrx_word' id='word_1_7' title='bbox 527 304 611 347; x_wconf 90' lang='lat' dir='ltr'>tiro</span> <span class='ocrx_word' id='word_1_8' title='bbox 643 311 727 345; x_wconf 83' lang='lat' dir='ltr'>tuae</span> <span class='ocrx_word' id='word_1_9' title='bbox 753 317 924 362; x_wconf 80' lang='lat' dir='ltr'><strong>semper</strong></span> <span class='ocrx_word' id='word_1_10' title='bbox 955 297 1187 343; x_wconf 66' lang='lat' dir='ltr'>amicitiae?</span> 
     </span>
     <span class='ocr_line' id='line_1_4' title="bbox 259 371 1389 433; baseline -0.006 -14"><span class='ocrx_word' id='word_1_11' title='bbox 259 377 354 419; x_wconf 89' lang='lat' dir='ltr'>Hoc</span> <span class='ocrx_word' id='word_1_12' title='bbox 378 374 541 429; x_wconf 87' lang='lat' dir='ltr'>merui,</span> <span class='ocrx_word' id='word_1_13' title='bbox 564 372 776 426; x_wconf 86' lang='lat' dir='ltr'>Fabiane,</span> <span class='ocrx_word' id='word_1_14' title='bbox 800 381 925 433; x_wconf 83' lang='lat' dir='ltr'>toga,</span> <span class='ocrx_word' id='word_1_15' title='bbox 950 371 1161 431; x_wconf 79' lang='lat' dir='ltr'>tritaque,</span> <span class='ocrx_word' id='word_1_16' title='bbox 1185 385 1389 430; x_wconf 79' lang='lat' dir='ltr'>meaque,</span> 
     </span>
     <span class='ocr_line' id='line_1_5' title="bbox 326 439 1600 489; baseline -0.005 0"><span class='ocrx_word' id='word_1_17' title='bbox 326 446 389 489; x_wconf 88' lang='lat' dir='ltr'>Ut</span> <span class='ocrx_word' id='word_1_18' title='bbox 417 444 610 489; x_wconf 87' lang='lat' dir='ltr'>nondum</span> <span class='ocrx_word' id='word_1_19' title='bbox 642 442 792 488; x_wconf 81' lang='lat' dir='ltr'>credas</span> <span class='ocrx_word' id='word_1_20' title='bbox 818 459 888 486; x_wconf 89' lang='lat' dir='ltr'>me</span> <span class='ocrx_word' id='word_1_21' title='bbox 915 442 1121 486; x_wconf 80' lang='lat' dir='ltr'>meruisse</span> <span class='ocrx_word' id='word_1_22' title='bbox 1147 439 1330 484; x_wconf 76' lang='lat' dir='ltr'>rudem?</span> <span class='ocrx_word' id='word_1_23' title='bbox 1571 467 1600 482; x_wconf 59' lang='grc' dir='ltr'>,υ</span> 
     </span>
    </p>
   </div>
   <div class='ocr_carea' id='block_1_4' title="bbox 177 576 864 1313">
    <p class='ocr_par' dir='ltr' id='par_1_4' title="bbox 186 576 864 676">
     <span class='ocr_line' id='line_1_6' title="bbox 187 576 864 623; baseline -0.003 -11"><span class='ocrx_word' id='word_1_24' title='bbox 187 586 260 612; x_wconf 88' lang='lat' dir='ltr'>erat</span> <span class='ocrx_word' id='word_1_25' title='bbox 280 605 289 621; x_wconf 87' lang='lat'>‚</span> <span class='ocrx_word' id='word_1_26' title='bbox 316 577 553 612; x_wconf 82' lang='lat' dir='ltr'>Saturnalium</span> <span class='ocrx_word' id='word_1_27' title='bbox 585 586 746 623; x_wconf 83' lang='lat' dir='ltr'>tempore</span> <span class='ocrx_word' id='word_1_28' title='bbox 784 576 864 610; x_wconf 86' lang='lat' dir='ltr'>mit-</span> 
     </span>
     <span class='ocr_line' id='line_1_7' title="bbox 186 630 861 676; baseline -0.001 -12"><span class='ocrx_word' id='word_1_29' title='bbox 186 632 300 665; x_wconf 87' lang='lat' dir='ltr'>tentis.</span> <span class='ocrx_word' id='word_1_30' title='bbox 318 630 402 664; x_wconf 87' lang='lat' dir='ltr'>Vid.</span> <span class='ocrx_word' id='word_1_31' title='bbox 423 631 483 664; x_wconf 90' lang='lat' dir='ltr'>lib.</span> <span class='ocrx_word' id='word_1_32' title='bbox 504 632 593 664; x_wconf 83' lang='lat' dir='ltr'>VIII</span> <span class='ocrx_word' id='word_1_33' title='bbox 608 657 616 672; x_wconf 92' lang='lat'><strong><em>‚</em></strong></span> <span class='ocrx_word' id='word_1_34' title='bbox 637 633 747 676; x_wconf 81' lang='lat' dir='ltr'>epigr.</span> <span class='ocrx_word' id='word_1_35' title='bbox 769 642 861 663; x_wconf 73' lang='lat' dir='ltr'>Lxxr.</span> 
     </span>
    </p>

    <p class='ocr_par' dir='ltr' id='par_1_5' title="bbox 183 684 862 835">
     <span class='ocr_line' id='line_1_8' title="bbox 239 684 862 718; baseline -0.003 0"><span class='ocrx_word' id='word_1_36' title='bbox 239 686 272 718; x_wconf 91' lang='lat'>8.</span> <span class='ocrx_word' id='word_1_37' title='bbox 310 685 396 717; x_wconf 85' lang='lat' dir='ltr'>Tiro.</span> <span class='ocrx_word' id='word_1_38' title='bbox 426 684 501 717; x_wconf 89' lang='lat' dir='ltr'>Hoc</span> <span class='ocrx_word' id='word_1_39' title='bbox 531 685 680 717; x_wconf 76' lang='lat' dir='ltr'>verbum</span> <span class='ocrx_word' id='word_1_40' title='bbox 710 684 862 717; x_wconf 82' lang='lat' dir='ltr'>militare</span> 
     </span>
     <span class='ocr_line' id='line_1_9' title="bbox 184 737 860 782; baseline -0.001 -12"><span class='ocrx_word' id='word_1_41' title='bbox 184 749 263 770; x_wconf 86' lang='lat' dir='ltr'>cum</span> <span class='ocrx_word' id='word_1_42' title='bbox 292 738 401 770; x_wconf 88' lang='lat' dir='ltr'>verbo</span> <span class='ocrx_word' id='word_1_43' title='bbox 421 739 520 770; x_wconf 80' lang='lat' dir='ltr'>merui</span> <span class='ocrx_word' id='word_1_44' title='bbox 539 737 714 782; x_wconf 78' lang='lat' dir='ltr'>sequentis</span> <span class='ocrx_word' id='word_1_45' title='bbox 741 749 860 770; x_wconf 85' lang='lat' dir='ltr'>versus</span> 
     </span>
     <span class='ocr_line' id='line_1_10' title="bbox 183 790 555 835; baseline 0 -13"><span class='ocrx_word' id='word_1_46' title='bbox 183 798 277 823; x_wconf 87' lang='lat' dir='ltr'>recte</span> <span class='ocrx_word' id='word_1_47' title='bbox 298 790 473 835; x_wconf 83' lang='lat' dir='ltr'>congruit.</span> <span class='ocrx_word' id='word_1_48' title='bbox 488 791 555 823; x_wconf 83' lang='lat' dir='ltr'>En.</span> 
     </span>
    </p>

    <p class='ocr_par' dir='ltr' id='par_1_6' title="bbox 180 841 860 1143">
     <span class='ocr_line' id='line_1_11' title="bbox 238 841 860 887; baseline -0.002 -11"><span class='ocrx_word' id='word_1_49' title='bbox 238 856 272 887; x_wconf 91' lang='lat'>9.</span> <span class='ocrx_word' id='word_1_50' title='bbox 301 844 403 878; x_wconf 77' lang='lat' dir='ltr'>Trica.</span> <span class='ocrx_word' id='word_1_51' title='bbox 431 844 547 885; x_wconf 87' lang='lat' dir='ltr'>Quam</span> <span class='ocrx_word' id='word_1_52' title='bbox 573 841 725 884; x_wconf 80' lang='lat' dir='ltr'>detrivi,</span> <span class='ocrx_word' id='word_1_53' title='bbox 757 855 796 876; x_wconf 87' lang='lat' dir='ltr'>ea</span> <span class='ocrx_word' id='word_1_54' title='bbox 823 842 860 875; x_wconf 90' lang='lat' dir='ltr'>in</span> 
     </span>
     <span class='ocr_line' id='line_1_12' title="bbox 182 895 858 942; baseline 0 -14"><span class='ocrx_word' id='word_1_55' title='bbox 182 895 351 929; x_wconf 87' lang='lat' dir='ltr'>honorem</span> <span class='ocrx_word' id='word_1_56' title='bbox 368 904 467 930; x_wconf 87' lang='lat' dir='ltr'>tuum</span> <span class='ocrx_word' id='word_1_57' title='bbox 484 895 628 930; x_wconf 83' lang='lat' dir='ltr'>utendo.</span> <span class='ocrx_word' id='word_1_58' title='bbox 648 917 698 922; x_wconf 92' lang='lat'>—</span> <span class='ocrx_word' id='word_1_59' title='bbox 714 896 858 942; x_wconf 82' lang='lat' dir='ltr'>Meaque.</span> 
     </span>
     <span class='ocr_line' id='line_1_13' title="bbox 183 947 856 990; baseline -0.001 -8"><span class='ocrx_word' id='word_1_60' title='bbox 183 948 302 990; x_wconf 88' lang='lat' dir='ltr'>Quum</span> <span class='ocrx_word' id='word_1_61' title='bbox 324 950 478 983; x_wconf 79' lang='lat' dir='ltr'>vestibus</span> <span class='ocrx_word' id='word_1_62' title='bbox 496 949 638 982; x_wconf 84' lang='lat' dir='ltr'>clientes</span> <span class='ocrx_word' id='word_1_63' title='bbox 652 961 732 981; x_wconf 88' lang='lat' dir='ltr'>suos</span> <span class='ocrx_word' id='word_1_64' title='bbox 751 947 856 982; x_wconf 90' lang='lat' dir='ltr'>dona-</span> 
     </span>
     <span class='ocr_line' id='line_1_14' title="bbox 180 1002 854 1048; baseline 0 -14"><span class='ocrx_word' id='word_1_65' title='bbox 180 1013 219 1034; x_wconf 84' lang='lat' dir='ltr'>re</span> <span class='ocrx_word' id='word_1_66' title='bbox 234 1002 367 1036; x_wconf 81' lang='lat' dir='ltr'>soleant</span> <span class='ocrx_word' id='word_1_67' title='bbox 384 1002 440 1035; x_wconf 83' lang='lat' dir='ltr'>alii</span> <span class='ocrx_word' id='word_1_68' title='bbox 458 1002 610 1048; x_wconf 87' lang='lat' dir='ltr'>patroni.</span> <span class='ocrx_word' id='word_1_69' title='bbox 628 1002 720 1035; x_wconf 82' lang='lat' dir='ltr'>Pers.</span> <span class='ocrx_word' id='word_1_70' title='bbox 739 1010 800 1035; x_wconf 88' lang='lat' dir='ltr'>sat.</span> <span class='ocrx_word' id='word_1_71' title='bbox 818 1002 854 1035; x_wconf 88' lang='lat' dir='ltr'>I:</span> 
     </span>
     <span class='ocr_line' id='line_1_15' title="bbox 183 1053 855 1088; baseline 0.001 -1"><span class='ocrx_word' id='word_1_72' title='bbox 183 1071 196 1084; x_wconf 70' lang='grc' dir='ltr'><strong>α</strong></span> <span class='ocrx_word' id='word_1_73' title='bbox 212 1054 284 1088; x_wconf 88' lang='lat' dir='ltr'>Scis</span> <span class='ocrx_word' id='word_1_74' title='bbox 318 1056 480 1088; x_wconf 89' lang='lat' dir='ltr'>comitem</span> <span class='ocrx_word' id='word_1_75' title='bbox 515 1053 739 1088; x_wconf 87' lang='lat' dir='ltr'>horridulum</span> <span class='ocrx_word' id='word_1_76' title='bbox 774 1055 855 1088; x_wconf 86' lang='lat' dir='ltr'>trita</span> 
     </span>
     <span class='ocr_line' id='line_1_16' title="bbox 180 1105 518 1143; baseline 0.006 -3"><span class='ocrx_word' id='word_1_77' title='bbox 180 1105 310 1141; x_wconf 85' lang='lat' dir='ltr'>donare</span> <span class='ocrx_word' id='word_1_78' title='bbox 331 1109 480 1143; x_wconf 79' lang='lat' dir='ltr'>lacerna.</span> <span class='ocrx_word' id='word_1_79' title='bbox 504 1125 518 1137; x_wconf 85' lang='lat'>»</span> 
     </span>
    </p>

    <p class='ocr_par' dir='ltr' id='par_1_7' title="bbox 177 1160 854 1313">
     <span class='ocr_line' id='line_1_17' title="bbox 237 1160 854 1203; baseline 0 -10"><span class='ocrx_word' id='word_1_80' title='bbox 237 1173 292 1194; x_wconf 92' lang='lat'>10.</span> <span class='ocrx_word' id='word_1_81' title='bbox 316 1161 468 1194; x_wconf 58' lang='lat' dir='ltr'>filet-uisse</span> <span class='ocrx_word' id='word_1_82' title='bbox 488 1162 606 1194; x_wconf 76' lang='lat' dir='ltr'>rudem.</span> <span class='ocrx_word' id='word_1_83' title='bbox 629 1161 706 1194; x_wconf 85' lang='lat' dir='ltr'>Hoc</span> <span class='ocrx_word' id='word_1_84' title='bbox 723 1168 792 1203; x_wconf 84' lang='lat' dir='ltr'>est,</span> <span class='ocrx_word' id='word_1_85' title='bbox 812 1160 854 1193; x_wconf 88' lang='lat' dir='ltr'>li·</span> 
     </span>
     <span class='ocr_line' id='line_1_18' title="bbox 177 1213 854 1248; baseline 0 -2"><span class='ocrx_word' id='word_1_86' title='bbox 177 1213 394 1247; x_wconf 84' lang='lat' dir='ltr'>berationem</span> <span class='ocrx_word' id='word_1_87' title='bbox 427 1215 625 1247; x_wconf 81' lang='lat' dir='ltr'>officiorum</span> <span class='ocrx_word' id='word_1_88' title='bbox 658 1227 667 1248; x_wconf 90' lang='lat'>:</span> <span class='ocrx_word' id='word_1_89' title='bbox 704 1222 854 1247; x_wconf 87' lang='lat' dir='ltr'>tractum</span> 
     </span>
     <span class='ocr_line' id='line_1_19' title="bbox 178 1266 852 1313; baseline 0.004 -15"><span class='ocrx_word' id='word_1_90' title='bbox 178 1273 228 1299; x_wconf 88' lang='lat' dir='ltr'>est</span> <span class='ocrx_word' id='word_1_91' title='bbox 247 1278 263 1299; x_wconf 93' lang='lat' dir='ltr'>a</span> <span class='ocrx_word' id='word_1_92' title='bbox 285 1266 559 1312; x_wconf 83' lang='lat' dir='ltr'>gladiatoribus;</span> <span class='ocrx_word' id='word_1_93' title='bbox 578 1278 658 1300; x_wconf 87' lang='lat' dir='ltr'>nam</span> <span class='ocrx_word' id='word_1_94' title='bbox 683 1266 852 1313; x_wconf 85' lang='lat' dir='ltr'>gladiato·</span> 
     </span>
    </p>
   </div>
   <div class='ocr_carea' id='block_1_5' title="bbox 913 576 1602 1312">
    <p class='ocr_par' dir='ltr' id='par_1_8' title="bbox 913 576 1602 1312">
     <span class='ocr_line' id='line_1_20' title="bbox 924 576 1602 621; baseline -0.001 -12"><span class='ocrx_word' id='word_1_95' title='bbox 924 588 1002 617; x_wconf 88' lang='lat' dir='ltr'>res,</span> <span class='ocrx_word' id='word_1_96' title='bbox 1035 576 1294 621; x_wconf 84' lang='lat' dir='ltr'>ingravescente</span> <span class='ocrx_word' id='word_1_97' title='bbox 1326 582 1426 608; x_wconf 83' lang='lat' dir='ltr'>aetate</span> <span class='ocrx_word' id='word_1_98' title='bbox 1462 586 1602 620; x_wconf 84' lang='lat' dir='ltr'><strong>segnes,</strong></span> 
     </span>
     <span class='ocr_line' id='line_1_21' title="bbox 923 626 1602 674; baseline -0.003 -12"><span class='ocrx_word' id='word_1_99' title='bbox 923 629 977 663; x_wconf 88' lang='lat' dir='ltr'>vel</span> <span class='ocrx_word' id='word_1_100' title='bbox 1001 627 1138 661; x_wconf 85' lang='lat' dir='ltr'>laudem</span> <span class='ocrx_word' id='word_1_101' title='bbox 1157 628 1326 674; x_wconf 86' lang='lat' dir='ltr'>praeclaro</span> <span class='ocrx_word' id='word_1_102' title='bbox 1347 626 1499 673; x_wconf 88' lang='lat' dir='ltr'>quodam</span> <span class='ocrx_word' id='word_1_103' title='bbox 1522 628 1602 661; x_wconf 87' lang='lat' dir='ltr'>faci-</span> 
     </span>
     <span class='ocr_line' id='line_1_22' title="bbox 921 679 1601 727; baseline -0.001 -12"><span class='ocrx_word' id='word_1_104' title='bbox 921 694 1008 715; x_wconf 88' lang='lat' dir='ltr'>nore</span> <span class='ocrx_word' id='word_1_105' title='bbox 1026 680 1164 727; x_wconf 81' lang='lat' dir='ltr'>adepti,</span> <span class='ocrx_word' id='word_1_106' title='bbox 1184 680 1274 714; x_wconf 84' lang='lat' dir='ltr'>rude</span> <span class='ocrx_word' id='word_1_107' title='bbox 1298 679 1541 722; x_wconf 82' lang='lat' dir='ltr'>donabantur,</span> <span class='ocrx_word' id='word_1_108' title='bbox 1562 689 1601 714; x_wconf 93' lang='lat' dir='ltr'>ut</span> 
     </span>
     <span class='ocr_line' id='line_1_23' title="bbox 922 733 1597 780; baseline -0.001 -12"><span class='ocrx_word' id='word_1_109' title='bbox 922 733 1016 780; x_wconf 90' lang='lat' dir='ltr'>apud</span> <span class='ocrx_word' id='word_1_110' title='bbox 1033 735 1156 767; x_wconf 84' lang='lat' dir='ltr'>Horat.</span> <span class='ocrx_word' id='word_1_111' title='bbox 1173 735 1209 766; x_wconf 90' lang='lat' dir='ltr'>in</span> <span class='ocrx_word' id='word_1_112' title='bbox 1227 733 1402 779; x_wconf 86' lang='lat' dir='ltr'>epistolis,</span> <span class='ocrx_word' id='word_1_113' title='bbox 1422 742 1456 767; x_wconf 87' lang='lat' dir='ltr'>et</span> <span class='ocrx_word' id='word_1_114' title='bbox 1472 734 1597 767; x_wconf 73' lang='lat' dir='ltr'>Juven.</span> 
     </span>
     <span class='ocr_line' id='line_1_24' title="bbox 921 787 1600 833; baseline -0.001 -12"><span class='ocrx_word' id='word_1_115' title='bbox 921 788 999 829; x_wconf 88' lang='lat' dir='ltr'>Qua</span> <span class='ocrx_word' id='word_1_116' title='bbox 1019 787 1109 821; x_wconf 87' lang='lat' dir='ltr'>rude</span> <span class='ocrx_word' id='word_1_117' title='bbox 1129 796 1269 833; x_wconf 86' lang='lat' dir='ltr'>accepta</span> <span class='ocrx_word' id='word_1_118' title='bbox 1291 799 1363 820; x_wconf 90' lang='lat' dir='ltr'>non</span> <span class='ocrx_word' id='word_1_119' title='bbox 1387 788 1600 832; x_wconf 84' lang='lat' dir='ltr'>cogebantur</span> 
     </span>
     <span class='ocr_line' id='line_1_25' title="bbox 921 839 1598 887; baseline -0.001 -13"><span class='ocrx_word' id='word_1_120' title='bbox 921 841 1069 887; x_wconf 88' lang='lat' dir='ltr'>amplius</span> <span class='ocrx_word' id='word_1_121' title='bbox 1089 853 1267 887; x_wconf 82' lang='lat' dir='ltr'>pugnare3</span> <span class='ocrx_word' id='word_1_122' title='bbox 1288 839 1348 874; x_wconf 89' lang='lat' dir='ltr'>sed</span> <span class='ocrx_word' id='word_1_123' title='bbox 1371 841 1511 886; x_wconf 84' lang='lat' dir='ltr'>publica</span> <span class='ocrx_word' id='word_1_124' title='bbox 1531 841 1598 873; x_wconf 85' lang='lat' dir='ltr'>ale—</span> 
     </span>
     <span class='ocr_line' id='line_1_26' title="bbox 921 893 1600 940; baseline -0.001 -13"><span class='ocrx_word' id='word_1_125' title='bbox 921 894 1049 928; x_wconf 87' lang='lat' dir='ltr'>bantur</span> <span class='ocrx_word' id='word_1_126' title='bbox 1066 894 1228 940; x_wconf 85' lang='lat' dir='ltr'>pecunia.</span> <span class='ocrx_word' id='word_1_127' title='bbox 1253 893 1379 927; x_wconf 84' lang='lat' dir='ltr'><strong>Sensus</strong></span> <span class='ocrx_word' id='word_1_128' title='bbox 1401 902 1473 927; x_wconf 84' lang='lat' dir='ltr'>est:</span> <span class='ocrx_word' id='word_1_129' title='bbox 1494 894 1600 927; x_wconf 83' lang='lat' dir='ltr'>Putas</span> 
     </span>
     <span class='ocr_line' id='line_1_27' title="bbox 921 946 1599 988; baseline 0 -8"><span class='ocrx_word' id='word_1_130' title='bbox 921 960 976 981; x_wconf 89' lang='lat' dir='ltr'>me</span> <span class='ocrx_word' id='word_1_131' title='bbox 998 946 1158 980; x_wconf 90' lang='lat' dir='ltr'>nondum</span> <span class='ocrx_word' id='word_1_132' title='bbox 1185 947 1353 980; x_wconf 84' lang='lat' dir='ltr'>meruisse</span> <span class='ocrx_word' id='word_1_133' title='bbox 1381 946 1529 988; x_wconf 84' lang='lat' dir='ltr'>rudem,</span> <span class='ocrx_word' id='word_1_134' title='bbox 1561 954 1599 980; x_wconf 86' lang='lat' dir='ltr'>ut</span> 
     </span>
     <span class='ocr_line' id='line_1_28' title="bbox 915 999 1597 1034; baseline 0 -1"><span class='ocrx_word' id='word_1_135' title='bbox 915 1013 972 1034; x_wconf 87' lang='lat' dir='ltr'>me</span> <span class='ocrx_word' id='word_1_136' title='bbox 996 1001 1063 1033; x_wconf 89' lang='lat' dir='ltr'>alas</span> <span class='ocrx_word' id='word_1_137' title='bbox 1087 1001 1161 1034; x_wconf 90' lang='lat' dir='ltr'>sine</span> <span class='ocrx_word' id='word_1_138' title='bbox 1183 999 1331 1034; x_wconf 80' lang='lat' dir='ltr'>officio?</span> <span class='ocrx_word' id='word_1_139' title='bbox 1356 1001 1526 1033; x_wconf 75' lang='lat' dir='ltr'>Domitius.</span> <span class='ocrx_word' id='word_1_140' title='bbox 1545 1022 1597 1027; x_wconf 85' lang='lat'><strong>—</strong></span> 
     </span>
     <span class='ocr_line' id='line_1_29' title="bbox 914 1053 1594 1099; baseline 0 -13"><span class='ocrx_word' id='word_1_141' title='bbox 914 1053 1128 1087; x_wconf 83' lang='lat' dir='ltr'>Ramiresius</span> <span class='ocrx_word' id='word_1_142' title='bbox 1144 1062 1245 1099; x_wconf 89' lang='lat' dir='ltr'>putat</span> <span class='ocrx_word' id='word_1_143' title='bbox 1266 1054 1409 1086; x_wconf 83' lang='lat' dir='ltr'>Poetam</span> <span class='ocrx_word' id='word_1_144' title='bbox 1430 1053 1594 1098; x_wconf 78' lang='lat' dir='ltr'>ambigue</span> 
     </span>
     <span class='ocr_line' id='line_1_30' title="bbox 915 1105 1593 1152; baseline -0.001 -12"><span class='ocrx_word' id='word_1_145' title='bbox 915 1107 1068 1140; x_wconf 82' lang='lat' dir='ltr'><strong>allusisse</strong></span> <span class='ocrx_word' id='word_1_146' title='bbox 1099 1105 1142 1140; x_wconf 86' lang='lat' dir='ltr'>ad</span> <span class='ocrx_word' id='word_1_147' title='bbox 1170 1115 1283 1152; x_wconf 88' lang='lat' dir='ltr'>togam</span> <span class='ocrx_word' id='word_1_148' title='bbox 1317 1105 1467 1147; x_wconf 86' lang='lat' dir='ltr'>rudem,</span> <span class='ocrx_word' id='word_1_149' title='bbox 1499 1107 1593 1139; x_wconf 86' lang='lat' dir='ltr'>tritae</span> 
     </span>
     <span class='ocr_line' id='line_1_31' title="bbox 913 1160 1594 1206; baseline -0.003 -12"><span class='ocrx_word' id='word_1_150' title='bbox 913 1160 1045 1194; x_wconf 86' lang='lat' dir='ltr'>scilicet</span> <span class='ocrx_word' id='word_1_151' title='bbox 1075 1160 1273 1206; x_wconf 82' lang='lat' dir='ltr'>oppositam</span> <span class='ocrx_word' id='word_1_152' title='bbox 1293 1185 1303 1201; x_wconf 90' lang='lat'>‚</span> <span class='ocrx_word' id='word_1_153' title='bbox 1341 1168 1375 1193; x_wconf 90' lang='lat' dir='ltr'>et</span> <span class='ocrx_word' id='word_1_154' title='bbox 1406 1160 1564 1193; x_wconf 82' lang='lat' dir='ltr'>villosam</span> <span class='ocrx_word' id='word_1_155' title='bbox 1585 1185 1594 1200; x_wconf 91' lang='lat'>‚</span> 
     </span>
     <span class='ocr_line' id='line_1_32' title="bbox 913 1212 1589 1259; baseline -0.001 -13"><span class='ocrx_word' id='word_1_156' title='bbox 913 1226 1018 1259; x_wconf 86' lang='lat' dir='ltr'>quam</span> <span class='ocrx_word' id='word_1_157' title='bbox 1053 1225 1179 1259; x_wconf 84' lang='lat' dir='ltr'>pexam</span> <span class='ocrx_word' id='word_1_158' title='bbox 1210 1212 1298 1246; x_wconf 83' lang='lat' dir='ltr'>dixit</span> <span class='ocrx_word' id='word_1_159' title='bbox 1328 1213 1388 1246; x_wconf 93' lang='lat' dir='ltr'>lib.</span> <span class='ocrx_word' id='word_1_160' title='bbox 1424 1214 1485 1253; x_wconf 89' lang='lat' dir='ltr'>II,</span> <span class='ocrx_word' id='word_1_161' title='bbox 1515 1213 1589 1257; x_wconf 87' lang='lat' dir='ltr'>epi-</span> 
     </span>
     <span class='ocr_line' id='line_1_33' title="bbox 913 1279 1173 1312; baseline 0 -13"><span class='ocrx_word' id='word_1_162' title='bbox 913 1279 1058 1312; x_wconf 81' lang='lat' dir='ltr'>gramm.</span> <span class='ocrx_word' id='word_1_163' title='bbox 1080 1279 1173 1299; x_wconf 76' lang='lat' dir='ltr'>xmv.</span> 
     </span>
    </p>
   </div>
   <div class='ocr_carea' id='block_1_6' title="bbox 703 1386 1058 1441">
    <p class='ocr_par' dir='ltr' id='par_1_9' title="bbox 703 1386 1058 1441">
     <span class='ocr_line' id='line_1_34' title="bbox 703 1386 1058 1441; baseline -0.006 0"><span class='ocrx_word' id='word_1_164' title='bbox 703 1386 1058 1441; x_wconf 64' lang='lat' dir='ltr'>XXXVII.</span> 
     </span>
    </p>
   </div>
   <div class='ocr_carea' id='block_1_7' title="bbox 506 1523 1256 1573">
    <p class='ocr_par' dir='ltr' id='par_1_10' title="bbox 506 1523 1256 1573">
     <span class='ocr_line' id='line_1_35' title="bbox 506 1523 1256 1573; baseline -0.004 -1"><span class='ocrx_word' id='word_1_165' title='bbox 506 1545 563 1573; x_wconf 76' lang='lat' dir='ltr'>IN</span> <span class='ocrx_word' id='word_1_166' title='bbox 604 1543 959 1572; x_wconf 11' lang='lat' dir='ltr'><strong>1RAVSCENTES</strong></span> <span class='ocrx_word' id='word_1_167' title='bbox 1000 1523 1256 1571; x_wconf 63' lang='lat' dir='ltr'>Animos*</span> 
     </span>
    </p>
   </div>
   <div class='ocr_carea' id='block_1_8' title="bbox 245 1667 1304 1799">
    <p class='ocr_par' dir='ltr' id='par_1_11' title="bbox 245 1667 1304 1799">
     <span class='ocr_line' id='line_1_36' title="bbox 245 1667 1098 1712; baseline 0 -2"><span class='ocrx_word' id='word_1_168' title='bbox 245 1669 401 1712; x_wconf 80' lang='lat' dir='ltr'>IRASCI</span> <span class='ocrx_word' id='word_1_169' title='bbox 432 1678 601 1711; x_wconf 80' lang='lat' dir='ltr'>tantum</span> <span class='ocrx_word' id='word_1_170' title='bbox 629 1667 773 1712; x_wconf 85' lang='lat' dir='ltr'>felices</span> <span class='ocrx_word' id='word_1_171' title='bbox 798 1669 932 1712; x_wconf 86' lang='lat' dir='ltr'>nostis</span> <span class='ocrx_word' id='word_1_172' title='bbox 959 1668 1098 1712; x_wconf 83' lang='lat' dir='ltr'>amici.</span> 
     </span>
     <span class='ocr_line' id='line_1_37' title="bbox 315 1737 1304 1799; baseline -0.001 -18"><span class='ocrx_word' id='word_1_173' title='bbox 315 1740 416 1782; x_wconf 85' lang='lat' dir='ltr'>Non</span> <span class='ocrx_word' id='word_1_174' title='bbox 442 1737 552 1782; x_wconf 89' lang='lat' dir='ltr'>belle</span> <span class='ocrx_word' id='word_1_175' title='bbox 578 1738 716 1782; x_wconf 84' lang='lat' dir='ltr'>facitis</span> <span class='ocrx_word' id='word_1_176' title='bbox 741 1756 749 1780; x_wconf 93' lang='lat'>:</span> <span class='ocrx_word' id='word_1_177' title='bbox 783 1738 857 1782; x_wconf 86' lang='lat' dir='ltr'>sed</span> <span class='ocrx_word' id='word_1_178' title='bbox 883 1739 1008 1799; x_wconf 77' lang='lat' dir='ltr'>juvat</span> <span class='ocrx_word' id='word_1_179' title='bbox 1033 1738 1118 1781; x_wconf 86' lang='lat' dir='ltr'>hoc</span> <span class='ocrx_word' id='word_1_180' title='bbox 1148 1737 1304 1782; x_wconf 84' lang='lat' dir='ltr'>facere.</span> 
     </span>
    </p>
   </div>
   <div class='ocr_carea' id='block_1_9' title="bbox 169 1872 847 2399">
    <p class='ocr_par' dir='ltr' id='par_1_12' title="bbox 169 1872 847 2344">
     <span class='ocr_line' id='line_1_38' title="bbox 225 1872 846 1923; baseline -0.002 -12"><span class='ocrx_word' id='word_1_181' title='bbox 225 1872 240 1887; x_wconf 74' lang='lat'>&#39;¹</span> <span class='ocrx_word' id='word_1_182' title='bbox 257 1878 318 1911; x_wconf 90' lang='lat' dir='ltr'>Est</span> <span class='ocrx_word' id='word_1_183' title='bbox 339 1878 566 1923; x_wconf 82' lang='lat' dir='ltr'>reprehensio</span> <span class='ocrx_word' id='word_1_184' title='bbox 593 1877 742 1911; x_wconf 75' lang='lat' dir='ltr'>divitum</span> <span class='ocrx_word' id='word_1_185' title='bbox 758 1904 766 1919; x_wconf 93' lang='lat'>‚</span> <span class='ocrx_word' id='word_1_186' title='bbox 786 1877 846 1923; x_wconf 91' lang='lat' dir='ltr'>qui</span> 
     </span>
     <span class='ocr_line' id='line_1_39' title="bbox 171 1930 847 1976; baseline 0.001 -13"><span class='ocrx_word' id='word_1_187' title='bbox 171 1930 302 1963; x_wconf 86' lang='lat' dir='ltr'>irarum</span> <span class='ocrx_word' id='word_1_188' title='bbox 335 1932 553 1964; x_wconf 78' lang='lat' dir='ltr'>occasionem</span> <span class='ocrx_word' id='word_1_189' title='bbox 583 1939 774 1976; x_wconf 73' lang='lat' dir='ltr'>quaerunt,</span> <span class='ocrx_word' id='word_1_190' title='bbox 804 1943 847 1964; x_wconf 90' lang='lat' dir='ltr'>ne</span> 
     </span>
     <span class='ocr_line' id='line_1_40' title="bbox 172 1983 846 2017; baseline 0 -2"><span class='ocrx_word' id='word_1_191' title='bbox 172 1983 288 2016; x_wconf 78' lang='lat' dir='ltr'>officia</span> <span class='ocrx_word' id='word_1_192' title='bbox 324 1984 532 2016; x_wconf 83' lang='lat' dir='ltr'>inferiorum</span> <span class='ocrx_word' id='word_1_193' title='bbox 562 1985 754 2017; x_wconf 79' lang='lat' dir='ltr'>amicorum</span> <span class='ocrx_word' id='word_1_194' title='bbox 790 1996 846 2016; x_wconf 86' lang='lat' dir='ltr'>re-</span> 
     </span>
     <span class='ocr_line' id='line_1_41' title="bbox 171 2036 846 2082; baseline 0.001 -14"><span class='ocrx_word' id='word_1_195' title='bbox 171 2045 422 2077; x_wconf 80' lang='lat' dir='ltr'>munerentur3</span> <span class='ocrx_word' id='word_1_196' title='bbox 450 2037 496 2070; x_wconf 85' lang='lat' dir='ltr'>ita</span> <span class='ocrx_word' id='word_1_197' title='bbox 525 2036 696 2082; x_wconf 82' lang='lat' dir='ltr'>fingentes</span> <span class='ocrx_word' id='word_1_198' title='bbox 724 2049 759 2069; x_wconf 87' lang='lat' dir='ltr'>se</span> <span class='ocrx_word' id='word_1_199' title='bbox 781 2048 846 2082; x_wconf 80' lang='lat' dir='ltr'>per</span> 
     </span>
     <span class='ocr_line' id='line_1_42' title="bbox 171 2088 845 2135; baseline 0.003 -15"><span class='ocrx_word' id='word_1_200' title='bbox 171 2088 390 2122; x_wconf 85' lang='lat' dir='ltr'>inimicitiam</span> <span class='ocrx_word' id='word_1_201' title='bbox 424 2102 497 2122; x_wconf 89' lang='lat' dir='ltr'>non</span> <span class='ocrx_word' id='word_1_202' title='bbox 529 2089 634 2131; x_wconf 86' lang='lat' dir='ltr'>dare,</span> <span class='ocrx_word' id='word_1_203' title='bbox 662 2088 757 2135; x_wconf 86' lang='lat' dir='ltr'>quod</span> <span class='ocrx_word' id='word_1_204' title='bbox 782 2102 845 2135; x_wconf 85' lang='lat' dir='ltr'>per</span> 
     </span>
     <span class='ocr_line' id='line_1_43' title="bbox 171 2141 844 2182; baseline 0.001 -8"><span class='ocrx_word' id='word_1_205' title='bbox 171 2141 351 2174; x_wconf 82' lang='lat' dir='ltr'>avaritiam</span> <span class='ocrx_word' id='word_1_206' title='bbox 376 2155 447 2175; x_wconf 87' lang='lat' dir='ltr'>non</span> <span class='ocrx_word' id='word_1_207' title='bbox 473 2141 568 2176; x_wconf 81' lang='lat' dir='ltr'>dant.</span> <span class='ocrx_word' id='word_1_208' title='bbox 592 2143 647 2176; x_wconf 87' lang='lat' dir='ltr'>Sic</span> <span class='ocrx_word' id='word_1_209' title='bbox 670 2143 729 2176; x_wconf 91' lang='lat' dir='ltr'>lib.</span> <span class='ocrx_word' id='word_1_210' title='bbox 752 2144 844 2182; x_wconf 88' lang='lat' dir='ltr'>XII,</span> 
     </span>
     <span class='ocr_line' id='line_1_44' title="bbox 171 2194 840 2239; baseline 0.003 -13"><span class='ocrx_word' id='word_1_211' title='bbox 171 2194 375 2239; x_wconf 83' lang='lat' dir='ltr'>epigramm.</span> <span class='ocrx_word' id='word_1_212' title='bbox 398 2207 466 2228; x_wconf 79' lang='lat' dir='ltr'>x111</span> <span class='ocrx_word' id='word_1_213' title='bbox 485 2207 493 2228; x_wconf 84' lang='lat'>:</span> <span class='ocrx_word' id='word_1_214' title='bbox 521 2212 534 2224; x_wconf 64' lang='grc' dir='ltr'>(ι</span> <span class='ocrx_word' id='word_1_215' title='bbox 553 2196 688 2236; x_wconf 84' lang='lat' dir='ltr'>Genus,</span> <span class='ocrx_word' id='word_1_216' title='bbox 704 2197 840 2236; x_wconf 53' lang='lat' dir='ltr'>&#39;Aucte,</span> 
     </span>
     <span class='ocr_line' id='line_1_45' title="bbox 169 2246 842 2290; baseline 0.001 -11"><span class='ocrx_word' id='word_1_217' title='bbox 169 2246 257 2280; x_wconf 84' lang='lat' dir='ltr'>lucri</span> <span class='ocrx_word' id='word_1_218' title='bbox 285 2246 409 2280; x_wconf 85' lang='lat' dir='ltr'>divites</span> <span class='ocrx_word' id='word_1_219' title='bbox 433 2249 562 2281; x_wconf 85' lang='lat' dir='ltr'>habent</span> <span class='ocrx_word' id='word_1_220' title='bbox 588 2249 697 2290; x_wconf 81' lang='lat' dir='ltr'>iram3</span> <span class='ocrx_word' id='word_1_221' title='bbox 719 2248 842 2281; x_wconf 84' lang='lat' dir='ltr'>Odisse</span> 
     </span>
     <span class='ocr_line' id='line_1_46' title="bbox 170 2299 838 2344; baseline 0.003 -12"><span class='ocrx_word' id='word_1_222' title='bbox 170 2311 272 2344; x_wconf 87' lang='lat' dir='ltr'>quam</span> <span class='ocrx_word' id='word_1_223' title='bbox 296 2299 426 2333; x_wconf 83' lang='lat' dir='ltr'>donare</span> <span class='ocrx_word' id='word_1_224' title='bbox 451 2301 554 2334; x_wconf 73' lang='lat' dir='ltr'>vilius</span> <span class='ocrx_word' id='word_1_225' title='bbox 570 2310 715 2334; x_wconf 84' lang='lat' dir='ltr'>constat.</span> <span class='ocrx_word' id='word_1_226' title='bbox 739 2319 751 2330; x_wconf 68' lang='grc' dir='ltr'>ι)</span> <span class='ocrx_word' id='word_1_227' title='bbox 772 2302 838 2335; x_wconf 79' lang='lat' dir='ltr'>Eo.</span> 
     </span>
    </p>

    <p class='ocr_par' dir='ltr' id='par_1_13' title="bbox 221 2353 841 2399">
     <span class='ocr_line' id='line_1_47' title="bbox 221 2353 841 2399; baseline 0.003 -14"><span class='ocrx_word' id='word_1_228' title='bbox 221 2374 272 2379; x_wconf 87' lang='lat'>—</span> <span class='ocrx_word' id='word_1_229' title='bbox 289 2354 329 2386; x_wconf 85' lang='lat' dir='ltr'>Iu</span> <span class='ocrx_word' id='word_1_230' title='bbox 342 2353 444 2398; x_wconf 86' lang='lat' dir='ltr'>hujus</span> <span class='ocrx_word' id='word_1_231' title='bbox 457 2354 712 2399; x_wconf 82' lang='lat' dir='ltr'>epigrammatis</span> <span class='ocrx_word' id='word_1_232' title='bbox 726 2354 841 2387; x_wconf 86' lang='lat' dir='ltr'>lectio-</span> 
     </span>
    </p>
   </div>
   <div class='ocr_carea' id='block_1_10' title="bbox 901 1877 1584 2399">
    <p class='ocr_par' dir='ltr' id='par_1_14' title="bbox 906 1877 1584 1975">
     <span class='ocr_line' id='line_1_48' title="bbox 906 1877 1584 1922; baseline 0.001 -13"><span class='ocrx_word' id='word_1_233' title='bbox 906 1889 950 1910; x_wconf 88' lang='lat' dir='ltr'>ne</span> <span class='ocrx_word' id='word_1_234' title='bbox 976 1877 1199 1910; x_wconf 85' lang='lat' dir='ltr'>consentiunt</span> <span class='ocrx_word' id='word_1_235' title='bbox 1227 1877 1437 1922; x_wconf 78' lang='lat' dir='ltr'>exemplaria</span> <span class='ocrx_word' id='word_1_236' title='bbox 1462 1890 1584 1910; x_wconf 87' lang='lat' dir='ltr'>manu-</span> 
     </span>
     <span class='ocr_line' id='line_1_49' title="bbox 906 1929 1278 1975; baseline -0.003 -12"><span class='ocrx_word' id='word_1_237' title='bbox 906 1930 1035 1975; x_wconf 88' lang='lat' dir='ltr'>scripta</span> <span class='ocrx_word' id='word_1_238' title='bbox 1051 1938 1084 1962; x_wconf 86' lang='lat' dir='ltr'>et</span> <span class='ocrx_word' id='word_1_239' title='bbox 1102 1929 1278 1974; x_wconf 82' lang='lat' dir='ltr'>impressa.</span> 
     </span>
    </p>

    <p class='ocr_par' dir='ltr' id='par_1_15' title="bbox 904 1982 1583 2187">
     <span class='ocr_line' id='line_1_50' title="bbox 965 1982 1582 2017; baseline 0 -1"><span class='ocrx_word' id='word_1_240' title='bbox 965 1996 993 2016; x_wconf 88' lang='grc' dir='ltr'>Ι.</span> <span class='ocrx_word' id='word_1_241' title='bbox 1015 1984 1116 2016; x_wconf 76' lang='lat' dir='ltr'>Irasci</span> <span class='ocrx_word' id='word_1_242' title='bbox 1132 1990 1264 2014; x_wconf 74' lang='lat' dir='ltr'>tantum.</span> <span class='ocrx_word' id='word_1_243' title='bbox 1284 1982 1381 2015; x_wconf 82' lang='lat' dir='ltr'>Nihil</span> <span class='ocrx_word' id='word_1_244' title='bbox 1400 1983 1493 2016; x_wconf 81' lang='lat' dir='ltr'>scitis</span> <span class='ocrx_word' id='word_1_245' title='bbox 1514 1984 1582 2017; x_wconf 83' lang='lat' dir='ltr'>nisi</span> 
     </span>
     <span class='ocr_line' id='line_1_51' title="bbox 905 2035 1582 2081; baseline 0.001 -13"><span class='ocrx_word' id='word_1_246' title='bbox 905 2036 1022 2075; x_wconf 83' lang='lat' dir='ltr'>irasci,</span> <span class='ocrx_word' id='word_1_247' title='bbox 1052 2036 1126 2068; x_wconf 84' lang='lat' dir='ltr'>sine</span> <span class='ocrx_word' id='word_1_248' title='bbox 1158 2035 1227 2068; x_wconf 90' lang='lat' dir='ltr'>ulla</span> <span class='ocrx_word' id='word_1_249' title='bbox 1260 2037 1351 2081; x_wconf 86' lang='lat' dir='ltr'>justa</span> <span class='ocrx_word' id='word_1_250' title='bbox 1385 2048 1496 2069; x_wconf 85' lang='lat' dir='ltr'>causa.</span> <span class='ocrx_word' id='word_1_251' title='bbox 1531 2058 1582 2064; x_wconf 89' lang='lat'>—</span> 
     </span>
     <span class='ocr_line' id='line_1_52' title="bbox 905 2088 1583 2134; baseline 0 -12"><span class='ocrx_word' id='word_1_252' title='bbox 905 2089 1040 2122; x_wconf 78' lang='lat' dir='ltr'>Felices.</span> <span class='ocrx_word' id='word_1_253' title='bbox 1061 2088 1214 2129; x_wconf 74' lang='lat' dir='ltr'>Divites;</span> <span class='ocrx_word' id='word_1_254' title='bbox 1230 2101 1299 2134; x_wconf 85' lang='lat' dir='ltr'>quo</span> <span class='ocrx_word' id='word_1_255' title='bbox 1316 2100 1418 2121; x_wconf 81' lang='lat' dir='ltr'><strong>sensu</strong></span> <span class='ocrx_word' id='word_1_256' title='bbox 1436 2102 1507 2122; x_wconf 83' lang='lat' dir='ltr'>vox</span> <span class='ocrx_word' id='word_1_257' title='bbox 1523 2102 1561 2122; x_wconf 89' lang='lat' dir='ltr'>ea</span> <span class='ocrx_word' id='word_1_258' title='bbox 1575 2116 1583 2131; x_wconf 90' lang='lat'><strong>,</strong></span> 
     </span>
     <span class='ocr_line' id='line_1_53' title="bbox 904 2142 1526 2187; baseline 0 -12"><span class='ocrx_word' id='word_1_259' title='bbox 904 2150 942 2175; x_wconf 87' lang='lat' dir='ltr'>ut</span> <span class='ocrx_word' id='word_1_260' title='bbox 965 2142 1092 2182; x_wconf 74' lang='lat' dir='ltr'>beatus,</span> <span class='ocrx_word' id='word_1_261' title='bbox 1117 2142 1304 2186; x_wconf 79' lang='lat' dir='ltr'>saepissime</span> <span class='ocrx_word' id='word_1_262' title='bbox 1327 2151 1526 2187; x_wconf 78' lang='lat' dir='ltr'>usurpatur.</span> 
     </span>
    </p>

    <p class='ocr_par' dir='ltr' id='par_1_16' title="bbox 901 2195 1581 2399">
     <span class='ocr_line' id='line_1_54' title="bbox 960 2195 1581 2240; baseline 0 -12"><span class='ocrx_word' id='word_1_263' title='bbox 960 2209 992 2228; x_wconf 78' lang='lat'>2.</span> <span class='ocrx_word' id='word_1_264' title='bbox 1025 2195 1091 2228; x_wconf 78' lang='lat' dir='ltr'>Sed</span> <span class='ocrx_word' id='word_1_265' title='bbox 1113 2197 1217 2240; x_wconf 61' lang='lat' dir='ltr'>juvat·</span> <span class='ocrx_word' id='word_1_266' title='bbox 1250 2196 1363 2227; x_wconf 83' lang='lat' dir='ltr'>Lucro</span> <span class='ocrx_word' id='word_1_267' title='bbox 1391 2204 1441 2228; x_wconf 82' lang='lat' dir='ltr'>est</span> <span class='ocrx_word' id='word_1_268' title='bbox 1471 2196 1581 2229; x_wconf 77' lang='lat' dir='ltr'>vobis.</span> 
     </span>
     <span class='ocr_line' id='line_1_55' title="bbox 903 2247 1581 2293; baseline 0.004 -14"><span class='ocrx_word' id='word_1_269' title='bbox 903 2247 995 2280; x_wconf 77' lang='lat' dir='ltr'>Vide</span> <span class='ocrx_word' id='word_1_270' title='bbox 1014 2248 1072 2281; x_wconf 89' lang='lat' dir='ltr'>lib.</span> <span class='ocrx_word' id='word_1_271' title='bbox 1093 2249 1129 2288; x_wconf 90' lang='grc' dir='ltr'>Ι,</span> <span class='ocrx_word' id='word_1_272' title='bbox 1152 2248 1260 2293; x_wconf 81' lang='lat' dir='ltr'>epigr.</span> <span class='ocrx_word' id='word_1_273' title='bbox 1279 2260 1349 2280; x_wconf 68' lang='lat' dir='ltr'>XIII</span> <span class='ocrx_word' id='word_1_274' title='bbox 1365 2274 1373 2288; x_wconf 85' lang='lat'><em>‚</em></span> <span class='ocrx_word' id='word_1_275' title='bbox 1391 2261 1424 2281; x_wconf 90' lang='lat' dir='ltr'>v.</span> <span class='ocrx_word' id='word_1_276' title='bbox 1455 2261 1468 2281; x_wconf 93' lang='lat'>1</span> <span class='ocrx_word' id='word_1_277' title='bbox 1482 2261 1512 2282; x_wconf 91' lang='lat'>1.</span> <span class='ocrx_word' id='word_1_278' title='bbox 1529 2270 1581 2274; x_wconf 89' lang='lat'>—-</span> 
     </span>
     <span class='ocr_line' id='line_1_56' title="bbox 901 2300 1581 2347; baseline 0.001 -14"><span class='ocrx_word' id='word_1_279' title='bbox 901 2301 999 2333; x_wconf 76' lang='lat' dir='ltr'>Juvat</span> <span class='ocrx_word' id='word_1_280' title='bbox 1015 2302 1201 2343; x_wconf 74' lang='lat' dir='ltr'>lzocfacere.</span> <span class='ocrx_word' id='word_1_281' title='bbox 1218 2300 1273 2334; x_wconf 79' lang='lat' dir='ltr'>Sic</span> <span class='ocrx_word' id='word_1_282' title='bbox 1296 2301 1384 2333; x_wconf 86' lang='lat' dir='ltr'>nihil</span> <span class='ocrx_word' id='word_1_283' title='bbox 1407 2301 1581 2347; x_wconf 82' lang='lat' dir='ltr'>largimini</span> 
     </span>
     <span class='ocr_line' id='line_1_57' title="bbox 902 2354 1395 2399; baseline 0.002 -13"><span class='ocrx_word' id='word_1_284' title='bbox 902 2354 1017 2387; x_wconf 85' lang='lat' dir='ltr'>amicis</span> <span class='ocrx_word' id='word_1_285' title='bbox 1037 2354 1162 2399; x_wconf 85' lang='lat' dir='ltr'>quihus</span> <span class='ocrx_word' id='word_1_286' title='bbox 1177 2354 1395 2387; x_wconf 78' lang='lat' dir='ltr'>succensetis.</span> 
     </span>
    </p>
   </div>
  </div>
 </body>
</html>
