2061 3288
177 207 1588 225 mssssssumm2⁸³=²**fl*”*fflmwusmnmmmmmmmwszzs

429 545 1347 636 LECTORES.

401 838 484 880 EX
526 837 857 881 EDITIONE
894 838 994 879 TH.
1038 834 1364 879 FARNABII.

185 1040 281 1117 ΡΑ
296 1085 541 1115 ssENfflM
576 1070 754 1114 Paulum
770 1107 780 1125 ,
808 1070 1080 1131 splendidum
1111 1071 1298 1129 equitem
1322 1070 1568 1113 Romanum
1585 1102 1594 1116 ,

185 1140 342 1202 Elegos
381 1157 489 1201 quos
520 1141 687 1185 erudite
719 1143 951 1202 scripserat
983 1142 1292 1194 recitaturum,
1319 1149 1449 1200 atque
1483 1140 1592 1182 inci-

187 1212 375 1271 pientem
411 1211 553 1255 dicere
582 1215 736 1257 Prchce
758 1212 915 1271 jabes,
949 1210 1183 1255 Jaholenus
1215 1210 1390 1271 quidam
1424 1210 1596 1253 Priscus

185 1282 259 1342 qui
282 1281 453 1337 aderat,
481 1281 616 1326 Paulo
645 1282 818 1343 quidem
848 1284 1030 1337 amicus⁷
1053 1281 1127 1325 sed
1153 1283 1244 1341 ipse
1270 1280 1411 1324 dubiae
1436 1281 1594 1325 sanita-

186 1352 262 1407 tis,
288 1351 598 1414 interpellavit3
621 1355 724 1414 Ego
745 1369 874 1409 vero,
902 1354 1122 1413 inquiens,
1144 1368 1233 1395 non
1244 1351 1398 1409 jubeo.
1424 1351 1594 1395 Oborto

186 1422 454 1467 audientium
486 1425 600 1475 risu,
631 1441 719 1468 non
750 1424 930 1467 dubium
965 1433 1028 1467 est
1059 1423 1162 1483 quin
1188 1421 1322 1466 Paulo
1355 1421 1492 1466 aliena
1523 1421 1595 1463 de-

187 1491 329 1537 liratio
363 1492 629 1554 aliquantum
675 1495 846 1555 frigoris
883 1493 1102 1538 attulerit:
1142 1503 1270 1553 atque
1311 1493 1412 1536 hinc
1450 1501 1598 1535 monet

189 1562 372 1619 Plinius,
399 1565 715 1625 providendum
745 1582 837 1610 esse
862 1576 950 1609 tam
983 1564 1161 1609 sollicite
1192 1562 1478 1615 recitaturis‚¹
1508 1579 1593 1605 non

190 1633 330 1678 solum
358 1645 405 1679 ut
430 1637 514 1680 sint
537 1637 617 1697 ipsi
643 1638 756 1689 sani,
782 1652 935 1679 verum
963 1638 1090 1679 etiam
1120 1645 1166 1678 ut
1194 1650 1322 1678 sanos
1348 1634 1593 1678 adhibeant.

191 1706 354 1749 Sanum
386 1707 608 1768 profecto⁷
641 1709 700 1751 mi
737 1706 960 1760 Secunde,
1004 1704 1230 1750 consilium
1262 1722 1270 1748 :
1305 1721 1443 1765 neque
1481 1706 1594 1748 enim

191 1774 367 1820 difficile
386 1788 479 1821 erat
499 1778 621 1822 vohis
634 1814 645 1831 ‚
663 1780 737 1838 qui
759 1794 905 1821 coram
926 1777 1074 1838 paucis
1093 1777 1229 1836 iisque
1248 1775 1424 1820 delectis
1444 1785 1487 1819 et
1500 1776 1597 1818 ami-

193 1847 252 1890 cis
272 1847 386 1891 intra
406 1849 589 1908 parietes
611 1859 776 1893 vestros
796 1848 1062 1903 recitabatis,
1085 1849 1256 1891 insanos
1276 1862 1490 1890 amovere.
1513 1845 1595 1889 Sed

193 1933 216 1960 e
239 1917 414 1978 publico
441 1919 525 1963 hoc
545 1920 717 1963 theatro
744 1921 837 1980 quis
861 1936 1002 1980 praeco
1026 1918 1244 1962 amovebit
1264 1934 1440 1978 asperos
1467 1918 1597 1961 hosce

195 1997 238 2030 et
272 1999 466 2034 austeros
500 1990 822 2043 Χεηοοιᾞῖεῑε,2
849 1992 921 2051 qui
954 1991 1115 2034 Gratiis
1147 2006 1235 2032 non
1267 1987 1472 2032 litarunt?
1504 1989 1598 2047 quis

196 2057 443 2120 designator
483 2077 506 2105 e
550 2063 696 2105 cuneis
730 2064 906 2105 Pan-um
947 2071 990 2104 et
1016 2061 1223 2121 Equitum
1259 2059 1462 2104 excitabit
1494 2059 1598 2101 istos

197 2127 353 2189 plebeii
378 2141 421 2174 et
443 2132 685 2189 ἀφιλοκάλω
707 2123 890 2192 ingenii3
908 2133 1071 2175 Marios
1085 2168 1095 2185 2
1119 2133 1193 2191 qui
1210 2131 1348 2174 Musis
1369 2145 1490 2173 sacra
1513 2145 1601 2172 non

200 2198 418 2253 fecerunt,
446 2218 526 2246 nec
557 2203 698 2247 facere
726 2202 910 2247 curant?
940 2204 1034 2263 quis
1063 2211 1201 2262 mysta
1231 2218 1253 2244 a
1284 2202 1511 2244 Musarum
1537 2215 1602 2244 sa—

199 2271 283 2313 cris
302 2271 467 2314 arcebit
491 2273 722 2332 profanum
748 2274 832 2317 hoc
857 2273 1032 2334 vulgus,
1054 2274 1303 2333 imperitum
1325 2272 1449 2330 juxta
1472 2280 1600 2330 atque.

199 2356 428 2401 arrogans„
463 2352 503 2385 et
536 2343 618 2386 hoc
656 2345 928 2405 arrogantius
960 2361 1046 2404 quo
1078 2341 1348 2403 imperitius?
1368 2340 1450 2385 Alii
1480 2356 1600 2384 nam·

260 2494 289 2513 1.
305 2481 553 2520 Providmzdum,
572 2490 634 2513 etc.
653 2481 784 2515 Plinius
795 2482 868 2514 Sec.
936 2494 1003 2526 que
1022 2482 1193 2525 Diogenes
1206 2481 1363 2513 Laertius
1381 2481 1415 2512 in
1429 2480 1519 2513 libro
1537 2481 1600 2511 lv,

203 2534 261 2566 lib.
274 2534 347 2573 VI,
363 2534 462 2578 epist.
487 2546 498 2566 1
511 2534 542 2567 5.
990 2533 1021 2566 3.
1052 2534 1241 2567 Plebeii...et
1264 2533 1451 2578 ἀφιλοκάλευ
1475 2534 1602 2577 ingenii,

260 2599 275 2618 *3
287 2612 293 2617 .
308 2586 445 2630 Asperos
466 2595 494 2618 ee
510 2595 645 2619 (ταμεν-ω
662 2588 867 2619 ‚Xenocratem
937 2586 1018 2619 Vid.
1041 2587 1214 2620 Plutarch.
1239 2586 1319 2619 Vita
1338 2585 1456 2625 Marii,
1475 2594 1508 2618 et
1525 2585 1607 2617 val.

206 2638 408 2672 Plutarchus
421 2639 454 2671 in
471 2639 631 2673 Connub.
648 2640 871 2684 Praecept.at-
936 2640 1025 2673 Max.
1044 2641 1103 2673 iih.
1122 2640 1155 2672 ΙΙ
1169 2664 1177 2679 ,
1198 2651 1269 2684 cap.
1297 2652 1325 2671 1.

1356 2709 1401 2750 {14
