2061 3288
813 251 874 292 M.
903 251 1042 293 VAL.
1082 252 1472 296 MARTIALIS

1071 382 1238 441 111ss

632 534 697 561 AD
738 534 1023 562 LECTOREM
1040 554 1051 573 7

1091 534 1179 563 UBI
1219 535 1365 563 LIBRI
1406 534 1663 564 VENALES.

512 648 607 702 QUI
633 654 779 688 tec-um
809 646 932 706 cupis
962 661 1054 689 esse
1084 661 1205 689 meos
1229 646 1493 707 ubicumque
1521 644 1711 702 libellos,

585 717 642 758 Et
667 716 847 759 comites
872 715 1012 777 longae
1035 717 1190 777 quaeris
1211 716 1375 760 habere
1400 717 1506 772 viae3

516 788 607 829 Hos
633 802 753 843 eme,
779 803 888 847 quos
917 796 1055 831 arctat
1079 787 1285 831 brevibus
1311 787 1565 831 membrana
1590 785 1782 832 tabellis:

584 857 750 900 Scrinia
775 857 830 900 da
855 859 1044 919 magnis,
1072 874 1142 901 me
1168 874 1322 902 manus
1348 874 1435 902 una
1461 859 1590 919 capit.

516 928 583 970 Ne
609 937 756 970 tamen
781 928 953 988 ignores
968 965 979 983 ‚
1005 929 1080 972 ubi
1106 929 1186 973 sim
1210 927 1375 972 venalis
1391 965 1402 985 ‚
1427 938 1470 973 et
1495 945 1612 973 erres
1843 948 1857 971 5

588 997 711 1041 Urbe
740 1014 876 1059 vagus
905 1009 1022 1054 tota3
1048 1016 1117 1045 me
1143 1000 1253 1043 duce
1284 1009 1428 1043 certus
1459 1001 1556 1043 eris.

518 1067 744 1112 Libertum
772 1069 889 1113 docti
913 1071 1122 1114 Lucensis
1148 1087 1292 1131 quaere
1318 1070 1592 1125 Secundum,

504 1196 518 1209 ³*
538 1201 711 1242 Quartum
741 1210 793 1235 est
820 1202 887 1235 hoc
916 1202 1128 1247 epigramma

454 1255 489 1287 in
509 1254 607 1287 Junt.
628 1254 710 1288 anui
735 1254 829 1288 1512
847 1280 856 1295 ‚
878 1253 938 1287 sed
960 1255 995 1287 in
1017 1255 1127 1288 Plant.

454 1307 573 1347 Junfi,
596 1307 723 1352 Delph.
743 1315 775 1340 et
796 1307 976 1341 nonnullis
992 1308 1066 1341 aliis
1081 1320 1130 1340 se-

456 1359 624 1393 cundum.

510 1427 540 1445 2.
555 1413 690 1446 Comites
705 1415 819 1457 longua
833 1414 986 1447 Comites
1001 1414 1132 1447 seilicet

455 1465 642 1506 facundos,
659 1467 719 1512 qui
736 1479 802 1511 pro
816 1467 983 1499 vehiculo
1000 1474 1082 1499 sunt
1096 1466 1131 1498 in

456 1519 529 1558 via,
559 1527 597 1551 ut
624 1518 741 1564 lepide
772 1519 904 1552 dictum
936 1519 1132 1552 invenimus

459 1571 551 1616 apud
570 1573 671 1605 Publ.
690 1573 768 1618 Syr.
794 1572 989 1605 Mimorum
1009 1572 1131 1617 script.

458 1625 493 1657 in
505 1625 706 1670 fragmentis
721 1635 815 1670 poet.
826 1625 933 1658 Henr.
948 1624 1133 1670 Stephani:

461 1696 474 1706 «
492 1679 617 1711 Comes
634 1678 803 1712 facundus
822 1679 858 1711 in
882 1679 935 1711 via
955 1691 1020 1723 pro
1036 1678 1134 1711 vehi-

461 1731 541 1764 culo
558 1739 618 1764 est.
643 1751 656 1760 n

514 1784 546 1817 3.
576 1786 695 1817 :lrclut
728 1785 916 1817 membrana.
945 1784 1020 1817 Hoc
1057 1793 1106 1817 est
1125 1809 1134 1822 ‚

461 1837 519 1881 qui
532 1837 655 1882 exiguo
666 1838 847 1871 volumine
861 1845 941 1870 sunt
953 1837 1137 1882 compacti.

460 1890 663 1924 Scribebant
686 1891 821 1936 antiqui
840 1891 878 1922 in
903 1890 1137 1930 membrani53

462 1951 497 1976 et
516 1944 649 1976 tabellis
662 1945 717 1977 vel
735 1944 849 1977 citreis
866 1944 920 1976 vel
932 1956 972 1976 ex
988 1943 1051 1976 alia
1068 1956 1139 1977 ma-

463 1996 548 2028 teria
575 1996 845 2030 includebantur
874 1997 974 2038 libri3
995 1997 1056 2041 qui
1070 2021 1079 2037 ,
1110 1997 1139 2029 si

464 2049 628 2083 arctiores
641 2059 674 2083 et
683 2051 835 2083 minores
846 2058 957 2083 essent
967 2075 974 2085 ‚
991 2058 1024 2082 et
1033 2062 1139 2082 mann

462 2103 540 2147 capi
577 2112 718 2148 possent
737 2130 745 2144 ‚
782 2104 886 2148 vulgo
922 2104 1140 2136 vocabantur

464 2156 675 2198 Enclziritliu3
698 2153 765 2195 (εν,
783 2157 882 2195 dans;
904 2169 970 2201 χειρ
983 2182 990 2196 ,
1011 2154 1139 2196 main),

463 2209 490 2240 si
507 2221 591 2242 vero
606 2212 752 2255 majores
765 2235 774 2249 ‚
798 2204 959 2241 vvolumina
975 2208 1139 2241 diceban-

465 2271 524 2294 tur
536 2287 544 2302 ,
566 2263 649 2307 quia
667 2263 787 2308 scripti
805 2271 902 2295 erant
919 2263 955 2294 in
974 2270 1140 2306 perpetua

464 2316 665 2348 membrana
677 2338 687 2356 ‚
701 2317 792 2348 circa
807 2315 970 2348 bacillum
986 2316 1139 2359 ligneum

466 2369 615 2400 involuta.

518 2425 551 2460 4.
583 2421 707 2453 Scrinia
744 2422 785 2453 da
818 2424 950 2465 magnis.
984 2421 1141 2465 Ingentia

462 2473 642 2506 volumina
670 2487 803 2519 repone
830 2473 946 2513 (lomi,
976 2482 1010 2506 et
1041 2486 1138 2506 serva

462 2525 499 2557 in
517 2528 660 2564 scrinio,
684 2526 722 2559 id
744 2536 794 2560 est
813 2527 850 2559 in
874 2528 998 2560 arculis
1021 2535 1055 2559 et
1081 2539 1137 2559 ca-

463 2579 533 2624 psis
546 2576 558 2617 (
573 2592 590 2611 a
608 2580 791 2611 secernendo
803 2579 904 2613 (lictis
918 2578 947 2621 );
967 2592 1029 2624 ego
1043 2592 1136 2619 vero,

462 2643 591 2676 nempe
605 2644 700 2664 meus
712 2632 847 2665 libellus
861 2658 869 2671 ‚
884 2633 1007 2678 gestari
1026 2633 1135 2672 facile,

463 2693 497 2718 et
515 2696 616 2718 manu
638 2697 712 2729 capi
730 2697 881 2730 possum.

1241 1205 1276 1236 6.
1306 1202 1362 1235 Me
1384 1203 1472 1235 duce.
1507 1203 1662 1235 Doce-nte
1687 1200 1803 1244 viam,
1829 1208 1864 1234 et

1188 1255 1416 1301 bibliopolam
1441 1262 1668 1288 monstrante.

1244 1321 1277 1352 7.
1300 1308 1436 1342 Secundi
1449 1316 1570 1342 contra
1582 1306 1742 1340 omnium
1760 1305 1863 1340 codd.

1189 1369 1224 1393 et
1237 1359 1316 1394 edd.
1330 1369 1415 1394 vett.
1430 1360 1535 1394 fidem
1551 1361 1636 1405 legit
1648 1359 1840 1393 Scriverius
1855 1385 1865 1400 ‚

1191 1425 1340 1457 eumque
1376 1422 1542 1459 sequutus
1575 1421 1626 1447 est
1662 1412 1864 1446 Farnabius.

1195 1467 1237 1498 At
1249 1464 1330 1498 vide
1343 1466 1501 1499 Turneb.
1518 1465 1662 1499 Aclvers.
1674 1466 1817 1507 XVIII,
1832 1466 1864 1498 3.

1191 1539 1242 1543 —
1267 1518 1395 1562 Qmere.
1418 1519 1615 1564 Bibliopola
1635 1527 1708 1551 erat
1726 1518 1787 1552 hic
1808 1518 1868 1551 Se-

1191 1569 1341 1604 cundus.
1377 1571 1528 1604 Librarii
1560 1572 1774 1605 vocabantur
1808 1571 1868 1616 qui

1191 1623 1299 1656 libros
1329 1624 1588 1667 exscribebant‚
1620 1633 1659 1657 ut
1686 1623 1782 1670 apud
1805 1636 1869 1657 nos

1196 1677 1403 1722 typographi
1426 1686 1506 1710 sunt
1524 1677 1548 1709 ii
1571 1678 1633 1723 qui
1652 1678 1744 1723 typis
1763 1676 1869 1710 eden-

1194 1729 1256 1762 dos
1290 1738 1414 1762 curant
1432 1743 1440 1771 ;
1475 1730 1673 1775 bibliopolae
1709 1739 1807 1763 erant
1845 1730 1869 1762 ii

1194 1795 1283 1827 quos
1305 1791 1338 1815 et
1352 1796 1414 1815 nos
1435 1795 1598 1816 vocamus
1617 1783 1811 1816 Marclzands
1832 1783 1871 1815 li-

1196 1836 1324 1869 brais-es.
1361 1837 1550 1869 Turnebus
1574 1862 1582 1876 ‚
1619 1836 1681 1868 lib.
1722 1836 1844 1868 XVIII
1858 1859 1869 1876 ‚

1196 1901 1270 1934 cap.
1287 1889 1360 1929 III,
1381 1890 1575 1934 suspicatur
1590 1889 1626 1921 in
1642 1896 1869 1933 patronorum

1195 1942 1329 1975 libertis
1349 1941 1509 1975 ordinem
1535 1940 1722 1987 quemdam
1744 1941 1849 1974 fuisse
1862 1967 1872 1983 ‚

1197 1994 1292 2040 quod
1317 1995 1416 2028 alteri
1442 1994 1533 2040 apud
1561 2003 1748 2040 patronum
1776 1994 1872 2040 prio-

1197 2061 1271 2081 rem
1293 2048 1408 2081 locum
1435 2048 1653 2088 obtinerent,
1673 2047 1769 2090 alteri
1790 2059 1872 2093 pro-

1197 2101 1330 2134 ximum
1345 2113 1353 2133 :
1374 2099 1523 2146 ideoque
1538 2101 1712 2133 Secundam
1728 2113 1800 2134 non
1815 2100 1874 2133 hic

1199 2167 1270 2187 esse
1289 2166 1419 2186 nomen
1447 2154 1631 2199 proprium
1650 2153 1766 2186 liberti
1779 2178 1789 2194 ,
1813 2151 1874 2186 sed

1199 2207 1314 2239 locum
1324 2208 1418 2240 hunc
1431 2206 1596 2240 indicare.
1609 2229 1660 2233 —
1671 2205 1877 2248 Scriverius,

1199 2268 1320 2293 contra
1354 2273 1472 2293 omnes
1497 2261 1605 2293 libros
1636 2260 1780 2301 scribit;
1809 2260 1874 2291 Lu-

1201 2316 1298 2345 censis
1328 2327 1431 2359 quaere
1465 2313 1624 2354 Secltndi3
1653 2321 1754 2358 putat
1782 2311 1875 2344 enim

1201 2366 1309 2399 verbo
1326 2368 1474 2399 Lucensis
1493 2367 1640 2412 patriam
1659 2364 1799 2410 patroni
1820 2363 1876 2397 Se-

1202 2419 1310 2453 cundi
1321 2445 1330 2461 ,
1347 2432 1417 2452 11011
1430 2432 1559 2452 nomen
1574 2418 1720 2451 indicari
1737 2431 1744 2449 z
1763 2425 1876 2458 certe,

1203 2472 1335 2506 etiamsi
1355 2472 1529 2504 Set-medum
1552 2471 1792 2509 admittamus,
1814 2482 1876 2515 pa-

1198 2534 1341 2558 tronum
1374 2526 1441 2558 hoc
1476 2537 1604 2557 nomen
1637 2523 1797 2556 habuisse
1826 2523 1877 2556 fa-

1196 2577 1342 2611 tendum
1364 2587 1434 2618 est;
1457 2590 1536 2611 nam
1560 2577 1624 2610 sihi
1647 2576 1873 2609 dominorum

1196 2630 1382 2664 adsciscere
1409 2631 1548 2663 nomina
1578 2630 1736 2663 solebant
1762 2629 1870 2667 servi,

1196 2697 1304 2728 quum
1325 2696 1428 2716 manu
1445 2684 1682 2717 mitterentur:
1700 2683 1745 2715 ita
1763 2682 1868 2714 liber-
