2061 3288
468 241 1052 284 EPIGRAMMATUM
1090 243 1215 286 LIB.
1255 245 1319 286 II.

1503 263 1592 309 19)

323 329 380 371 Et
399 337 501 388 toga
526 344 615 372 non
639 337 774 372 tactas
799 329 974 372 vincere
990 328 1109 388 jussa
1129 331 1251 374 nives
1273 348 1282 374 :

257 398 394 459 Cujus
421 398 508 443 olet
535 407 628 442 toto
658 399 831 460 pinguis
862 415 988 443 coma
1015 399 1307 455 Marcelian0‚

328 471 384 513 Et
415 468 643 530 splendent
667 469 792 514 vulso
817 470 993 514 brachia
1019 471 1121 515 trita
1145 471 1246 532 pilo.

258 541 357 583 Non
382 549 575 584 extrema
601 540 721 584 sedet
749 540 898 585 lunata
926 541 1089 603 lingula
1115 541 1286 603 planta,

242 667 276 704 4.
300 664 348 696 Et
377 672 463 708 toga.
494 663 593 697 Ordo
620 672 693 698 est:
717 673 751 698 et
769 665 865 699 lucet

189 725 266 762 toga
278 742 286 756 ,
307 725 371 750 etc.
393 739 444 743 —
459 716 534 750 Non
549 725 659 751 tactas.
680 718 788 752 Nullo
806 730 864 751 ve-

187 770 289 815 stigio
306 782 449 816 pressas.
466 792 518 797 —
531 771 662 803 Vincere
675 798 683 811 ,
699 779 763 806 etc.
783 772 865 805 Ful-

188 823 280 856 lonis
293 831 366 856 arte
376 822 531 856 dealbata
542 849 551 865 ‚
565 833 693 858 cretata
710 825 864 870 insuper.

188 875 277 909 Inde
311 875 394 910 dicti
426 885 525 910 erant
551 878 718 923 petitores
744 877 865 912 eandi-

192 928 285 970 dati,
304 942 375 962 non
405 929 503 975 quod
531 930 678 964 candida
707 940 784 977 toga
801 931 866 964 soli

189 991 373 1016 uterentur
393 1009 402 1024 ,
441 996 519 1029 quae
558 985 756 1018 communis
794 985 867 1019 fere

189 1036 348 1069 omnium
369 1045 456 1078 erat3
477 1035 537 1070 sed
550 1036 645 1082 quod
662 1037 708 1071 ita
725 1045 866 1080 cretata,

189 1088 376 1134 splendens
403 1098 436 1122 et
462 1089 610 1123 candida
638 1103 757 1124 eorum
779 1099 867 1125 esset

190 1151 268 1187 toga
295 1155 401 1187 opera
428 1143 596 1177 fullonica
620 1152 659 1177 ut
684 1144 867 1177 oculorum

190 1196 299 1228 aciem
318 1203 444 1239 praeter
462 1204 582 1230 caetera
605 1197 865 1242 perstringeret.

192 1249 396 1282 Ramiresz'us.

248 1302 281 1335 5.
316 1301 525 1334 Marcellano.
559 1301 637 1335 cod.
670 1303 753 1336 Vat.
785 1302 867 1337 Ald.

190 1355 290 1388 Junt.
326 1355 440 1388 Colin.
478 1363 543 1388 etc.
573 1376 622 1383 —
656 1356 866 1389 Marcellano.

192 1407 383 1452 Unguento
410 1407 587 1441 delibutus
608 1408 766 1442 Marcelii
801 1422 868 1442 un-

190 1460 383 1505 guentarii,
411 1462 508 1507 cujus
538 1462 776 1507 myropolium
810 1475 869 1496 ex·

192 1514 353 1547 hauserat
370 1527 481 1547 novus
499 1515 563 1548 iste
580 1527 695 1560 equeS.
715 1514 869 1557 Quidam

192 1575 395 1613 exponunt,
418 1566 514 1612 quod
538 1579 603 1613 per
632 1575 747 1602 totum
778 1569 872 1602 thea-

193 1628 287 1657 trum
321 1620 477 1654 Marcelli
507 1629 729 1666 spargeretur
759 1621 869 1658 odor,

195 1685 266 1718 quo
285 1673 445 1719 perfusus
466 1682 538 1707 erat
556 1674 614 1706 ille
632 1686 764 1709 servus.
786 1675 869 1708 Rad.

249 1728 282 1759 6.
309 1725 516 1760 Beverlandi
544 1726 617 1759 MS.
641 1727 770 1760 brachia
792 1737 871 1762 tota.

195 1800 246 1805 —-
272 1778 464 1824 Splendeat,
495 1788 560 1813 etc.
592 1779 755 1821 Pumice,
781 1793 872 1815 nuce

195 1831 343 1866 ardenti.
365 1834 525 1878 Dropace
545 1845 606 1865 seu
624 1833 798 1878 psilothro
816 1833 874 1867 de-

195 1885 289 1919 licati
315 1893 348 1918 et
374 1886 496 1919 molles
518 1898 552 1919 se
571 1885 770 1931 depilabant
787 1887 872 1921 levi-

195 1939 404 1984 gabantque.

252 2004 287 2036 7.
304 1993 380 2025 Non
392 2000 529 2024 extrema
542 1992 629 2025 sedet
640 1993 676 2025 iu
691 1991 771 2027 edd.
787 2000 872 2026 vett.

198 2043 278 2077 Ald.
296 2045 394 2078 Junt.
415 2045 530 2078 Colin.
552 2045 690 2090 Gryph.
714 2054 780 2079 etc.
798 2046 873 2080 Non

199 2098 341 2130 hesterna
382 2098 570 2131 Pulinanni
610 2097 715 2131 codd.
756 2098 875 2145 Cuique

199 2151 342 2182 hesterna
356 2150 439 2196 legit
454 2150 638 2185 Heralclus.
655 2152 730 2186 Non
746 2160 875 2185 externa

199 2204 320 2248 legunt
336 2203 403 2237 alii.
420 2203 482 2237 Hae
497 2217 601 2237 voces
619 2205 776 2237 hesternus
791 2231 800 2245 ‚
820 2219 874 2238 ex-

200 2264 302 2289 ternas
315 2283 322 2295 ,
346 2264 380 2290 et
400 2265 552 2289 extremus
572 2258 697 2302 passim
714 2259 749 2291 in
768 2257 874 2292 codd.

199 2309 489 2351 confunduntur,
518 2319 557 2343 ut
586 2323 642 2355 ap.
666 2311 765 2356 Virg.
795 2313 874 2344 [En.

200 2363 291 2395 VIII
305 2388 314 2403 ,
340 2363 421 2402 543.
447 2362 554 2397 Ovid.
569 2363 676 2396 Trist.
696 2364 729 2404 I,
753 2364 793 2405 3,
813 2368 873 2404 44.

201 2416 362 2460 Propert.
383 2417 422 2456 Ι,
448 2427 460 2448 1
479 2442 487 2456 ‚
510 2428 577 2459 293
600 2417 641 2455 Ι,
665 2416 704 2454 3,
729 2421 797 2456 44ς
816 2418 876 2457 ΙΙ,

201 2469 242 2508 6,
268 2480 308 2511 19
324 2483 332 2507 ς
351 2469 386 2501 II
401 2494 410 2510 ‚
435 2471 478 2501 16
493 2495 502 2509 ‚
527 2472 582 2508 4ο.
605 2468 697 2502 Vide
716 2470 875 2502 Broukh.

200 2519 245 2553 ad
263 2521 425 2567 Propert.
441 2523 476 2554 II
489 2548 496 2562 ‚
520 2522 560 2555 13
579 2548 588 2561 ,
611 2525 679 2563 403
697 2523 875 2555 Drakenb.

201 2572 245 2606 ad
267 2573 326 2607 Sil.
354 2576 430 2608 Ital.
463 2576 537 2615 IX,
572 2587 664 2617 209;
690 2576 806 2608 Burm.
834 2574 877 2609 ad

201 2626 332 2660 Lucan.
358 2629 397 2668 Ι,
429 2628 519 2668 3ι4,
549 2636 579 2660 et
605 2628 803 2661 Markland.
835 2627 878 2660 ad

204 2679 289 2711 Stat.
312 2680 394 2714 Silv.
413 2681 446 2718 I,
469 2694 504 2713 ·J.
534 2693 611 2713 100.
636 2682 759 2712 lamara
780 2682 878 2721 ligula

923 663 1004 698 Ald.
1035 666 1135 699 Junt.
1173 666 1291 701 Colin.
1325 667 1438 703 Pulm.
1467 676 1600 704 etc.—

924 719 998 752 Non
1018 727 1155 752 extrema
1174 720 1261 753 sedet
1281 721 1410 763 lunata,
1430 730 1515 762 etc.‚
1532 733 1597 759 etc.

925 771 1034 817 Cujus
1066 773 1102 805 in
1124 773 1239 807 calceo
1265 774 1381 808 altiori
1411 784 1445 810 et
1479 777 1599 812 lunula

923 825 1090 870 insignito
1119 834 1169 860 est
1197 827 1349 872 lingula,
1378 827 1438 862 sed
1462 842 1536 863 non
1563 833 1597 865 in

923 886 1077 912 extrema
1107 880 1249 925 planta3
1274 893 1354 914 nam
1381 882 1502 916 multae
1526 885 1602 918 aliae

924 944 1034 977 usque
1055 932 1091 965 in
1114 932 1271 966 medium
1293 947 1371 968 crus
1397 936 1599 972 ascendunt.

929 1005 965 1012 --
992 985 1202 1019 Senatorum
1219 987 1323 1021 calcei
1342 997 1441 1022 erant
1462 990 1601 1024 altiores

925 1046 959 1071 et
978 1037 1022 1072 ad
1044 1038 1196 1072 mediam
1215 1052 1325 1086 usque
1344 1041 1467 1075 tibiam
1485 1045 1602 1077 revin-

924 1091 972 1125 cti
986 1092 1070 1125 loris
1093 1092 1324 1138 quibusdam3
1343 1095 1510 1140 vulgareS‚
1526 1098 1604 1143 qui-

926 1144 989 1177 bus
1002 1145 1154 1191 populus
1171 1147 1336 1180 utebatur
1347 1173 1356 1189 ,
1372 1157 1470 1182 erant
1482 1149 1606 1185 demis-

927 1197 1032 1231 siores
1063 1198 1191 1244 vixque
1220 1212 1322 1245 supra
1351 1200 1479 1246 pedem
1511 1204 1603 1238 elati.

926 1250 1047 1285 Horat.
1074 1251 1135 1284 lib.
1163 1253 1180 1284 I
1196 1278 1204 1293 ‚
1230 1261 1291 1286 sat.
1316 1254 1355 1296 6,
1380 1253 1424 1287 de
1445 1264 1605 1290 senatore

925 1304 1074 1350 loquens
1089 1330 1098 1345 ,
1116 1304 1185 1338 ait:
1207 1305 1346 1351 «Nigris
1362 1307 1519 1341 medium
1539 1310 1605 1343 im-

926 1356 1038 1402 pediit
1048 1369 1127 1390 crus
1141 1357 1306 1392 Pellibus.
1316 1361 1482 1406 n—Ergo
1494 1364 1607 1397 existi-

927 1422 985 1442 mo
998 1409 1055 1442 hic
1066 1423 1084 1443 a
1094 1410 1255 1444 Martiale
1268 1412 1410 1457 ligulam
1424 1414 1517 1448 illam
1531 1428 1607 1461 quae

927 1463 965 1496 in
993 1461 1083 1508 pede
1110 1462 1207 1496 sedet
1226 1477 1288 1497 non
1312 1474 1482 1500 extremam
1512 1468 1582 1503 dici
1597 1497 1606 1511 ‚

928 1515 1008 1561 quia
1031 1516 1218 1561 stigmatias
1236 1517 1312 1558 ille,
1329 1519 1365 1551 in
1388 1532 1492 1565 quem
1513 1522 1610 1556 inve·

927 1569 1025 1602 hitur
1054 1569 1223 1603 Martialis
1240 1596 1250 1611 ,
1278 1572 1410 1606 calceos
1444 1576 1610 1619 patricios

929 1630 1080 1668 quatuor
1099 1623 1331 1669 corrigiarum
1350 1627 1537 1670 portabat,
1557 1637 1609 1663 at·

929 1687 999 1720 que
1021 1675 1067 1709 ita
1083 1676 1190 1720 ligula
1211 1676 1269 1709 illa
1292 1677 1411 1712 infima
1425 1705 1434 1721 ,
1450 1693 1528 1725 quae
1546 1694 1609 1727 pe-

930 1727 1008 1761 dem
1022 1728 1143 1774 tangit,
1157 1728 1251 1762 haud
1263 1743 1437 1776 quaquam
1454 1743 1608 1769 extrema

931 1789 1025 1823 erat3
1045 1794 1155 1827 quum
1182 1791 1303 1817 contra
1327 1784 1362 1817 in
1391 1786 1513 1820 calceis
1540 1789 1612 1833 ple-

931 1834 1018 1867 beiis
1044 1842 1197 1867 extrema
1219 1845 1327 1878 esset3
1348 1837 1398 1871 illi
1422 1839 1514 1873 enim
1538 1854 1611 1875 non

932 1887 1106 1921 habehant
1117 1888 1196 1921 alias
1209 1887 1284 1922 illas
1294 1890 1416 1934 ligulas
1427 1904 1503 1937 quae
1520 1894 1611 1928 inter

932 1952 967 1973 se
993 1940 1152 1985 implexae
1177 1953 1288 1986 usque
1312 1942 1355 1975 ad
1372 1956 1468 1978 suras
1491 1958 1610 1980 ascen-

933 1992 1073 2026 debant.
1106 1993 1228 2027 Ruben.
1272 2015 1320 2021 —
1355 1996 1549 2032 Farnabius
1579 2010 1612 2034 et

934 2046 1144 2079 Ramiresius
1168 2047 1370 2092 intelligunt
1388 2051 1534 2084 verbum
1551 2066 1612 2085 non

933 2107 1070 2131 extrema
1101 2112 1164 2145 per
1193 2100 1341 2141 lstoten,
1379 2104 1474 2147 quasi
1518 2098 1613 2139 dicat

935 2152 1104 2186 Martialis
1119 2165 1127 2186 :
1144 2153 1273 2198 lingula
1297 2153 1391 2187 inter
1406 2157 1536 2201 primas
1549 2171 1612 2193 nu-

936 2205 1117 2246 meranda,
1141 2214 1175 2239 et
1204 2206 1322 2239 multis
1345 2209 1541 2252 pretiosior.
1561 2234 1612 2239 —-

936 2258 1006 2291 Alii
1028 2259 1166 2304 legunt,
1191 2272 1251 2291 non
1273 2260 1431 2302 hesterna,
1457 2272 1491 2297 et
1513 2264 1612 2298 intel-

933 2311 1048 2356 ligunt
1061 2315 1093 2344 in
1105 2311 1170 2344 dies
1179 2325 1239 2355 per
1253 2313 1358 2346 lurum
1372 2323 1494 2348 mutata
1504 2344 1512 2355 ,
1529 2330 1613 2363 quo-

935 2363 1092 2409 tidieque
1119 2377 1208 2397 nova
1239 2378 1278 2398 ac
1304 2378 1434 2401 recens.
1460 2390 1513 2396 —
1541 2371 1610 2403 Alii

936 2416 1089 2462 denique
1125 2420 1234 2463 cuique
1271 2419 1435 2460 hesterna,
1466 2421 1502 2454 id
1534 2432 1608 2465 est,

936 2483 1046 2510 nova,
1078 2478 1116 2503 ut
1142 2479 1240 2504 notet
1268 2471 1363 2505 hunc
1383 2486 1520 2507 servum
1545 2476 1608 2510 ho-

937 2524 1067 2555 minem
1090 2536 1242 2562 novum,
1270 2533 1303 2558 et
1324 2525 1430 2560 hodie
1454 2529 1608 2572 primum

937 2576 1173 2609 nobilitatum.
1206 2577 1280 2610 Hoc
1318 2591 1417 2612 sensu
1453 2581 1589 2615 Persius
1603 2609 1610 2622 ‚

939 2628 1006 2661 Sat.
1022 2630 1075 2661 ΠΙ
1089 2653 1097 2662 ,
1115 2629 1202 2661 dixit
1218 2631 1372 2663 hester-nos
1392 2634 1529 2676 Quirites*
1546 2648 1611 2680 pro

940 2683 1038 2713 novis
1069 2683 1211 2714 civibus.
1243 2683 1383 2717 Judicet
1414 2686 1532 2719 lector.
1562 2704 1612 2709 —

1362 2755 1444 2800 13²
