2061 3288
470 224 566 273 258

844 229 907 271 M.
931 227 1072 271 VAL.
1112 227 1504 272 MARTIALIS

609 318 678 361 Da
705 317 877 360 veniam
901 333 910 359 ε
934 324 1144 377 properat
1168 316 1316 359 vivere
1338 333 1468 361 nemo
1494 317 1610 362 satis.

539 387 730 432 Differat
752 387 861 441 hoc,
886 387 1051 448 patrios
1076 395 1198 447 optat
1225 388 1298 448 qui
1326 388 1500 431 vincere
1530 404 1711 442 census,

610 459 816 519 Atriaque
847 457 1089 501 immodicis
1120 467 1260 502 arctat
1288 458 1561 520 imaginibus.

540 531 614 574 Me
644 529 793 584 focus,
815 538 858 572 et
885 529 1035 589 nigros
1065 544 1155 571 non
1185 528 1453 589 indignantia
1478 528 1621 574 fumos

609 603 743 645 Tecta
768 600 948 660 juvant,
971 609 1014 643 et
1041 598 1137 643 fons
1163 599 1314 655 vivus,
1343 609 1389 643 et
1411 600 1548 644 herba
1577 600 1711 644 rudis.

539 674 603 717 Sit
628 671 735 716 mihi
760 687 894 714 verna
920 679 1040 714 satur
1065 686 1073 712 :
1102 670 1155 713 sit
1184 686 1272 713 non
1301 669 1549 715 doctissima
1573 671 1761 731 conjux:

610 744 674 787 Sit
698 759 786 787 nox
812 759 912 786 cum
939 757 1094 785 somno
1118 757 1127 783 ε
1157 741 1213 784 sit
1237 741 1327 784 sine
1353 740 1426 785 lite
1451 740 1554 786 dies.

471 884 543 905 11011
555 870 635 903 facit
648 869 828 902 Martialis.
845 869 912 901 ΕΙ).
931 890 982 894 -—
1000 868 1068 901 iVec
1084 871 1151 899 ιἰιιι-

472 926 535 959 ulis
552 926 654 956 annis.
676 923 776 956 Sicut
802 921 926 955 divites
940 946 949 962 ,
975 921 1038 966 qui
1057 933 1150 953 sum-

470 987 572 1024 ptum
606 984 753 1022 possunt
779 976 892 1008 facere
913 972 1151 1014 commodius,

471 1032 519 1065 sic
547 1038 581 1063 et
609 1041 706 1062 senes
735 1027 834 1062 decet
861 1027 997 1068 otium,
1019 1026 1081 1072 qui
1101 1026 1151 1059 la-

469 1084 549 1118 bori
571 1091 657 1116 sunt
682 1082 844 1127 impares.
877 1081 928 1113 Ita
955 1080 1125 1113 Anchises
1141 1105 1150 1120 ‚

472 1135 610 1170 fEneid.
622 1135 683 1168 lib.
697 1136 745 1176 II,
756 1148 789 1169 v.
802 1138 874 1179 647
893 1132 1151 1177 ῖ«.Ιε11111)1·1(1ε,>111

470 1191 601 1224 invisus
625 1188 716 1222 divis
739 1197 773 1221 et
796 1187 930 1220 inutilis
952 1198 1060 1219 annos
1082 1187 1151 1218 De-

470 1255 602 1277 moror.
629 1259 641 1271 ¹·
668 1242 741 1275 Nec
758 1240 855 1274 dives
870 1266 878 1281 ‚
895 1252 960 1273 nec
978 1251 1082 1272 senex
1102 1247 1153 1272 est

470 1295 639 1330 Martialis
652 1321 661 1336 ,
681 1296 796 1340 etjam
818 1293 973 1327 feriatur.

526 1355 559 1391 4.
587 1350 746 1393 Properat
773 1350 887 1380 mirere.
919 1345 1005 1379 Vid.
1037 1345 1098 1378 lib.
1117 1346 1151 1386 I,

471 1403 581 1449 epigr.
600 1413 682 1442 xv1;
701 1401 761 1434 lib.
784 1401 838 1441 II,
859 1399 968 1446 epigr.
987 1411 1071 1440 L1x3
1090 1398 1152 1431 1111.

472 1458 537 1499 IV,
558 1455 670 1500 epigr.
691 1467 768 1495 L1v3
790 1453 851 1486 lib.
869 1453 916 1492 V,
936 1452 1046 1497 epigr.
1060 1464 1105 1484 xx
1120 1459 1153 1484 et

472 1508 663 1549 Lv11131ib.
678 1508 749 1540 VII
760 1533 770 1547 ,
784 1506 895 1552 epigr.
907 1517 1005 1537 XLvu
1021 1512 1055 1537 et
1069 1516 1152 1543 va;

471 1563 533 1596 lib.
556 1561 645 1594 VIII
661 1587 669 1601 ,
688 1561 796 1605 epigr.
815 1571 897 1592 xmv
918 1566 952 1591 et
974 1569 1107 1590 Lxxvn.

529 1617 562 1649 5.
594 1614 738 1656 Differat
767 1613 833 1645 l10c.
867 1612 947 1644 Non
976 1609 1154 1655 indulgeat

473 1668 576 1713 genio
600 1679 662 1700 suo
685 1667 712 1699 is
727 1691 736 1706 ‚
759 1666 820 1711 qui
841 1677 903 1698 suo
925 1671 1024 1709 patre
1045 1662 1154 1695 ditior

473 1722 548 1755 vult
569 1718 729 1754 evadere.

529 1776 564 1807 6.
616 1771 736 1806 Codex
781 1769 991 1804 Bodleianus
1015 1782 1022 1802 :

475 1826 674 1871 imaginibus.
694 1847 744 1851 —
763 1824 893 1857 Ari-tat.
915 1822 1076 1855 Arctiora
1095 1821 1155 1854 illa

474 1880 572 1926 quasi
602 1879 704 1919 facit,
736 1878 938 1910 innumeras
966 1873 1155 1908 inserendo

473 1932 661 1979 imagines,
679 1942 755 1977 quae
767 1942 908 1963 omnem
920 1929 1036 1961 locum
1056 1939 1156 1960 occu-

473 1995 571 2032 pant.
597 1986 663 2019 Et).
684 2004 736 2010 —-
754 1982 959 2027 Imaginibus.
980 1981 1156 2026 Majorum

475 2039 642 2085 imagines
661 2037 724 2083 qui
749 2035 908 2082 praeclari
931 2033 1063 2080 aliquid
1082 2046 1156 2079 ges-

476 2100 591 2126 serant
608 2117 618 2133 ,
637 2090 905 2124 collocabantur
926 2089 962 2121 in
981 2087 1076 2121 atriis
1096 2098 1157 2120 seu

475 2147 513 2179 in
545 2145 661 2192 primo
688 2144 779 2176 intra
808 2141 897 2175 aedes
925 2140 1050 2183 aditu,
1071 2139 1157 2173 inde

477 2198 521 2233 ad
551 2197 815 2244 triumphorum
833 2222 842 2237 ,
873 2195 1061 2234 funerum,
1090 2201 1154 2226 etc.

477 2264 647 2298 pompam
672 2248 905 2296 proferendae.
931 2248 1058 2280 Juven.
1085 2246 1157 2280 Sat.

480 2305 589 2346 VIII,
610 2317 621 2337 1
639 2317 647 2338 :
664 2303 873 2336 «Stemmata
892 2300 978 2347 quid
999 2298 1157 2334 faciunt?

482 2357 569 2404 quid
587 2356 730 2403 prodest
743 2382 751 2396 ‚
770 2355 933 2396 Pontice,
947 2354 1053 2398 longo
1071 2352 1156 2385 San-

482 2411 589 2456 guine
603 2409 757 2449 censeri,
773 2409 957 2455 pictosque
974 2404 1157 2439 ostendere

481 2464 598 2496 vultus
616 2463 792 2509 Majorum
805 2488 812 2501 ‚
832 2469 866 2494 ct
882 2467 1009 2494 stantes
1025 2460 1062 2492 in
1080 2471 1160 2492 cur-

480 2517 580 2549 ribus
610 2515 838 2555 AEmilianos,
860 2513 905 2547 Et
935 2512 1062 2547 Curios
1088 2513 1159 2558 jam

482 2567 648 2602 dimidios
666 2595 674 2610 ,
711 2568 944 2612 humerosque
987 2566 1159 2598 minorem

484 2622 698 2661 Corvinum,
716 2629 750 2653 et
765 2621 912 2653 Galbam
929 2619 1092 2652 auriculis
1103 2630 1161 2650 na-

482 2687 591 2721 soque
614 2674 810 2709 carentem?
828 2691 839 2702 u
857 2673 900 2706 Et
919 2672 1027 2706 infra:
1046 2689 1059 2702 κ
1074 2672 1159 2712 Quis

1063 1775 1156 1813 aptat

1210 867 1344 900 fructus
1368 868 1505 913 generis
1536 869 1654 902 tabula
1679 870 1807 915 jactare
1831 881 1888 902 ca·

1210 921 1287 965 paci
1311 921 1508 955 Corvinum
1523 947 1533 963 ,
1554 930 1588 955 et
1608 922 1756 968 posthac
1777 922 1887 956 multa

1209 972 1384 1007 deducere
1412 975 1505 1020 virga
1531 975 1701 1008 Fumosos
1729 976 1887 1021 equiturn

1211 1038 1290 1059 cum
1311 1026 1480 1061 dictatore
1499 1028 1691 1072 magistros.
1715 1045 1728 1058 n

1266 1092 1299 1124 7.
1331 1081 1381 1112 Ec
1401 1082 1509 1125 nigros
1539 1093 1601 1113 non
1614 1108 1622 1121 ‚
1654 1090 1718 1115 etc.
1750 1079 1792 1114 Id
1814 1089 1889 1121 est,

1210 1145 1282 1165 11011
1302 1133 1476 1178 laquearia
1497 1146 1581 1167 auro
1601 1134 1792 1168 incrustata
1805 1159 1814 1174 ‚
1836 1134 1890 1167 vel

1212 1186 1339 1219 variata
1355 1187 1544 1227 coloribus,
1562 1200 1638 1232 quae
1650 1200 1695 1220 ne
1708 1187 1806 1220 fumo
1817 1199 1892 1220 cor-

1211 1248 1441 1284 rumpantur,
1463 1240 1578 1273 cautio
1601 1248 1652 1273 est
1673 1266 1683 1280 ,
1717 1239 1778 1274 sed
1802 1247 1890 1273 tecta

1210 1292 1337 1325 humili
1380 1293 1643 1338 contignatione
1685 1301 1865 1340 compacta
1882 1319 1890 1332 ‚

1211 1357 1289 1391 quae
1319 1345 1345 1379 si
1384 1346 1480 1379 fumo
1509 1346 1729 1379 infuscentur
1746 1373 1756 1386 ,
1796 1346 1890 1379 nulla

1209 1400 1344 1443 jactura
1365 1398 1419 1431 sit.

1268 1452 1302 1484 8.
1334 1452 1385 1483 Et
1404 1452 1483 1494 fims
1512 1453 1602 1484 vivus
1616 1478 1624 1491 ‚
1659 1459 1783 1485 natura
1816 1451 1891 1497 ipsa

1212 1504 1424 1546 scaturiens,
1453 1517 1525 1537 non
1554 1504 1762 1549 conquisitis
1785 1504 1891 1549 longo

1211 1557 1331 1589 labore
1371 1564 1404 1589 et
1445 1566 1588 1602 sumptu
1628 1557 1892 1602 aquaeductibus

1213 1621 1277 1643 nec
1296 1610 1390 1643 tubis
1408 1609 1451 1643 ad
1470 1611 1686 1656 voluptatem
1709 1624 1750 1644 ex
1771 1611 1893 1643 metal-

1212 1663 1247 1695 lo
1267 1662 1475 1696 fabrefactis.
1489 1685 1542 1689 ——
1555 1663 1665 1696 Herba
1684 1664 1782 1697 rudis.
1802 1663 1893 1697 Gra-

1212 1715 1308 1748 mina
1340 1728 1401 1749 sua
1437 1724 1561 1762 sponte
1593 1717 1770 1751 nascentia
1786 1741 1796 1757 ‚
1827 1728 1893 1750 nec

1213 1768 1333 1801 otiosis
1359 1768 1522 1802 ordinata
1548 1771 1706 1814 myrtetis
1720 1796 1730 1813 ,
1749 1777 1789 1803 ut
1805 1768 1895 1803 dixit

1213 1821 1275 1854 lib.
1299 1821 1372 1864 HI,
1392 1822 1503 1868 epigr.
1522 1834 1628 1856 LVIII.

1269 1886 1302 1918 9.
1327 1874 1433 1907 Verna
1452 1882 1551 1908 satur.
1575 1874 1672 1908 Servi
1695 1874 1803 1909 saturi
1823 1875 1893 1909 ala-

1214 1928 1320 1960 criter
1337 1928 1495 1961 serviunt
1506 1953 1515 1969 ‚
1531 1939 1596 1961 nec
1611 1937 1892 1974 conqueruntur,

1214 1992 1279 2014 nec
1310 1980 1467 2014 convivis
1499 1979 1673 2014 invident.
1702 1981 1782 2015 Lib.
1812 1981 1867 2014 ΙΠ
1884 2007 1894 2022 ,

1215 2034 1325 2079 epigr.
1353 2046 1445 2066 LVIII
1463 2045 1472 2066 ε
1492 2048 1506 2061 <1
1526 2034 1728 2067 Vescuntur
1749 2047 1870 2067 omnes
1884 2060 1894 2076 ‚

1215 2087 1386 2132 ebrioque
1407 2099 1479 2119 non
1495 2087 1597 2120 novit
1615 2087 1718 2121 Satur
1736 2087 1895 2121 minister

1216 2138 1375 2173 invidere
1391 2140 1560 2174 convivae.
1584 2157 1598 2170 »²
1618 2162 1671 2167 —
1689 2140 1765 2174 Non
1782 2140 1895 2173 doctis-

1217 2195 1294 2226 sima
1313 2195 1440 2238 conjux.
1462 2193 1548 2235 Quae
1565 2193 1658 2226 enim
1678 2192 1801 2235 docta,
1818 2194 1895 2240 ple-

1216 2258 1368 2292 rumque
1383 2246 1527 2280 molesta
1544 2254 1607 2280 est.
1621 2247 1818 2286 Juvenalis,
1830 2254 1894 2280 sat.

1218 2300 1291 2341 VI,
1314 2300 1385 2339 448
1408 2312 1416 2333 :
1442 2317 1455 2329 «
1472 2300 1552 2333 Non
1572 2299 1698 2333 habeat
1715 2307 1893 2338 matrona,

1217 2353 1281 2386 tibi
1301 2365 1378 2398 quae
1390 2354 1511 2398 juncta
1532 2353 1727 2395 recumbit,
1746 2351 1894 2386 Dicendi

1217 2418 1347 2451 genus,
1365 2414 1424 2439 aut
1443 2414 1582 2439 curtum
1602 2418 1761 2439 sermone
1779 2413 1895 2438 rotato

1217 2459 1395 2504 Torqueat
1424 2459 1669 2504 enthymema,
1697 2470 1762 2491 uec
1784 2458 1895 2491 histo-

1217 2512 1286 2545 rias
1305 2512 1391 2545 sciat
1408 2525 1539 2545 omues,
1561 2529 1574 2540 u

1276 2577 1329 2598 10.
1352 2565 1426 2598 Sine
1445 2565 1497 2597 lite
1518 2565 1594 2598 dies.
1617 2564 1694 2597 Lib.
1715 2564 1762 2604 V,
1783 2563 1895 2609 epigr.

1220 2630 1262 2650 xv
1280 2630 1287 2650 :
1313 2636 1325 2647 «
1344 2619 1415 2651 Nec
1438 2618 1515 2650 lites
1535 2617 1692 2658 tetricas,
1708 2617 1896 2661 forumque

1220 2671 1317 2704 triste
1339 2671 1535 2704 Nossemus.
1560 2687 1571 2699 ›>
