2061 3288
477 228 1066 273 EPNJRAMMATUM
1107 227 1235 270 Llss.
1276 227 1361 269 lv.
1530 222 1627 278 „53²3

825 385 1019 442 LXII.

1083 523 1099 538 η.

745 545 804 572 DE
854 544 1059 572 LYCORI.

285 672 434 715 TIBUR
456 670 500 713 in
523 669 788 714 Herculeum
815 669 1017 730 migravit
1048 670 1170 729 nigra
1197 669 1404 728 Lycoris,

353 741 515 785 Omnia
540 741 645 784 dum
671 740 763 784 fieri
789 739 974 785 eandida
1000 739 1137 784 credit
1161 739 1230 782 ibi.

266 874 279 889 ⁸*
296 881 459 925 Lycoris,
476 878 644 913 deformis
661 889 694 913 et
710 880 804 914 fusca
817 893 890 913 mu-

217 933 281 966 lier
298 958 307 973 ‚
329 945 407 978 quae
426 935 549 978 nigrior·
569 933 698 966 cadente
718 946 803 966 moro
815 960 824 973 ,
846 946 892 965 ce-

212 994 335 1018 russata
363 985 424 1019 sibi
446 986 594 1032 placebat
620 984 687 1027 (ut
714 986 761 1019 ait
786 986 891 1020 Poeta

212 1039 273 1071 lib.
289 1040 325 1079 Ι,
341 1039 449 1084 epigr.
468 1038 606 1080 LxxnI)
620 1065 627 1079 ,
648 1052 756 1085 quum
771 1040 891 1073 Romae

211 1103 282 1124 non
305 1105 430 1138 magno
447 1093 482 1125 in
505 1092 620 1137 pretio
641 1102 729 1126 esset
742 1117 752 1132 ‚
778 1101 813 1126 et
831 1105 891 1125 au-

211 1144 330 1178 diisset
348 1146 468 1179 omnia
487 1146 621 1179 Tibure
635 1145 784 1179 candida
799 1146 890 1187 fieri,

211 1198 325 1231 Tibur
346 1198 519 1243 migravit.
544 1199 631 1240 Quis
650 1207 767 1232 autem
787 1199 892 1232 fuerit

213 1250 348 1284 itineris
364 1263 554 1290 successus,
569 1252 622 1285 vis
637 1252 743 1293 scire,
760 1251 892 1285 lector?

213 1302 268 1336 adi
282 1305 342 1338 lib.
355 1305 426 1337 VII
438 1330 446 1345 ‚
464 1305 574 1350 epigr.
590 1317 680 1339 XIII:
699 1323 712 1336 α
726 1306 820 1338 Dum
830 1305 891 1338 Ti-

211 1357 364 1390 burtinis
403 1358 578 1391 albescere
617 1357 750 1391 solibus
791 1357 893 1392 audit

211 1409 360 1455 Antiqui
379 1409 493 1443 dez-itis
518 1411 612 1444 fusca
625 1411 770 1456 Lycoris
791 1412 892 1453 ebur,

213 1463 322 1496 Venit
358 1463 395 1496 in
422 1463 616 1498 Herculeos
644 1464 760 1497 colles.
794 1463 892 1505 Quid

212 1515 358 1549 Tiburis
373 1516 432 1549 alti
442 1518 536 1550 Aura
549 1517 786 1551 valet?Parv0
801 1525 890 1550 tem-

212 1581 299 1613 pore
321 1570 420 1614 nigra
436 1568 538 1604 redit.
557 1588 570 1600 »ι
593 1570 660 1604 Hic
682 1578 800 1604 autem
818 1583 891 1603 non

214 1621 334 1655 dentes
355 1630 492 1656 tantum
511 1623 572 1656 sed
592 1626 695 1656 omnia
717 1624 890 1657 albescere

213 1675 383 1719 sperabat.
396 1675 479 1709 vid.
499 1684 531 1710 et
547 1677 608 1709 lib.
624 1677 640 1708 Ι
654 1703 661 1716 ,
674 1677 784 1721 epigr.
808 1688 888 1709 0111.

1009 892 1040 912 1.
1061 877 1270 912 Beverlandi
1293 877 1367 912 MS.
1391 876 1547 918 exhibet,
1574 890 1630 909 ma-

949 934 1056 976 gravit
1079 934 1175 975 filsea
1207 932 1360 978 Lycoris,
1387 939 1424 964 ut
1454 930 1556 964 infra.
1583 952 1631 956 ——-

951 985 1152 1018 Herculeam.
1183 985 1235 1017 Ita
1263 992 1410 1017 vocatur
1432 984 1478 1016 ob
1499 983 1633 1028 insigne

950 1039 1071 1072 sanum
1081 1039 1241 1071 Herculis
1251 1037 1301 1071 ibi
1312 1045 1537 1070 exstructum.
1547 1035 1630 1069 Vid.

950 1092 1010 1126 lib.
1030 1093 1046 1124 I
1059 1116 1068 1132 ‚
1087 1091 1194 1137 epigr.
1217 1103 1286 1124 1111
1306 1117 1314 1132 ,
1332 1103 1383 1124 VS.
1405 1103 1436 1124 1.

1008 1158 1039 1178 2.
1061 1145 1178 1178 Omnia
1200 1145 1272 1177 dum
1286 1143 1363 1189 fieri
1386 1143 1524 1175 candida
1537 1167 1545 1179 ,
1566 1151 1630 1176 etc.

950 1198 1049 1231 Ebur
1074 1211 1093 1232 a
1123 1196 1349 1242 frigidissima
1378 1196 1522 1229 Tiburis
1550 1208 1631 1228 aura

950 1250 1139 1284 candorem
1157 1251 1212 1284 vel
1229 1263 1365 1296 semper
1381 1249 1531 1283 retinere
1543 1275 1554 1289 ,
1579 1250 1633 1281 vel

951 1304 1055 1338 etiam
1085 1316 1211 1350 augere
1238 1303 1442 1344 dleebatur3
1461 1310 1500 1335 ut
1530 1311 1632 1336 testa-

951 1365 1009 1391 tur
1024 1357 1158 1391 Plinius
1170 1383 1178 1399 ‚
1193 1366 1227 1390 et
1246 1356 1350 1390 Silius
1364 1356 1505 1390 Italicus
1517 1382 1525 1397 ,
1548 1354 1633 1388 dum

952 1410 1071 1444 canit:
1104 1428 1116 1440 «
1142 1422 1349 1456 semperque
1374 1421 1507 1442 novum
1536 1408 1633 1453 quod

952 1463 1096 1497 Tiburis
1130 1476 1212 1497 aura
1247 1464 1360 1496 Pascit
1392 1463 1542 1503 ebur»,
1570 1462 1632 1496 ubi

948 1520 1053 1560 pascit
1063 1516 1164 1557 dicit,
1178 1529 1242 1563 pro
1256 1523 1426 1550 sustentat
1443 1523 1475 1548 et
1493 1527 1633 1548 conser-s

951 1577 1029 1603 vat:
1056 1578 1090 1603 et
1108 1571 1268 1615 Propert.
1297 1570 1357 1602 lib.
1382 1569 1446 1609 IV,
1468 1568 1554 1613 eleg.
1580 1581 1599 1612 7
1624 1580 1629 1599 .¹

956 1641 969 1653 ι(
990 1623 1164 1657 Herculeo
1178 1635 1358 1668 nunquam
1373 1621 1517 1654 numine
1529 1621 1633 1666 pallet.

952 1677 1051 1709 ebur.
1077 1695 1089 1706 ›‚

806 1819 1044 1873 LXIII.

707 1977 770 2004 DF.
811 1955 1137 2005 CAERELL1A.⁸

285 2102 403 2144 DUM
432 2100 541 2160 petit
562 2115 586 2142 a
609 2099 753 2145 Baulis
776 2110 913 2144 mater
937 2098 1133 2145 Caerellia
1160 2101 1309 2152 Baias,

271 2237 286 2250 *
306 2239 419 2273 Deflet
434 2239 598 2272 Caerelliae
622 2239 802 2286 cujusdam
819 2253 893 2273 ma-

220 2291 281 2324 tris
316 2304 453 2333 casum,
477 2304 553 2337 quae
585 2305 695 2337 quum
729 2305 748 2326 a
779 2293 894 2326 Baulis

218 2352 352 2389 peteret
379 2344 497 2385 Baias,
523 2345 703 2390 naufragio
725 2345 831 2391 periit
857 2346 892 2379 in

218 2410 260 2430 eo
277 2397 379 2431 freto.

276 2461 306 2482 1.
330 2449 465 2483 Caerelia
486 2451 522 2483 in
545 2450 624 2484 edd.
646 2458 728 2483 vett.
758 2450 895 2484 Cerellia

219 2502 338 2536 Heius.
350 2502 393 2536 ad
407 2503 473 2536 Ov.
492 2504 568 2537 Art.
587 2502 739 2536 Amandi
755 2504 791 2544 I,
809 2503 893 2538 255.

219 2577 267 2582 —-
296 2556 420 2590 Baulis.
445 2557 647 2590 Vocabatur
671 2556 757 2589 olim
789 2557 895 2590 Boau-

221 2609 262 2641 lia
282 2635 289 2648 ,
322 2608 451 2643 deiude
486 2617 650 2655 corrupta
680 2621 766 2643 voce
794 2610 894 2643 Bauli

220 2660 332 2703 dicta,
361 2671 397 2695 ut
420 2662 647 2708 Symmachus
673 2664 747 2707 ejus
775 2671 891 2708 postea

954 2241 1045 2273 villae
1064 2238 1231 2273 dominus
1254 2239 1376 2273 scribit
1393 2251 1401 2272 :
1424 2256 1437 2268 «
1454 2240 1532 2273 Huc
1548 2239 1634 2274 deus

955 2291 1094 2326 Alcides
1113 2291 1319 2326 stabulanda
1344 2300 1500 2326 armenta
1522 2295 1633 2338 coegit

956 2346 1065 2378 Eruta
1083 2345 1259 2390 Gorgonis
1279 2344 1323 2378 de
1341 2346 1413 2378 lare
1433 2347 1632 2391 tergemini.

956 2397 1044 2431 Inde
1062 2410 1183 2431 recens
1199 2406 1278 2432 aetas
1298 2406 1464 2444 corrupta
1486 2400 1632 2432 Boaulia

955 2451 1086 2484 Baulos
1105 2452 1296 2495 Nuncupat
1316 2452 1454 2484 occulto
1476 2452 1630 2485 nominis

955 2503 1100 2537 indicio.
1119 2503 1174 2537 Ab
1195 2502 1278 2537 divo
1307 2503 1353 2537 ad
1377 2516 1542 2550 proceres
1568 2505 1633 2538 do-

954 2557 1070 2590 minos
1080 2557 1236 2590 Fortuna
1254 2557 1423 2597 cucurrit,
1438 2558 1543 2591 Fama
1562 2558 1628 2591 loci

955 2610 1121 2644 obscuros
1143 2623 1187 2643 ne
1205 2618 1383 2656 pateretur
1400 2611 1518 2644 heros.
1533 2610 1631 2643 Hanc

954 2663 1143 2697 celebravit
1178 2676 1286 2709 opum
1317 2663 1399 2696 felix
1427 2663 1632 2696 Hortensius

1337 2725 1426 2790 203
