2061 3288
443 232 1022 280 EPIGRAMMATUM
1062 233 1187 274 LIB.
1228 233 1312 274 IV.

1483 230 1581 286 403

312 327 393 370 Hic
422 325 495 368 ubi
521 335 719 386 septenas
742 321 939 384 Cyllarus
964 321 1107 364 hausit
1129 335 1283 380 aquas;

244 399 332 442 Vos
359 397 475 440 eritis
504 405 662 440 nostrae
689 405 840 455 portus
866 393 1119 453 requiesque
1143 399 1349 444 senectae,

307 469 349 511 Si
370 466 476 527 juris
503 466 663 510 fuerint
683 467 771 509 otia
792 474 939 508 nostra
960 464 1037 507 sui.

169 604 360 638 decurrens
382 587 549 651 aquar‘um
569 606 686 650 copia,
702 614 739 638 ut
755 607 849 637 mam

163 660 241 700 sons
277 659 494 704 appelletur,
525 666 560 692 et
599 657 734 692 dicatur
766 672 849 691 mare

170 714 269 757 ipsum
286 725 304 745 a
320 712 471 757 Virgilio
483 737 492 752 ‚
508 712 586 745 loco
603 723 707 756 supra
723 712 847 745 citato:

175 766 236 797 «lt
268 778 361 798 mare
391 773 603 811 proruptum
622 789 632 803 ,
663 773 697 798 et
726 765 848 810 pelago

171 819 298 863 premit
321 830 400 851 arva
419 819 564 851 sonanti.
585 836 597 847 ι»
621 819 688 851 En.

226 874 259 904 6.
284 872 443 918 Cyllarus.
465 871 585 916 Equus
609 871 763 905 Castoris
785 872 847 917 qui

171 923 215 957 ad
232 924 299 957 hoc
319 925 399 957 litus
420 925 556 970 appulit
571 938 651 958 cum
671 927 848 971 Argonau-

172 977 225 1010 tis.
246 976 338 1010 Vide
355 978 415 1010 lib.
440 978 531 1010 VIII
546 1004 554 1019 ‚
578 979 687 1023 epigr.
708 990 822 1012 xxvln
837 1005 847 1019 ,

171 1043 222 1063 vs.
248 1043 266 1074 7
292 1040 325 1064 et
354 1032 373 1064 8
398 1043 406 1063 :
435 1048 447 1059 u
469 1032 523 1064 An
551 1040 607 1064 tua
631 1031 846 1065 multifidum

173 1084 370 1117 numeravit
396 1084 472 1117 lana
499 1085 704 1126 Timavum,
732 1086 847 1126 Quem

171 1136 269 1181 prius
309 1137 465 1170 astrifero
503 1138 663 1183 Cyllarus
699 1151 759 1171 ore
793 1139 845 1171 bi·

172 1189 235 1222 bit.
259 1206 272 1218 »
293 1190 359 1223 En.
378 1191 450 1223 Etsi
482 1203 553 1224 non
584 1192 768 1224 comitatus
797 1201 847 1225 est

174 1242 333 1287 Cyllarus
352 1243 528 1277 Castorem
551 1245 586 1276 in
605 1245 823 1287 navigatione
837 1270 847 1286 ‚

909 610 1010 647 poeta
1022 612 1118 633 more
1130 601 1269 646 poetico
1282 600 1451 645 loquitur,
1460 608 1493 634 et
1503 602 1584 645 quia

909 656 1032 689 Castor
1048 653 1092 687 ad
1105 666 1166 687 ora
1184 654 1322 687 Timavi
1337 652 1471 687 delatus
1491 663 1582 695 erat,

908 708 1011 741 illum
1034 720 1123 753 equo
1147 707 1317 753 significat
1335 719 1398 753 per
1423 714 1585 752 metony-

909 761 1015 794 niam.
1034 760 1152 794 Rader.

964 827 997 859 7.
1020 815 1083 847 Vos
1108 816 1204 847 eritis.
1232 814 1346 859 Hujus
1371 814 1445 846 voti
1467 813 1585 846 imme·

907 880 985 901 mor
1004 869 1059 900 vel
1073 880 1144 901 non
1165 880 1308 913 compos
1332 867 1398 900 fuit
1417 867 1585 900 Martialis

907 934 1011 967 quem
1049 921 1084 953 in
1116 921 1281 966 Hispania
1311 920 1429 953 Bilbili
1459 920 1585 953 obiisse

907 982 1054 1008 constat.

965 1029 999 1062 8.
1017 1027 1053 1060 Si
1067 1029 1174 1072 juris,
1199 1035 1261 1060 etc.
1284 1026 1318 1059 Si
1338 1038 1417 1059 meo
1440 1026 1586 1060 arbitrio

907 1081 1052 1114 otiosam
1065 1092 1279 1125 componere
1295 1079 1381 1112 mihi
1400 1088 1523 1125 potero
1539 1091 1589 1111 se-

907 1142 1103 1174 nectutem,
1134 1142 1168 1167 et
1195 1134 1312 1166 locum
1333 1133 1460 1178 eligere
1482 1145 1586 1165 amoe—

908 1200 1012 1228 num,
1042 1187 1103 1219 ubi
1132 1187 1259 1219 ultimo
1287 1185 1440 1231 jucunde
1475 1186 1589 1231 sopiar

910 1253 1043 1273 somnO.
1061 1240 1127 1272 Eo.

762 1383 997 1437 XXVI.

1129 1517 1146 1534 κ

614 1538 682 1565 ΑΙ)
732 1538 1109 1567 POSTHUMUM.

248 1662 391 1717 QUOD
421 1670 464 1703 te
490 1675 615 1703 mane
641 1660 760 1704 domi
793 1670 886 1705 toto
917 1678 1005 1705 nou
1033 1661 1219 1705 vidimus
1246 1678 1386 1718 anno,

317 1732 394 1775 Vis
420 1730 560 1774 dicam
576 1766 588 1784 ‚
609 1741 819 1791 quantum
834 1766 845 1788 ,
867 1732 1126 1788 Posthume‚
1147 1733 1441 1794 perdiderim?

247 1803 477 1856 Tricenos,
503 1811 634 1862 puto,
659 1802 747 1855 bis3
774 1803 950 1847 vicenos
976 1813 1063 1859 ter,
1086 1814 1216 1864 puto,
1242 1821 1459 1848 nummos.

313 1874 541 1933 Ignosces;
562 1871 780 1934 togulam,
802 1873 1063 1929 Posthume,
1086 1872 1222 1934 pluris
1246 1890 1356 1918 emo.

230 2008 245 2022 '¹
277 2013 465 2058 Comparat
496 2013 680 2057 pecuniam
707 2013 854 2046 salutato

179 2073 328 2110 patrono
348 2074 522 2111 acceptam
541 2078 622 2099 cum
635 2066 750 2112 pretio
766 2075 855 2111 togae

179 2119 325 2151 salutato
355 2127 505 2163 patrono
526 2119 638 2161 tritae,
656 2118 752 2165 quod
776 2120 854 2165 qui-

179 2170 258 2204 dem
277 2184 386 2217 quum
406 2173 516 2217 majus
534 2172 590 2213 sit,
607 2171 769 2206 valedicit
791 2185 853 2218 pa-

181 2231 295 2257 trono.
316 2223 400 2257 Vid.
423 2225 484 2258 lib.
499 2225 550 2257 IX
566 2249 575 2265 ‚
596 2225 704 2270 epigr.
721 2238 767 2258 CI.
784 2226 852 2258 En.

238 2288 251 2308 1
262 2303 269 2309 .
291 2277 389 2309 Mane
404 2290 465 2309 non
476 2278 622 2310 vidimus.
635 2277 677 2311 Id
697 2287 746 2311 est
756 2304 765 2319 ,
783 2291 855 2311 non

180 2329 402 2363 salutavimus
417 2355 426 2371 ‚
446 2338 484 2362 ut
502 2330 643 2364 clientes
661 2331 785 2364 solent.

235 2383 271 2414 3.
295 2381 414 2415 Codex
434 2383 617 2416 Pulmanni
638 2384 796 2425 exhibet,
818 2385 855 2416 de

181 2437 295 2467 nostris
316 2444 458 2480 computo
478 2439 619 2469 nummis.
635 2455 687 2461 —
709 2438 856 2469 Tricenos

176 2495 276 2531 puto,
303 2487 374 2527 bis;
395 2492 520 2521 vicenos
540 2497 596 2521 ter.
615 2489 782 2535 Plerique
802 2489 854 2522 in-

181 2548 368 2586 terpretes,
388 2540 479 2575 inter
498 2554 585 2587 quos
601 2540 779 2583 Raderus‚
796 2541 856 2575 ad-

181 2592 271 2626 dunt
285 2594 436 2638 priorem
449 2607 638 2627 numerum
652 2596 854 2640 posteriori:

914 2012 1009 2046 unde
1026 2013 1066 2046 fit
1085 2014 1240 2059 sportula
1260 2026 1375 2047 annua
1394 2022 1534 2048 centum
1555 2025 1590 2050 et

914 2066 1038 2111 viginti
1058 2079 1303 2109 nummorum,
1322 2076 1448 2109 nostrae
1470 2079 1590 2103 mone-

914 2127 956 2152 tae
971 2119 1106 2153 circiter
1123 2133 1140 2152 2
1150 2133 1166 2153 2
1183 2120 1400 2156 francorum:
1412 2128 1445 2153 at
1458 2121 1588 2155 aestimo

913 2173 1030 2218 potius
1061 2181 1200 2218 poetam
1239 2172 1397 2207 eamdem
1430 2175 1588 2218 pecuniae

915 2239 1086 2259 summam
1099 2226 1224 2259 iterare
1241 2238 1282 2259 eo
1296 2226 1443 2259 consilio
1453 2253 1462 2268 ‚
1477 2236 1516 2261 ut
1530 2240 1587 2260 ex-

914 2279 1092 2323 iguitatem
1112 2279 1235 2312 fortius
1252 2287 1362 2313 notet.
1385 2280 1452 2313 ΕΙ).

968 2336 1000 2371 4.
1024 2332 1133 2364 Pluris
1160 2345 1235 2364 emo.
1265 2333 1379 2377 Atque
1405 2333 1485 2366 ideo
1508 2334 1587 2379 plus

915 2384 1034 2417 damni
1048 2384 1136 2417 facio
1148 2393 1243 2417 tuam
1255 2384 1402 2418 domum
1415 2386 1587 2420 ventitan-

915 2436 982 2479 do,
1002 2436 1263 2483 deterendoque
1290 2446 1325 2470 et
1345 2439 1586 2472 consumendo

915 2503 1027 2523 meam
1040 2491 1193 2534 togulam
1203 2517 1211 2532 ,
1227 2502 1332 2536 quam
1341 2491 1442 2533 lucri,
1457 2500 1490 2525 te
1506 2504 1587 2526 con-

915 2542 1088 2576 veniendo
1102 2569 1110 2584 ‚
1122 2552 1155 2576 et
1166 2543 1353 2589 pecuniam
1364 2544 1567 2591 accipiendo
1578 2570 1587 2585 ‚

917 2608 983 2641 qua
997 2597 1117 2630 tritam
1131 2606 1244 2641 togam
1259 2609 1427 2630 renovare
1441 2610 1588 2643 nequeo.

1344 2720 1350 2728 “
1370 2719 1382 2734 2

1292 2721 1354 2768 20
