2061 3288
440 256 1030 302 EPIGRAMMATUM
1069 256 1193 298 LIB.
1235 255 1299 297 II.
1478 253 1576 297 213

304 347 360 389 At
386 345 494 388 mihi
521 345 738 389 succurrit
765 361 845 406 pro
875 343 1130 405 Ganymede
1162 358 1327 387 manus.

235 418 300 460 ,Ex
327 415 482 477 opibus
513 416 643 459 tantis
669 417 803 460 veteri
835 415 1010 476 fidoque
1037 413 1172 459 sodali
1549 434 1579 456 w,

304 489 396 531 Das
423 485 558 541 nihil,
585 496 627 530 et
653 486 782 542 dicis,
814 486 1034 540 Candide,
1059 485 1171 529 κοινὰ
1200 482 1358 544 φίλωνὶ)

221 636 279 673 14.
298 632 346 665 At
365 632 448 665 mihi.
466 632 540 677 Ego
563 644 647 665 vero
666 632 752 666 mihi
774 632 840 678 ipsi
960 632 1015 666 15.
1058 631 1167 664 Veteri
1193 629 1335 676 fidoque.
1372 628 1435 662 His
1467 626 1582 660 verbis

163 685 301 718 servio:
328 685 383 718 alii
403 685 503 718 aliter
524 685 697 731 explicant
721 698 760 720 ex
778 686 840 720 lib.
901 685 1038 731 gravius
1069 684 1248 718 avaritiam
1281 681 1433 718 Candidi
1467 681 1581 714 incre-

165 739 238 779 lx,
263 738 370 784 epigr.
396 750 496 779 xL113
519 747 551 772 et
572 738 632 772 lib.
661 740 711 773 XI
730 765 739 781 ‚
768 739 842 785 epi·
902 747 982 784 pat3
1004 738 1123 772 nobile
1142 738 1287 771 effatum
1309 736 1417 782 ipsius
1448 733 1580 780 probro

165 804 310 837 gramm.
332 803 447 825 Lxxlv.
904 792 934 826 ei
955 801 1106 826 vertens.
1124 792 1189 825 ΕΙ).

761 929 982 986 XLIV.

697 1087 748 1115 IN
792 1064 1053 1116 SEXTUM.*

379 1213 473 1256 ΕΜι
503 1228 578 1255 seu
605 1228 791 1273 puerum
807 1248 818 1267 ‚
843 1222 1047 1273 togamve
1076 1227 1230 1273 pexam
1247 1246 1258 1263 ,

379 1284 465 1326 Seu
491 1292 600 1338 tres,
627 1292 676 1326 ut
702 1292 829 1343 puto,
854 1292 1098 1344 quatuorve
1124 1281 1279 1335 libra⁴53

222 1423 236 1437 '
268 1426 454 1460 sordidam
481 1427 643 1473 exprimit
667 1426 847 1460 avaritiam

170 1480 284 1521 Sexti,
310 1480 369 1526 qui
389 1493 515 1514 novam
546 1488 655 1514 artem
680 1479 849 1525 excogita-

169 1541 288 1575 verat,
318 1533 451 1567 scilicet
483 1542 669 1580 argentum
694 1532 849 1579 negandi

172 1595 361 1632 antequam
381 1595 572 1632 peteretur.
588 1587 654 1619 En.

231 1653 260 1673 1.
283 1640 414 1673 pexam.
429 1641 619 1674 Recentem
634 1648 668 1673 et
680 1641 851 1674 villosam.

175 1694 275 1726 Pexae
294 1693 385 1726 enim
405 1702 515 1727 vestes
535 1702 614 1727 sunt
637 1706 715 1739 quae
739 1694 851 1726 multo

175 1746 286 1779 flocco
308 1754 438 1790 opertae
453 1755 533 1780 sunt
548 1773 557 1788 ,
580 1758 692 1792 eoque
713 1759 803 1792 pexo
819 1755 853 1780 et

176 1798 305 1844 polito,
320 1807 393 1832 arte
407 1799 559 1833 fullonis.
574 1800 623 1832 Ut
633 1812 715 1844 ergo
728 1808 853 1844 pecten

176 1852 266 1885 nihil
287 1851 330 1884 ad
349 1852 486 1885 calvum
502 1865 512 1894 ;
531 1853 579 1886 sic
600 1852 799 1885 ‹lefloccatae
821 1860 855 1885 et

178 1918 242 1938 usu
272 1904 407 1939 detritae
430 1914 537 1938 vestes
565 1906 654 1938 nihil
681 1918 769 1950 opus
794 1905 854 1937 ha-

178 1959 262 1991 beut
293 1958 432 2004 pectine
462 1959 618 1992 fullonis.
649 1957 738 1991 Inde
764 1971 856 2003 perce

178 2020 408 2056 opponuntur
435 2011 552 2053 tritis,
583 2011 620 2044 id
652 2020 724 2052 est,
755 2023 856 2043 novae

180 2064 356 2098 obsoletis.
385 2064 441 2098 Sic
463 2065 614 2099 Martial.
639 2064 721 2097 infr.
744 2064 855 2109 epigr.

187 2129 277 2150 Lvul
306 2130 313 2150 :
348 2136 360 2147 a
383 2118 528 2151 Pexatus
556 2118 704 2164 pulchre
724 2143 734 2158 ‚
764 2116 858 2150 rides

185 2182 280 2211 mea,
304 2170 417 2211 zoile,
435 2170 527 2204 trita.
549 2188 562 2200 u
596 2170 638 2203 Id
661 2179 730 2211 est,
760 2170 858 2215 pexis

183 2232 215 2256 et
230 2223 330 2255 novis
347 2224 499 2256 vestibus
519 2223 664 2256 indutus
683 2249 691 2265 ,
710 2236 859 2269 quarum

184 2275 342 2309 nondum
359 2276 459 2309 flocci
475 2276 602 2310 abiere.
620 2277 719 2310 Hanc
737 2289 860 2322 pexam

185 2330 374 2362 floccorum
403 2329 436 2361 in
463 2329 616 2362 vestibus
641 2330 861 2375 lanuginem,

181 2386 350 2427 luurz'tatetn
369 2391 469 2415 vocat
488 2382 630 2415 Plinius.
653 2382 789 2415 Salmas.

243 2449 273 2468 2.
295 2436 357 2468 Seu
380 2444 459 2475 tres,
491 2436 538 2467 rel
551 2444 628 2480 pulo
650 2436 749 2468 Junl.
772 2448 862 2468 anno

192 2491 306 2529 1512,
330 2497 363 2521 et
385 2489 500 2521 Colin.
537 2488 656 2529 15283
681 2497 715 2520 ut
730 2496 804 2533 pote
828 2488 863 2520 in

188 2541 396 2586 quibusdam
418 2542 502 2574 aliis.
523 2542 698 2574 Gruterus
718 2543 804 2587 conj.
832 2549 864 2573 ιιι

186 2602 280 2638 palm
291 2595 532 2640 suspicabatur
544 2602 659 2627 tamen
671 2596 780 2638 majus
789 2595 869 2627 sul)-

191 2660 261 2680 csse
278 2647 388 2686 ulcus,
410 2648 464 2681 cui
481 2646 635 2681 sanando
649 2659 684 2680 sc
704 2660 774 2680 non
792 2660 864 2680 esse

192 2712 309 2742 parem
330 2702 525 2745 profitetur.
549 2699 721 2734 Ileraltlus
735 2726 743 2742 ,
761 2714 863 2745 quem

907 1426 1064 1472 sequitur
1101 1425 1282 1466 Raderus‚
1315 1432 1457 1469 computo
1478 1422 1582 1468 legit,

908 1487 942 1513 et
959 1479 1130 1513 existimat
1150 1491 1322 1513 summam
1345 1490 1417 1511 esse
1436 1476 1587 1522 aliquam

907 1533 1063 1579 pecuniae
1077 1558 1087 1574 ‚
1124 1545 1230 1578 quam
1269 1531 1436 1566 Martialis
1471 1542 1589 1563 secum

909 1585 1074 1620 audiente
1103 1586 1210 1620 Sexto
1235 1585 1326 1619 forte
1352 1583 1588 1629 computabat.

910 1641 970 1673 Ad
994 1649 1076 1680 tres,
1111 1647 1146 1672 ut
1169 1647 1265 1685 puto,
1286 1638 1429 1683 conjicit
1445 1638 1526 1669 Ant.
1552 1636 1590 1668 de

911 1694 1002 1738 Rooy*
1017 1706 1028 1726 .-
1054 1692 1098 1726 de
1126 1705 1193 1738 qua
1217 1701 1348 1726 constr.
1369 1690 1471 1725 adeas
1500 1690 1590 1723 Can-

911 1748 1036 1792 negiet.
1056 1745 1099 1779 ad
1110 1746 1233 1779 Avian.
1247 1745 1386 1779 Praefat.
1402 1753 1434 1777 et
1449 1741 1593 1776 Ouden-

912 1798 1013 1843 dorp.
1039 1798 1082 1832 ad
1107 1799 1314 1832 Suetonium
1328 1824 1336 1840 ,
1358 1799 1446 1831 Caes.
1467 1809 1496 1829 c.
1523 1807 1591 1829 20:

919 1870 932 1882 ι
954 1853 999 1885 Ut
1012 1861 1091 1896 pulo
1104 1879 1113 1892 ‚
1132 1852 1267 1896 inquit,
1288 1852 1378 1884 valet
1400 1851 1436 1883 h.
1456 1850 1479 1882 l.
1500 1861 1593 1888 non,

914 1913 953 1938 ut
970 1905 1051 1938 alias
1065 1930 1074 1945 ‚
1096 1913 1131 1937 ut
1151 1907 1282 1949 opinor,
1306 1903 1366 1937 sed
1389 1911 1425 1936 uc
1440 1902 1593 1935 calculum

910 1971 994 2003 pono
1014 1967 1050 1987 n:
1076 1970 1192 2002 neque
1217 1958 1352 1996 obstat,
1373 1954 1470 2002 quod
1491 1967 1594 1987 versu

915 2012 1032 2056 priore
1056 2015 1092 2044 τὸ
1123 2024 1156 2043 re
1178 2023 1244 2055 pro
1270 2011 1325 2042 vel
1346 2009 1531 2054 subjungat
1548 2012 1594 2051 τῷ

915 2067 1002 2097 sive:
1021 2063 1067 2096 ita
1094 2072 1127 2096 et
1153 2064 1246 2096 Flor.
1271 2063 1331 2096 lib.
1355 2063 1421 2103 IV,
1449 2073 1524 2106 cap.
1553 2072 1570 2092 2
1589 2086 1597 2100 ‚

917 2118 977 2150 ubi
992 2116 1072 2150 vide
1085 2117 1219 2151 Duker.
1230 2125 1262 2149 et
1278 2116 1337 2149 lib.
1352 2116 1406 2147 III
1417 2139 1426 2154 ‚
1440 2115 1550 2159 epigr.
1561 2126 1593 2145 v.

920 2171 1071 2204 Consule
1099 2171 1201 2203 etiam
1224 2169 1372 2202 Miscell.
1402 2168 1503 2200 Obss.
1530 2166 1597 2199 vol.

920 2225 970 2256 IX
992 2251 1002 2266 ‚
1039 2226 1125 2258 216.
1167 2222 1343 2256 Schrevel.
1389 2219 1597 2266 proposuit:

920 2277 981 2310 Seu
1018 2286 1077 2309 [res
1108 2284 1241 2321 supputo
1261 2290 1273 2316 ‚·
1308 2287 1412 2321 quem
1449 2272 1529 2306 vide
1564 2273 1600 2305 in

919 2343 992 2364 var.
1014 2340 1088 2363 not.
1111 2351 1162 2356 -
1189 2330 1234 2362 Ut
1247 2338 1339 2374 puto.
1356 2326 1529 2360 Heraldus
1550 2326 1600 2358 le—

921 2383 970 2428 git
990 2409 999 2424 ‚
1037 2391 1200 2427 computo,
1226 2382 1468 2426 existimatque
1506 2392 1600 2412 sum-

922 2449 1013 2468 inam
1039 2449 1110 2469 esse
1132 2436 1280 2480 aliquam
1313 2435 1468 2481 pecuniae
1496 2445 1601 2478 quam

922 2489 1090 2522 Martialis
1116 2501 1253 2527 secum,
1283 2487 1446 2522 audiente
1475 2486 1602 2526 Sexto,

924 2543 1012 2575 forte
1035 2542 1256 2587 computabat
1284 2554 1292 2575 :
1321 2549 1473 2574 attamen
1493 2551 1603 2585 quum

924 2595 1089 2640 loquatur
1100 2596 1206 2628 Poeta
1217 2593 1261 2627 de
1268 2594 1508 2640 emptionibus
1521 2592 1604 2632 suis,

927 2648 982 2681 alii
996 2649 1119 2681 melius
1133 2661 1211 2681 meo
1229 2647 1364 2692 judicio
1382 2647 1553 2686 retinent,
1570 2651 1605 2675 at

921 2709 1013 2745 paco,
1037 2699 1133 2746 quod
1156 2701 1392 2746 interponitur
1412 2698 1602 2732 dubitatio*-

1315 2763 1396 2826 14³
