2061 3288
613 224 708 266 T11.
750 221 1143 266 FARNABIUS.
1534 234 1581 262 xl

177 331 304 377 quem
329 322 523 374 agyrtam
547 328 634 355 non
659 311 813 372 puduit
833 310 1136 372 perstringere.
1161 307 1344 351 Horruit
1365 306 1471 349 mihi
1493 308 1581 349 ani-

178 403 273 430 mus
302 385 469 446 aperire
491 383 726 438 sentinam,
753 391 828 425 aut
849 396 1027 425 movere
1049 378 1242 423 cloacam
1264 394 1272 420 :
1299 393 1440 438 neque
1463 377 1579 420 enim

178 456 294 500 volui
326 456 405 499 hos
435 470 526 498 esse
552 452 797 497 Philaenidis
826 450 1162 496 commentarios
1187 447 1478 510 spurcidicos,
1507 448 1582 491 So-

181 527 344 570 tadicos
362 562 374 582 ,
411 518 734 585 Lampsacenos
753 559 764 579 ,
802 520 1184 583 Cinaedipolitanos
1202 555 1214 576 ,
1250 518 1585 562 Ramiresianos.

179 596 270 641 Illis
295 598 439 657 itaque
465 596 761 657 praetermissis
789 610 840 638 ac
871 593 1133 654 suppressis,
1160 607 1211 635 ea
1239 590 1426 633 maxime
1452 587 1585 650 expli-

180 684 279 712 care
310 677 438 728 atque
464 682 675 710 exornare
710 681 824 709 curae
860 665 1046 725 pretium
1080 662 1206 717 duxi,
1235 677 1331 722 quae
1363 658 1587 715 sublimia,

180 748 333 791 acuta,
366 736 523 792 mellis,
560 736 718 798 leporis
739 771 750 791 ,
775 736 1067 796 piperataeque
1099 730 1337 777 facundiae¹
1366 730 1513 792 plena,
1544 730 1587 773 in

180 809 336 869 quibus
356 808 561 852 ferventis
579 807 743 851 fulmen
761 806 921 867 ingenii
935 815 978 849 et
993 804 1111 850 salva
1132 803 1381 847 dominatur
1399 801 1586 845 libertas.

181 880 408 939 Denique,
432 895 486 922 ne
516 877 731 939 proloquii
766 875 1007 938 amplitudo
1041 875 1261 936 angustias
1297 871 1516 933 regulares
1548 881 1591 915 et

181 950 313 1010 ipsius
327 949 480 1010 Myndi
503 948 727 992 modulum
749 957 989 1002 excrescat,
1004 947 1233 1007 quoniam,
1249 954 1297 988 ut
1317 942 1391 987 ait²
1412 942 1590 995 Plinius,

182 1021 423 1081 Benignum
446 1030 511 1063 est
535 1029 578 1062 et
599 1018 775 1080 plenum
801 1018 976 1079 ingenui
1001 1017 1178 1078 pudoris
1193 1050 1204 1069 ,
1227 1015 1351 1059 fateri
1377 1030 1455 1075 per
1480 1029 1589 1073 quos

183 1091 441 1151 profeceris,
473 1090 646 1134 obnoxii
677 1099 830 1134 contra
860 1089 991 1132 animi
1029 1097 1071 1131 et
1106 1086 1288 1131 infelicis
1317 1085 1477 1146 ingenii
1505 1093 1591 1135 cst,

183 1161 450 1222 deprehendi
483 1162 526 1204 in
552 1160 668 1204 furto
696 1159 844 1214 malle,
873 1175 1004 1219 quam
1035 1168 1233 1202 mutuum
1267 1156 1465 1212 reddere,
1491 1155 1592 1215 quia

185 1232 228 1274 in
250 1242 337 1275 tam
361 1233 515 1274 arctati
540 1232 683 1291 operis
707 1232 903 1274 instituto
919 1265 930 1283 ,
955 1231 997 1272 in
1023 1246 1110 1289 quo
1137 1228 1362 1282 brevitati,
1384 1235 1590 1287 quantam

184 1311 330 1345 tamen
366 1302 475 1345 ferat
515 1301 813 1345 elucidationis
848 1301 1105 1355 necessitas,
1137 1298 1304 1353 studui,
1338 1314 1426 1341 non
1463 1297 1591 1340 datur

185 1372 345 1433 ubique
370 1372 475 1416 illud
497 1373 718 1433 profiteri,
739 1372 813 1415 hic
838 1387 1028 1431 agnosco
1048 1386 1116 1413 me
1138 1378 1335 1413 secutum
1358 1367 1590 1411 editionem

186 1442 420 1487 Clarissimi
446 1444 539 1487 Viri
561 1443 676 1486 Petri
699 1443 923 1496 Scriverii3
951 1440 1217 1485 consuluisse
1239 1441 1332 1482 MS.
1360 1455 1497 1482 unum
1523 1454 1592 1480 ve-

186 1514 387 1558 nerandae
410 1514 674 1574 antiquitatis
695 1523 739 1557 et
760 1512 859 1556 fidei
880 1512 1029 1565 bonae,
1050 1512 1093 1554 in
1115 1510 1377 1554 bibliotheca
1397 1507 1590 1552 Bodleia-

186 1600 264 1639 na,
293 1594 340 1628 ut
369 1594 413 1628 et
447 1583 553 1627 alios
584 1584 693 1627 duos
718 1585 840 1627 MSS.
871 1584 1164 1632 Oxonienses3
1196 1597 1319 1625 usum
1354 1579 1484 1623 fuisse
1511 1596 1593 1639 ope

187 1665 581 1698 commentatorum
610 1664 824 1715 quotquot
853 1662 1025 1697 exstant
1049 1653 1266 1704 omnium,
1294 1653 1337 1694 in
1364 1649 1590 1694 consilium

187 1725 433 1769 adhibuisse
454 1726 570 1769 Petri
588 1726 789 1769 Scriverii
810 1715 1226 1781 animadversionesf,
1248 1723 1426 1767 Gruteri
1450 1730 1595 1775 notas,

189 1798 343 1840 Facem
373 1797 557 1851 artium,
585 1805 626 1839 et
651 1797 837 1840 Critieos
866 1794 997 1850 alios,
1027 1793 1335 1854 Anthologiam
1365 1791 1594 1853 diligenter

189 1866 443 1919 contulisse,
470 1867 712 1910 Historicos
742 1868 919 1926 insuper
952 1881 1103 1908 omnes
1135 1874 1178 1908 et
1208 1874 1406 1908 auctores
1437 1865 1596 1906 Nostro

189 1938 428 1998 συγχρόνους
453 1936 676 1998 relegisse,
698 1953 807 1997 quos
831 1936 885 1980 ad
906 1938 1083 1980 Poetam
1104 1934 1431 1995 intelligendum
1453 1933 1595 1978 facere

186 2008 402 2067 judicavi,
435 2024 620 2068 quorum
658 2007 763 2051 alios
799 2009 887 2051 cito
923 2006 1184 2067 quandoque
1221 2015 1372 2059 testes,
1402 2004 1455 2047 ad
1491 2003 1595 2047 alios

190 2077 396 2122 lectorem
427 2095 538 2139 saepe
568 2079 790 2122 brevitatis
821 2078 962 2122 studio
989 2076 1134 2138 relego
1157 2094 1166 2119 z
1195 2092 1334 2136 neque
1363 2076 1421 2119 sic
1448 2084 1594 2118 tamen

194 2149 300 2192 mihi
325 2149 464 2193 ubivis
487 2149 636 2193 fecisse
662 2151 785 2205 satis,
811 2165 951 2209 neque
979 2147 1082 2191 aliis.
1116 2150 1184 2191 Ita
1217 2146 1345 2207 plane
1371 2144 1596 2206 deplorata

188 2219 305 2279 jacet
330 2236 425 2279 spes
457 2221 622 2280 gratiae,
653 2229 728 2263 aut
751 2220 880 2263 etiam
902 2220 1037 2262 veniae.
1059 2217 1175 2279 apud
1197 2218 1429 2277 iniquiores
1456 2218 1595 2276 impe-

193 2289 369 2333 trandae.
397 2290 481 2333 Sed
513 2291 699 2350 gratuita
733 2307 867 2350 usque
900 2290 1100 2333 fruantur
1134 2287 1306 2331 malitia.
1334 2289 1428 2347 Ego
1458 2303 1596 2346 neque

194 2350 506 2410 οἱντιλακπίζων3
530 2360 654 2404 Isidis
681 2359 847 2420 bajulos
872 2361 1030 2420 μεγάλα
1048 2354 1313 2409 λακτίζοντας
1335 2358 1400 2401 καὶ
1424 2358 1488 2400 ἐπὶ
1507 2358 1596 2400 ὄνου

194 2431 294 2490 ἔργῳ
327 2422 722 2492 μ.εγαφρονοῦντας,3
755 2448 894 2490 neque
932 2445 1059 2473 crura
1091 2428 1353 2489 suffringens
1392 2428 1596 2475 canibus,

254 2563 281 2583 1.
321 2552 555 2596 Piperatoequc,
596 2560 659 2584 etc.
699 2549 863 2583 Sidonius
981 2549 1013 2581 3.
1054 2544 1299 2587 Ᾱντιλοικτίζων,
1338 2548 1511 2581 Plutarch.
1554 2547 1596 2580 (le

197 2603 311 2647 Apoll.
334 2603 393 2636 lib.
413 2604 456 2644 V,
481 2604 578 2648 epist.
606 2606 636 2638 8.
926 2602 1085 2642 Socrate,
1107 2602 1165 2634 lib.
1184 2600 1226 2635 sle
1243 2601 1386 2635 Educat.
1406 2602 1506 2634 Puer.

254 2668 284 2687 2.
312 2656 454 2695 Plinius,
485 2665 545 2689 etc.
581 2658 689 2702 Epist.
719 2655 758 2688 ad
784 2657 860 2689 Nati
979 2660 1010 2693 4.
1039 2655 1194 2698 Μεγάλαι,
1224 2663 1288 2687 etc,
1319 2655 1452 2688 Arriani
1480 2654 1590 2698 Epict.

198 2707 391 2741 Historiam.
926 2707 982 2739 lib.
1006 2708 1077 2743 III,
1099 2720 1171 2751 rap.
1200 2712 1253 2745 14,
