2061 3288
472 175 570 220 306

842 176 903 218 M.
932 177 1073 219 VAL.
1115 177 1509 220 MARTIALIS

605 263 852 307 Invalidum
876 274 941 307 est
962 263 1106 319 nobis,
1129 265 1454 326 ingenuumque
1478 264 1601 309 latus.

540 334 766 393 Quidlibet
792 335 836 378 in
861 336 1000 379 causis
1026 336 1294 391 narraveris,
1314 337 1405 396 ipse
1431 335 1585 380 tace-ho
1610 354 1619 378 :

615 408 669 450 At
692 406 769 449 tibi
795 407 1089 466 tergeminum
1113 407 1279 467 mugiet
1300 405 1369 450 ille
1393 407 1567 468 sophos.

541 478 615 521 Lis
643 478 746 533 erit;
771 477 934 537 ingenti
963 476 1093 520 faciet
1116 478 1314 520 convicia
1337 493 1446 521 voce
1471 495 1508 520 ε.

610 550 716 592 Esse
743 547 886 609 pudor
908 549 1048 591 vetuit
1072 548 1202 591 fortia
1222 548 1358 592 verba
1379 548 1497 592 mihi.

536 621 655 680 Ergo
679 618 787 662 nihil
813 618 962 673 nobis⁷
984 619 1148 679 inquis,
1171 618 1394 679 praestabis
1419 617 1613 663 amicus?

609 689 837 750 Quidquid
864 688 1067 744 libertus,
1092 689 1314 746 Candide,
1335 706 1425 733 non
1450 690 1623 750 poterit.

523 832 558 862 6.
592 830 779 874 Ingenuum.
816 828 963 871 Debsse3
994 827 1148 862 hominis

470 882 562 916 enim
596 881 763 927 ingenui,
793 882 926 915 calamo
961 881 1149 927 scriptorio

468 935 586 981 potius
608 948 713 981 quam
731 943 845 969 rastro
865 936 997 969 utentis
1009 962 1018 978 ‚
1034 933 1150 968 modi-

468 1002 516 1022 cae
547 997 627 1022 sunt
655 989 767 1030 vires,
793 996 827 1022 et
855 988 1005 1034 impetui
1022 1000 1150 1033 magno

468 1041 616 1076 serendo
635 1042 798 1087 impares.
821 1042 889 1075 En.

524 1108 557 1140 7.
575 1097 617 1128 Iu
631 1094 840 1129 Beverlandl
861 1094 935 1128 MS.
957 1107 1095 1127 causam.

524 1150 558 1182 8.
581 1150 813 1193 Tei-geminum.
829 1147 872 1181 Id
885 1156 936 1182 est
946 1174 954 1189 ‚
969 1160 1149 1193 magnum3

469 1213 538 1247 qua
561 1201 598 1234 in
617 1201 870 1247 significatione
889 1214 1056 1235 numerus
1079 1209 1150 1234 ter-

470 1255 588 1288 narius
616 1267 706 1300 saepe
731 1263 933 1300 usurpatur.
960 1255 1148 1288 Censemus

469 1317 589 1342 contra
606 1308 654 1341 sic
674 1307 920 1353 explicandum
935 1320 943 1340 z
961 1316 1013 1341 ter
1033 1310 1151 1351 mugiet

469 1362 592 1406 sophos.
610 1361 676 1394 En.
691 1382 743 1387 —
755 1361 888 1406 Sophos.
909 1362 961 1393 De
980 1360 1045 1393 hac·
1066 1372 1150 1393 voce

1209 826 1289 861 vide
1305 827 1365 861 lib.
1383 828 1400 860 I
1415 853 1424 869 ,
1443 828 1650 874 epigramm.
1667 840 1725 867 1v,
1743 840 1833 862 vers.
1853 841 1885 873 7.

1264 893 1298 925 9.
1328 881 1382 914 Lis
1414 884 1486 914 erit.
1516 881 1553 915 Si
1581 881 1771 927 litigaveris
1806 894 1887 916 cum

1209 933 1330 980 aliquo
1341 960 1350 976 ‚
1362 942 1423 967 tuo
1436 935 1579 968 nomine
1592 935 1757 969 lacerabit
1768 934 1889 969 adver-

1209 988 1340 1021 sarium
1359 988 1537 1022 conviciis.

1269 1052 1326 1074 10.
1349 1041 1430 1073 Esse
1442 1041 1558 1086 pudor.
1574 1041 1665 1074 Nam
1677 1041 1888 1075 rusticorum

1210 1101 1261 1127 est
1277 1106 1362 1127 voce
1379 1094 1444 1127 alta
1465 1094 1626 1128 clamare.

1269 1160 1282 1180 1
1294 1161 1326 1180 2.
1361 1147 1536 1193 Quidquid.
1574 1147 1701 1181 Officia
1732 1147 1888 1181 liberalia

1211 1200 1404 1245 praestabo,
1427 1213 1504 1246 quae
1528 1212 1591 1233 nec
1615 1213 1737 1234 servus
1761 1213 1826 1233 nec
1848 1200 1890 1233 li-

1209 1254 1329 1287 bertus
1357 1263 1520 1299 praestare
1542 1262 1711 1298 possunt3
1736 1253 1861 1286 famam
1879 1280 1889 1294 ‚

1211 1306 1360 1352 exempli
1378 1307 1485 1351 gratia
1501 1330 1511 1346 ‚
1532 1315 1566 1339 et
1582 1307 1735 1339 nominis
1754 1306 1890 1340 aeterni-

1211 1367 1318 1393 tatem
1333 1359 1418 1393 meis
1432 1359 1592 1394 versibus
1605 1359 1668 1392 tibi
1683 1359 1888 1393 conciliabo,

1050 1494 1306 1550 XLVII.

1013 1647 1081 1674 DE
1129 1625 1339 1676 Basso*

612 1777 808 1819 CAPENA
838 1771 992 1833 grandi
1018 1781 1146 1832 porta
1171 1787 1257 1832 qua
1280 1771 1391 1832 pluit
1417 1781 1563 1832 gutta⁷

612 1845 898 1905 Phrygiaeque
926 1843 1082 1886 Matris
1104 1841 1231 1886 Almo
1257 1859 1344 1903 qua
1369 1841 1485 1886 lavat
1509 1842 1671 1886 ferrum
1686 1879 1697 1899 ⁷

524 1981 538 1995 ¹'
555 1986 677 2019 Bassus
692 2011 701 2026 ‚
730 1983 774 2018 ad
796 1995 899 2030 quem
927 1982 1037 2028 epigr.
1059 1994 1150 2016 Lvnl

472 2039 552 2072 infr.
572 2038 615 2072 de
632 2038 788 2071 Faustini
808 2037 888 2070 villa
913 2035 1151 2069 fructuosissi-

470 2105 527 2125 ma
543 2119 551 2133 ‚
569 2091 819 2125 sterilissimam
838 2090 959 2123 villam
977 2089 1127 2122 hahebat
1141 2115 1150 2130 ‚

473 2146 506 2178 in
530 2157 637 2191 quam
657 2157 737 2178 eum
755 2143 869 2190 pingit
884 2142 1056 2176 Martialis
1074 2154 1149 2175 om-

471 2199 527 2231 nia
550 2211 591 2231 ex
608 2198 706 2231 Urbe
728 2198 978 2242 importantem
992 2221 1000 2231 ,
1017 2207 1094 2241 quae
1112 2195 1148 2228 in

470 2252 594 2284 urbem
613 2264 654 2284 ex
668 2251 761 2284 villis
781 2250 885 2294 vulgo
905 2248 1147 2295 deportantur.

470 2305 599 2337 Villam
637 2304 733 2338 Bassi
765 2303 958 2348 villamque
995 2302 1149 2335 Faustini

470 2366 668 2402 comparat,
683 2357 791 2403 epigr.
812 2368 918 2389 LVIII.
937 2356 1002 2388 En.

529 2425 556 2443 1.
579 2410 707 2455 Capena
725 2409 854 2454 grandi.
876 2407 975 2441 Ordo
993 2415 1062 2440 est:
1081 2419 1148 2452 qua

469 2463 608 2508 Capena
622 2472 723 2508 porta
742 2463 849 2496 stillat
863 2460 1053 2507 grandibus
1070 2469 1147 2505 gut-

469 2515 522 2548 tis.
544 2516 611 2548 En.
631 2535 682 2540 —
707 2515 848 2560 Capena.
871 2515 948 2556 Qua
977 2514 1049 2546 itur
1080 2515 1147 2547 Ca-

467 2581 573 2613 puam
600 2569 725 2601 urbem
747 2568 947 2613 Campaniae
974 2567 1146 2600 nobilissi-

464 2633 555 2654 mam
570 2647 580 2662 ‚
604 2621 732 2665 Capoue
746 2634 756 2653 .·
777 2619 897 2654 eadem
915 2619 1006 2654 dicta
1033 2620 1145 2653 Fonti-

1212 1983 1295 2014 nalis
1314 1989 1459 2028 propter
1481 1980 1726 2027 aquaeductum
1751 1981 1794 2015 de
1817 1995 1887 2028 quo

1211 2034 1301 2068 infra
1332 2036 1538 2080 loquemur,
1570 2036 1623 2068 vel
1652 2036 1883 2080 Trimnpltalis,

1210 2089 1265 2121 vel
1284 2088 1413 2134 Appia,
1437 2088 1481 2121 ab
1500 2088 1616 2133 Appio
1645 2088 1800 2122 Censorc
1827 2090 1886 2134 qui

1208 2141 1301 2174 viam
1329 2141 1479 2188 Appiam
1501 2141 1663 2175 munivit.
1689 2141 1806 2175 Hodie
1834 2141 1887 2175 ‹li-

1208 2194 1302 2228 citur
1316 2194 1428 2228 Sancti
1445 2194 1635 2227 Sebastiani.
1652 2195 1735 2227 Erat
1754 2195 1789 2227 in
1815 2195 1887 2240 pri—

1208 2260 1263 2280 ma
1277 2247 1420 2293 regione
1434 2247 1723 2281 U1=bis,-Plait.
1738 2248 1888 2294 Propter

1208 2300 1451 2346 aquaeductum
1467 2326 1476 2341 ‚
1497 2313 1567 2345 quo
1589 2313 1695 2346 super
1712 2313 1786 2334 eam
1808 2314 1887 2346 por—

1210 2361 1279 2387 tam
1303 2367 1391 2400 aqua
1412 2354 1447 2386 in
1470 2353 1604 2386 Urbem
1623 2353 1764 2387 fluebat.
1779 2354 1886 2386 Juve-

1208 2408 1295 2441 nalis
1311 2416 1371 2441 sat.
1393 2408 1446 2440 III
1461 2419 1469 2440 z
1486 2422 1498 2434 «
1518 2406 1680 2440 Substitit
1696 2406 1739 2440 ad
1754 2415 1885 2440 veteres

1208 2473 1329 2502 arcus,
1352 2459 1600 2505 madidamque
1623 2460 1809 2505 Capenam.
1840 2477 1853 2488 v»

1261 2528 1293 2547 2.
1315 2515 1554 2560 Plirygiurnque
1571 2515 1679 2545 matris
1698 2513 1780 2545 almo
1802 2511 1881 2545 ΑΜ.

1206 2568 1303 2600 Junt.
1327 2567 1442 2600 Colin.
1459 2565 1599 2612 Gryph.
1623 2574 1689 2599 etc.
1711 2573 1745 2598 et
1773 2565 1822 2598 sic
1846 2565 1880 2597 iu

1204 2619 1282 2653 cod.
1314 2620 1419 2653 Palat.
1448 2620 1540 2651 alma>
1568 2617 1773 2652 Beverlandi
1803 2618 1877 2650 MS.
