2061 3288
440 211 539 266 [428

820 213 880 256 M.
907 214 1045 257 VAL.
1085 215 1474 258 MARTIALIS

1033 341 1253 398 XLVI.

936 493 1008 520 DE
1058 472 1364 522 sABELLo.'‘

655 616 964 658 SATURNALIA
993 614 1171 659 divitem
1200 614 1418 660 Sabellum

654 686 900 729 Fecerunt:
929 687 1086 729 merito
1114 696 1255 730 tumet
1283 685 1504 739 Sabellus3

654 756 749 799 Nec
773 772 1037 817 quemquam
1063 766 1189 818 putat
1217 774 1331 813 esse,
1356 756 1646 818 praedicatque

658 827 781 869 Inter
810 827 1050 872 causidicos
1077 827 1330 872 beatiorem.

658 898 751 941 Hos
781 897 916 942 fastus
945 900 1199 960 animosque
1223 898 1299 943 dat
1319 897 1491 943 Sabello

659 969 804 1012 Farris
829 969 1047 1013 semodius
1062 1005 1074 1026 ‚
1097 970 1294 1031 fabaeque
1319 970 1490 1022 fressae‚

660 1040 718 1082 Et
739 1039 881 1084 thuris
904 1041 1154 1102 piperisque
1178 1051 1266 1085 tres
1289 1040 1458 1085 selibrae
1472 1076 1484 1093 ,

660 1111 718 1153 Et
747 1112 969 1156 Lucanica
993 1121 1146 1156 ventre
1169 1128 1270 1155 cum
1292 1111 1482 1166 Falisco,

504 1243 516 1256 '‘
536 1247 737 1282 Mercedem
755 1248 920 1283 causidici
936 1251 1056 1283 Romae
1075 1262 1130 1283 ac-

451 1301 629 1346 cipiebant
652 1300 778 1335 divites
801 1301 948 1335 divitem
963 1329 973 1343 ‚
998 1316 1129 1349 paupe-

453 1366 507 1387 res
525 1367 714 1399 pauperem
734 1367 741 1388 :
759 1355 808 1389 sic
825 1356 919 1389 enim
933 1357 1130 1397 Juvenalis,

454 1415 515 1440 sat.
548 1408 639 1448 VII,
679 1421 692 1442 1
706 1421 745 1451 19
765 1434 774 1448 ‚
807 1408 852 1443 de
884 1410 1098 1455 pauperibus
1121 1421 1129 1442 :

460 1477 472 1488 n
497 1460 601 1502 Quod
623 1462 718 1494 vocis
738 1462 918 1506 pretium?
936 1463 1048 1496 siccus
1069 1475 1131 1509 pe—

456 1515 658 1547 tasunculus
677 1522 710 1547 et
731 1526 790 1547 vas
810 1515 1049 1556 Pelamidum,
1073 1524 1131 1549 aut

455 1574 589 1599 veteres
600 1593 608 1608 ‚
623 1568 790 1600 Afrorum
804 1568 995 1613 epimenia,
1010 1569 1131 1610 bulbi;

457 1621 528 1652 Aut
542 1620 664 1653 viuum
680 1620 803 1654 Tiberi
812 1620 996 1655 devectum
1007 1648 1016 1663 ‚
1029 1622 1132 1667 quin-

457 1685 525 1717 que
543 1673 683 1718 lagenae.
701 1673 736 1706 Si
754 1682 877 1719 quater
895 1674 994 1720 egisti
1015 1692 1027 1704 a
1043 1701 1052 1717 ,
1067 1683 1131 1708 etc.

458 1725 573 1759 -Sic
585 1725 678 1759 idem
689 1725 733 1760 de
747 1726 855 1761 divite
868 1737 1017 1773 patrono
1028 1727 1135 1760 AEmi-

460 1779 526 1820 lio,
558 1779 646 1813 ibid.
682 1784 775 1820 124:
802 1797 815 1810 a
832 1781 974 1813 sEmilio
994 1780 1135 1814 dabitur

459 1840 630 1877 quantum
648 1841 763 1878 petet;
781 1842 815 1868 et
829 1834 953 1867 melius
971 1847 1033 1867 nos
1054 1834 1135 1879 Egi-

460 1897 562 1927 mus3
580 1886 684 1931 hujus
703 1886 795 1919 euim
821 1895 888 1919 stat
914 1899 1037 1920 currus
1055 1887 1136 1920 ahe-

461 1951 564 1978 neus,
575 1939 633 1972 alti
646 1938 879 1985 Quadrijuges
892 1941 929 1973 in
939 1941 1118 1974 vestibulis
1127 1965 1136 1980 ‚

461 2000 524 2024 etc.
536 1992 700 2026 »Deridet
714 1993 818 2037 igitur
829 1992 1044 2027 causidicum
1057 2006 1140 2038 pau-

462 2057 581 2089 perem
619 2045 796 2079 Sabellum
827 2047 997 2080 Martialis
1010 2071 1019 2087 ‚
1058 2047 1138 2092 qui,

463 2111 571 2142 quum
602 2099 788 2144 accepisset
810 2112 827 2131 a
851 2100 1059 2141 clientibus,
1080 2100 1139 2133 Sa-

466 2151 658 2185 turnalium
683 2161 861 2198 tempore,
887 2153 997 2186 multa
1019 2152 1136 2188 xenia,

465 2213 503 2237 ut
525 2217 599 2238 mos
621 2214 694 2239 erat
717 2201 813 2244 (vid.
835 2206 896 2240 lib.
921 2204 1058 2247 XIII),
1081 2205 1141 2239 sed

466 2257 597 2290 nullius
628 2258 733 2304 pretii
754 2285 763 2300 ⁷
789 2271 824 2292 se
851 2257 998 2293 divitem
1024 2260 1141 2293 existi-

467 2311 585 2344 mabat
623 2324 662 2344 ac
697 2313 857 2354 heatum;
885 2324 962 2358 quae
1000 2311 1142 2358 quidem

468 2373 648 2396 enumerat
670 2364 850 2398 Martialis,
870 2364 1000 2399 Similis
1023 2374 1074 2399 est
1095 2366 1143 2398 ir·

467 2416 551 2450 risio
573 2417 632 2450 lib.
654 2418 744 2459 VII,
763 2418 871 2463 epigr.
896 2430 978 2451 mn.
1003 2419 1070 2452 En.

526 2481 558 2502 1.
575 2469 773 2504 Saturnalia.
798 2471 1034 2505 Saturnalium
1062 2481 1145 2505 tem-

470 2534 578 2567 pore,
601 2523 691 2556 sicut
713 2533 748 2557 ct
765 2525 873 2557 natali
890 2523 947 2558 die
969 2522 1059 2563 (vid.
1083 2525 1144 2557 lib.

474 2576 498 2607 Χ
516 2601 523 2615 ,
537 2575 648 2621 epigr.
664 2589 806 2610 Lxxxvu
818 2571 832 2619 )
846 2603 854 2617 ,
874 2590 1019 2610 munera
1035 2578 1148 2610 mitte-

470 2628 596 2661 bantur
626 2629 783 2674 patronis
802 2657 809 2673 ,
837 2631 924 2663 sicut
954 2639 985 2664 et
1016 2632 1144 2664 amicis.

1190 1251 1242 1283 De
1261 1249 1502 1284 Saturnalibus
1518 1247 1589 1282 vid.
1607 1247 1668 1281 lib.
1686 1248 1740 1287 ΙΙ,
1757 1248 1863 1293 epigr.

1190 1316 1274 1346 xxv3
1291 1303 1352 1336 lib.
1373 1304 1447 1344 III,
1466 1303 1576 1348 epigr.
1596 1313 1700 1343 xxm,
1719 1308 1784 1334 etc.
1800 1308 1865 1334 etc.

1190 1377 1242 1382 —
1268 1357 1418 1389 Divitem.
1441 1355 1581 1389 Scilicet
1606 1354 1736 1388 Sabelli
1760 1353 1866 1386 unius

1196 1409 1379 1442 sententia.
1401 1409 1469 1442 En.

1247 1476 1280 1496 2.
1300 1462 1428 1495 Merito.
1446 1461 1596 1494 Ironice.

1245 1518 1280 1549 6.
1299 1515 1424 1548 Farris.
1442 1515 1504 1547 Est
1526 1515 1577 1547 far
1599 1511 1780 1558 quodlibet
1795 1512 1868 1545 fru-

1191 1568 1299 1602 meuti
1331 1581 1463 1613 genus3
1494 1568 1601 1612 vulgo
1626 1574 1741 1599 tamen
1774 1566 1869 1610 opti-

1191 1635 1288 1654 mum
1307 1620 1490 1666 significat.
1509 1641 1562 1647 -—-
1579 1619 1753 1653 semodius.
1772 1618 1870 1651 Meu-

1191 1687 1270 1707 sura
1303 1673 1485 1707 aridorum
1499 1698 1508 1713 ‚
1537 1671 1719 1705 dimidiam
1760 1670 1871 1704 modii

1192 1736 1328 1773 partem
1355 1727 1566 1760 continens:
1595 1724 1735 1758 modius
1765 1737 1869 1764 vero,

1193 1781 1307 1826 inquit
1340 1779 1498 1813 Raderus
1516 1806 1524 1821 ,
1558 1779 1716 1824 capiebat
1748 1778 1874 1822 viginti

1194 1847 1251 1868 sex
1267 1834 1371 1867 libras
1391 1842 1424 1866 et
1443 1841 1522 1865 octo
1539 1832 1671 1865 uncias.
1690 1851 1743 1857 —-
1760 1831 1875 1863 Fahae-

1195 1901 1252 1932 que
1268 1888 1393 1930 [πωπω.
1423 1884 1583 1919 Frendeo
1603 1883 1768 1927 (frendtzi,
1787 1884 1875 1926 fres-

1196 1935 1291 1983 sum)
1314 1939 1408 1973 idem
1441 1947 1513 1980 est,
1542 1951 1581 1972 ac
1610 1938 1745 1982 frangO.
1774 1937 1875 1969 Fabae

1197 1994 1306 2039 igitur
1328 1994 1441 2026 fressae
1463 2000 1522 2025 aut
1543 1992 1659 2025 fractae
1683 1999 1763 2023 sunt
1789 1990 1876 2023 fabae

1198 2046 1337 2080 nudatae
1365 2045 1493 2078 extima
1526 2045 1584 2077 illa
1617 2043 1779 2089 pellicula
1810 2042 1876 2076 du-

1197 2100 1303 2140 riori,
1320 2111 1387 2145 qua
1403 2105 1567 2144 teguntur
1581 2124 1590 2139 ,
1605 2105 1645 2130 ut
1658 2097 1719 2130 fiat
1737 2097 1877 2129 mollius

1199 2161 1233 2186 et
1254 2153 1395 2186 suavius
1413 2152 1650 2198 pulmentum.
1668 2150 1802 2183 Porcus
1823 2148 1878 2182 di-

1199 2206 1293 2239 citur
1327 2205 1450 2248 nefrens
1467 2230 1476 2245 ‚
1502 2205 1563 2249 qui
1594 2202 1754 2237 nondum
1786 2203 1880 2236 fabas

1200 2258 1337 2292 frendet
1347 2285 1356 2298 .,
1367 2270 1427 2292 seu
1439 2258 1567 2303 frangit
1577 2270 1584 2298 ;
1596 2269 1725 2302 porcus
1738 2257 1879 2289 lactens.

1256 2325 1290 2357 7.
1316 2313 1393 2345 Tres
1410 2311 1543 2343 selibrce.
1564 2310 1696 2343 Selihra
1713 2317 1764 2342 est
1782 2309 1881 2342 semi-

1202 2365 1303 2399 libra.
1321 2386 1373 2391 —
1391 2363 1497 2405 Quod
1515 2363 1684 2397 Martialis
1702 2361 1795 2395 dicat
1822 2370 1881 2394 tres

1202 2418 1339 2457 selibra»,
1352 2431 1422 2451 non
1433 2425 1547 2450 autem
1559 2429 1630 2450 uno
1642 2415 1752 2449 verbo
1765 2417 1882 2461 sesqui-

1204 2472 1304 2511 libra,
1325 2470 1407 2504 inde
1422 2471 1613 2515 conjiciunt
1627 2468 1769 2515 quidam
1786 2480 1805 2501 a
1820 2467 1883 2500 tri-

1205 2526 1270 2558 bus
1299 2524 1485 2558 clientibus
1518 2523 1626 2556 fuisse
1658 2522 1777 2554 missas
1813 2528 1883 2552 tres

1207 2578 1366 2616 selibras,
1390 2575 1483 2621 quod
1507 2589 1577 2608 non
1600 2575 1788 2620 rejicimus.
1815 2573 1880 2605 En.

1262 2633 1293 2663 ὃ.
1318 2632 1372 2662 Lm
1384 2643 1486 2662 welca.
1500 2629 1673 2662 Lucanica
1686 2635 1734 2660 est
1752 2626 1886 2659 intesti-
