2061 3288
587 219 676 262 DE
713 218 1199 262 SPECTACULIS.

1535 220 1595 267 35

257 310 458 369 Namque
487 322 665 368 gravem
698 307 871 367 gemino
900 323 1038 351 cornu
1069 306 1128 350 sic
1159 305 1313 350 extulit
1342 323 1516 362 ursum,
1583 331 1596 354 ⁵

325 381 468 422 Jactat
495 387 543 421 ut
567 378 791 438 impositas
816 387 966 421 taurus
997 379 1039 420 in
1067 387 1181 420 astra
1210 376 1334 438 pilas.

257 515 381 555 Οὕτω
411 510 487 572 γὰρ
520 505 666 571 διπλόῃ
700 513 792 565 βοῦν
823 508 957 572 ἄγριον
989 507 1070 571 αἶρε
1098 511 1258 571 κεραίῃ,

325 573 383 633 Ως
409 589 554 642 ταῦρος
580 585 708 641 λικμᾷ
735 576 894 625 δείκελα
919 588 1170 642 χορτοπαγῆ.

240 724 270 757 5.
284 725 392 757 Janus
406 724 543 764 Dousa,
556 722 768 768 Scaligerus‚
784 722 864 755 Pul-

185 790 353 817 nmnnus,
376 776 454 817 alii,
476 789 563 808 rtrum
583 776 702 821 legunt
725 787 789 821 pro
813 789 863 809 ur-

182 844 260 864 sam.
273 829 365 862 Vide
380 829 568 863 variorum
587 829 706 862 Notas.
727 849 778 854 -—-
796 828 861 862 Be-

182 882 337 917 verland.
347 895 441 915 cornu
449 881 859 916 1·abz'do.Codd.Florent.

183 945 218 970 et
238 935 332 969 Med.
360 935 483 980 rapido.
508 956 560 961 —
593 934 725 969 Gemino
753 947 859 968 comm.

182 989 398 1023 Rhinoceros
412 989 583 1021 africanus
597 988 773 1033 geminum
788 1000 862 1021 eor-

182 1055 229 1075 nu
242 1043 356 1076 habet.
369 1043 508 1087 Legunt
521 1042 578 1074 alii
594 1055 701 1080 lll·um;
714 1041 781 1074 hoc
793 1050 842 1074 est
852 1068 860 1083 ‚

182 1096 308 1128 hovem
333 1095 545 1134 silvestrem,
567 1095 623 1127 cui
655 1094 859 1140 imperitum

181 1149 307 1194 vulgus
349 1148 456 1180 bubali
491 1160 619 1180 nomen
660 1147 827 1193 imposuit
851 1174 859 1189 ‚

181 1209 266 1234 teste
286 1201 420 1239 Plinio,
441 1201 500 1233 lib.
519 1201 626 1240 VIII,
645 1213 720 1245 cap.
742 1201 807 1241 15;
827 1209 860 1233 et

181 1253 262 1287 ideo
275 1254 474 1298 intelligunt
484 1266 587 1286 urum
598 1254 738 1299 gemino
750 1264 861 1286 cornu

179 1319 336 1352 gravem,
354 1305 389 1339 id
410 1315 461 1339 est
479 1307 665 1347 infestum,
682 1306 735 1338 vel
756 1306 859 1339 etiam

178 1359 418 1406 ponderosum
442 1358 537 1405 quod
558 1359 722 1392 convenit
751 1359 859 1404 magis

180 1425 247 1447 uro
257 1426 360 1459 quam
371 1426 454 1447 urso
464 1426 473 1454 ;
482 1411 568 1458 quid
579 1413 669 1445 enim
680 1439 687 1451 ,
697 1419 735 1445 ut
746 1413 857 1452 aiunt,

921 721 1100 762 mirabile,
1119 722 1149 756 si
1164 722 1371 766 rhinoceros
1398 724 1460 770 qui
1483 734 1600 759 tauros

921 770 1055 821 (epigr.
1074 787 1110 808 1x
1134 774 1286 821 supra),
1311 777 1463 822 jactabat
1489 779 1598 812 veluti

919 828 1029 874 pilas,
1047 830 1151 872 jactat
1170 828 1316 862 ursum?
1337 830 1403 863 En.

975 884 1008 915 6.
1024 881 1162 927 Lipsius
1181 881 1223 914 ad
1242 883 1362 916 senec.
1381 882 1425 916 de
1443 884 1498 917 Ira
1513 910 1520 924 ‚
1537 885 1598 918 lib.

919 935 994 975 III,
1014 947 1088 980 cap.
1121 934 1167 968 3ο
1181 961 1190 975 ,
1219 936 1460 981 suspicabatur
1483 937 1599 983 legen-

919 986 1027 1029 dum,
1051 988 1163 1020 Jactat
1188 996 1224 1020 ut
1245 990 1412 1035 obpositas.
1444 991 1528 1024 Ant.
1556 989 1599 1023 de

918 1042 1019 1086 Rooy
1050 1042 1234 1086 proposuit
1247 1068 1255 1084 ,
1279 1045 1446 1087 expositas.
1462 1043 1599 1089 Exponi

918 1093 1096 1136 dicuntur,
1107 1107 1334 1141 quaecumque
1348 1096 1383 1129 in
1395 1104 1516 1141 aperto
1530 1097 1601 1130 col-

918 1147 1095 1181 locantur.
1115 1146 1209 1180 Vide
1230 1147 1301 1182 Cel.
1327 1149 1531 1194 Cannegiet.
1555 1148 1599 1182 ad

922 1201 1044 1233 Avian.
1069 1200 1151 1234 Fab.
1179 1201 1327 1243 XXIII,
1351 1210 1385 1235 et
1405 1203 1528 1236 Burm.
1557 1202 1600 1236 ad

921 1253 1026 1286 Ovid.
1050 1254 1126 1287 Art.
1148 1254 1165 1285 I
1180 1280 1188 1294 ‚
1211 1255 1295 1294 408.
1315 1256 1428 1300 Atque
1449 1255 1496 1288 ita
1519 1255 1599 1301 pilae

919 1307 953 1338 in
984 1318 1086 1339 arena
1115 1307 1296 1352 expositae,
1317 1316 1356 1341 ut
1377 1307 1459 1341 inde
1481 1308 1601 1342 bestiae

919 1358 1154 1392 irritarentur.
1183 1379 1235 1385 —-
1258 1361 1361 1394 Pz‘las.
1389 1363 1441 1394 De
1472 1361 1600 1407 quibus

918 1410 1051 1445 dictum
1072 1412 1161 1458 epig.
1183 1424 1259 1456 xix,
1280 1425 1394 1458 supra.

768 1550 1018 1605 XXIII.

645 1714 710 1741 DE
750 1713 1131 1742 CARPOPHORO.

186 1824 373 1862 Eumdem
395 1824 692 1874 Carpophorum
716 1823 866 1870 laudat,
886 1837 999 1873 quem
1020 1837 1137 1874 supra
1162 1825 1305 1875 (epigr.
1332 1826 1408 1876 xv)
1434 1837 1471 1865 et
1500 1828 1599 1865 infra

404 1885 541 1936 (epigr.
561 1886 693 1934 xxvn)
710 1883 893 1921 heroibus
914 1885 1070 1935 praefert
1089 1886 1264 1935 antiquis.
1288 1890 1360 1924 En.

251 2013 439 2056 DORICA
467 2027 598 2071 quam
632 2019 751 2054 certo
784 2009 1000 2053 venabula
1030 2010 1176 2072 dirigit
1206 2013 1294 2056 ictu

250 2148 350 2194 Οἴην
378 2146 588 2193 εὐσκοπίην
618 2146 735 2188 ἰθύνει
760 2139 937 2205 Δωρίδος
965 2145 1110 2205 αἰχμῆς

238 2298 266 2319 1.
286 2285 405 2318 Norica
425 2286 514 2330 conj.
536 2284 691 2318 Ramires
711 2284 754 2318 de
772 2285 850 2317 Pra-

178 2337 237 2372 do.
268 2340 309 2371 In
344 2338 475 2370 Norica
505 2338 687 2382 provincia
724 2337 855 2370 affabre

179 2404 283 2423 omne
303 2403 478 2423 armorum
503 2402 608 2435 genus
631 2389 712 2422 cudi
734 2390 855 2435 vulga-

178 2453 253 2477 tum
275 2453 335 2477 est.
363 2443 452 2476 Hor.
482 2442 549 2476 Od.
577 2444 614 2483 I,
645 2445 701 2476 16.
728 2443 855 2475 Noster

180 2498 269 2529 infra
284 2522 292 2536 ‚
318 2497 379 2529 lib.
401 2497 474 2537 IV,
495 2496 605 2540 epigr.
630 2509 683 2528 Lv.
708 2496 752 2528 At
776 2494 855 2528 vide

179 2549 338 2582 Turnebi
362 2548 451 2582 Adv.
474 2549 599 2585 XVII,
625 2561 658 2581 2.
686 2549 752 2582 Pro
774 2558 856 2579 certo

180 2602 217 2634 in
232 2602 410 2634 nonnullis
430 2600 533 2635 codd.
553 2610 644 2634 torto.
660 2623 712 2627 ,ἡ
725 2602 855 2634 Dorica.

179 2655 299 2688 Graeca
325 2667 334 2686 τ
361 2667 441 2687 nam
467 2655 631 2687 venabuli
658 2654 857 2687 inventores

915 2285 1012 2318 fuere
1026 2286 1138 2319 Graeci
1149 2312 1157 2327 ‚
1169 2294 1255 2319 teste
1268 2286 1383 2320 Plinio
1396 2289 1500 2330 VIII,
1521 2289 1566 2323 36
1585 2302 1592 2324 :

914 2339 969 2370 vel
985 2339 1156 2372 Laconica
1180 2347 1220 2372 ut
1239 2340 1352 2384 placet
1373 2341 1467 2384 aliis;
1484 2343 1593 2377 Laco-

914 2403 974 2423 nes
993 2391 1085 2423 enin]
1104 2400 1284 2426 venatores
1303 2394 1452 2435 strenui,
1472 2395 1597 2429 iidem-

916 2455 982 2487 que
1013 2444 1134 2477 Dorici
1164 2445 1298 2490 generis
1328 2446 1479 2481 fuerunt.
1500 2449 1593 2482 Vide

917 2497 1076 2529 Turneb.
1106 2496 1182 2531 adv.
1207 2498 1266 2531 lib.
1299 2499 1426 2540 XVII,
1452 2514 1526 2547 cap.
1558 2515 1590 2536 2.

917 2549 984 2581 Vel
999 2561 1015 2581 a
1026 2549 1175 2592 Doride,
1195 2551 1230 2584 in
1246 2564 1312 2597 qua
1324 2552 1456 2586 Pindus
1473 2567 1593 2593 mons,

918 2602 1059 2647 optimae
1081 2604 1232 2637 materiae
1255 2604 1299 2637 ad
1320 2605 1456 2639 hastilia
1477 2607 1592 2646 ferax;

918 2655 972 2687 vel
1003 2668 1018 2687 a
1042 2656 1193 2690 Doribus
1216 2657 1274 2702 qui
1290 2684 1297 2697 ‚
1327 2666 1412 2691 teste
1440 2659 1593 2692 Homero

1337 2731 1358 2768 3
1381 2730 1386 2738 .
