2061 3288
433 249 1021 296 EPIGRAMMATUM
1061 249 1185 292 LIB.
1226 249 1290 291 II.

1481 247 1573 310 173

835 414 901 469 V.

660 579 731 607 AD
769 576 1074 607 DECIANUM.

227 705 299 748 NE
326 702 494 747 valeam
511 738 523 759 ,
547 704 582 747 si
607 719 696 746 non
720 703 847 758 totis,
870 702 1091 757 Decime,
1117 701 1295 759 diebus,

299 776 357 818 Et
388 784 532 818 tecum
564 774 666 818 totis
695 773 898 817 noctibus
929 789 1021 817 esse
1046 771 1190 816 velim.

229 844 314 889 Sed
345 845 432 888 duo
465 854 593 899 sunt,
619 862 715 905 quae
739 861 819 888 nos
844 844 1140 904 distinguunt,
1168 842 1303 887 millia
1333 860 1508 905 passum
1531 861 1540 887 ε

299 916 503 973 Quatuor
527 915 619 959 haec
646 914 783 971 fiunt,
805 931 941 975 quum
968 914 1186 958 rediturus
1211 931 1319 958 earn.

228 987 350 1047 Saepe
375 986 494 1030 domi
519 1003 608 1030 non
631 1003 675 1030 es
700 1004 708 1030 :
731 1003 867 1047 quum
891 986 947 1029 sis
973 1002 1171 1046 quoque,
1198 1002 1310 1047 saepe
1337 987 1534 1047 negaris:
1557 1004 1571 1027 ε

298 1056 382 1100 Vel
408 1067 578 1100 tantum
610 1059 774 1113 causis,
797 1056 866 1100 vel
893 1056 970 1100 tibi
996 1073 1108 1117 saepe
1135 1073 1276 1100 vacas.

227 1129 288 1171 Te
314 1137 460 1172 tamen
486 1137 536 1171 ut
560 1127 754 1184 videam,
776 1127 864 1171 duo
889 1126 1022 1171 millia
1048 1144 1138 1171 non
1164 1129 1284 1189 piget
1306 1129 1368 1172 ire
1390 1145 1397 1170 :

183 1194 186 1196 ¹
300 1198 364 1242 Ut
393 1208 435 1242 te
463 1215 552 1242 non
583 1198 754 1243 videam
775 1234 787 1255 ‚
813 1208 1002 1259 quatuor
1027 1199 1089 1242 ire
1115 1199 1246 1259 piget.

214 1356 246 1376 1.
277 1343 426 1376 Juntina
462 1351 581 1376 nostra
612 1344 647 1377 in
680 1344 838 1390 margine

156 1396 260 1429 habet
281 1410 287 1428 :
317 1414 330 1425 ι
347 1393 497 1429 Dis³eam
520 1395 630 1430 codex
656 1406 776 1430 noster
795 1415 808 1427 n
826 1409 836 1439 ;

156 1448 192 1481 id
209 1458 279 1490 est,
296 1450 480 1494 Dispeream
492 1477 502 1490 ,
517 1452 545 1482 si
561 1463 621 1483 non
636 1476 644 1489 ,
667 1458 732 1484 etc.

211 1502 246 1536 3.
267 1501 475 1537 Beverlandi
499 1503 575 1536 MS.
599 1517 669 1549 quw
689 1517 745 1536 nos
769 1503 835 1535 dis·

149 1563 315 1600 jungunt,
346 1564 379 1589 et
405 1564 498 1590 recte
522 1556 651 1590 forsan.
678 1577 730 1583 -—-
754 1556 836 1600 Quae

157 1621 212 1640 nos
227 1608 438 1653 distinguant.
458 1610 545 1651 Quae
561 1608 707 1643 domum
722 1622 835 1643 meam

158 1673 175 1693 a
197 1669 257 1694 tua
275 1660 492 1708 disjungunt.
515 1663 583 1696 En.

214 1714 246 1747 5.
262 1714 354 1760 Soepe
369 1719 505 1760 negaris.
521 1715 605 1749 Vid.
622 1716 683 1750 lib.
702 1717 750 1757 V,
766 1715 837 1761 epi-

898 1356 1044 1389 gramm.
1065 1356 1154 1377 xxn.
1171 1342 1287 1376 «Illud
1307 1342 1422 1378 adhuc
1439 1345 1581 1389 gravius

897 1396 993 1442 quod
1010 1405 1060 1438 te,
1080 1406 1158 1443 post
1174 1397 1268 1429 mille
1287 1397 1423 1430 labores
1435 1424 1443 1439 ‚
1457 1398 1578 1440 Paule,

896 1458 998 1496 negat
1012 1450 1101 1484 lasso
1116 1450 1246 1495 janitor
1265 1462 1336 1483 esse
1356 1449 1578 1485 domi.»Gal-

895 1503 972 1537 lice.
994 1503 1170 1548 Consignet·
1187 1517 1223 1535 ,ςα
1236 1512 1339 1548 porte.
1361 1504 1428 1536 En.

953 1558 986 1590 6.
1014 1557 1152 1589 Tantum
1165 1558 1280 1589 causis.
1300 1557 1475 1590 Clientum
1496 1569 1578 1591 cau-

896 1609 954 1643 sis.
965 1610 1098 1643 ——Tibi
1110 1623 1192 1655 soepe
1211 1623 1317 1642 vacas·
1333 1610 1420 1644 Tuis
1434 1609 1576 1653 studiis,

896 1663 951 1696 vel
971 1663 1105 1697 balneis
1118 1688 1128 1705 ‚
1155 1663 1283 1705 coenis,
1302 1676 1362 1697 seu
1382 1662 1577 1697 valetudini

896 1715 1071 1750 curandae.

817 1865 917 1919 VI.

682 2028 750 2056 AD
787 2027 1054 2056 SEVERUM.

369 2155 389 2197 Ι
416 2170 533 2198 nunc
548 2189 560 2209 ‚
586 2152 713 2196 edere
737 2169 807 2196 me
828 2153 935 2212 jube
962 2151 1141 2197 libellos.

369 2225 515 2268 Lectis
540 2225 614 2267 vix
636 2224 713 2267 tibi
739 2224 908 2285 paginis
933 2223 1103 2267 duabus
1119 2260 1129 2277 ‚

217 2368 386 2411 Queritur
416 2368 584 2401 Martialis
613 2367 656 2401 de
696 2366 837 2402 fastidio

157 2421 289 2464 Severi,
313 2422 375 2468 qui
394 2422 525 2467 singula
542 2422 651 2467 ipsius
670 2421 839 2467 epigram-

156 2485 248 2509 mata
260 2502 269 2517 ,
281 2483 465 2520 antequam
481 2474 668 2508 ederentur
680 2500 688 2515 ,
704 2473 839 2507 assidue

156 2529 344 2570 laudabat,
374 2528 515 2573 suisque
550 2528 764 2560 inscribebat
801 2527 838 2559 in

156 2581 408 2629 pugillaribus;
424 2594 505 2614 mox
523 2580 640 2614 eadem
657 2581 693 2613 in
706 2581 837 2613 librum

159 2635 304 2669 collecta
329 2642 363 2667 et
387 2633 479 2667 edita
512 2635 717 2679 languenter
749 2633 838 2666 osci-

158 2697 341 2733 tanterque
375 2687 521 2733 legebat.
546 2686 641 2720 Vide
666 2687 758 2720 libro
792 2687 839 2726 V,

899 2381 953 2414 ep.
973 2381 1061 2401 Lxxx
1072 2394 1080 2409 ,
1092 2366 1134 2400 ad
1146 2367 1308 2402 eumdem
1321 2368 1498 2404 Severum.
1508 2371 1574 2405 En.

957 2434 987 2454 1.
1017 2422 1037 2453 I
1054 2434 1145 2454 nunc.
1174 2422 1338 2455 Formula
1365 2421 1576 2468 indignantis

899 2482 932 2507 et
952 2473 1153 2507 insultantis
1171 2468 1266 2517 (vid.
1290 2475 1349 2508 lib.
1369 2476 1484 2521 Spect.
1502 2478 1576 2523 epi·

898 2539 1044 2571 gramm.
1062 2539 1175 2568 xxnx,
1197 2541 1229 2561 v.
1253 2530 1292 2569 63
1315 2537 1348 2561 et
1367 2529 1428 2563 lib.
1446 2531 1480 2572 Ι,
1501 2531 1575 2576 epi-

899 2592 1043 2625 gramm.
1067 2592 1181 2622 xmn,
1204 2594 1236 2613 v.
1261 2579 1333 2622 6),
1354 2595 1420 2628 qua
1442 2584 1576 2617 incusat

899 2633 1065 2666 Severum
1100 2633 1276 2667 fastidiose
1302 2635 1475 2681 legentem
1502 2649 1578 2682 quae

903 2685 976 2731 ipse
993 2685 1127 2719 edenda
1144 2696 1334 2722 censuerat.
1351 2688 1417 2721 En.
