2061 3288
470 219 566 266 238

845 224 905 266 M.
930 225 1007 268 VA
1022 225 1072 268 L.
1112 226 1500 271 MARTIALIS

1056 357 1291 414 LXIX.

933 503 989 531 IN
1035 503 1377 533 CLAss1cuM.
1402 485 1421 502 *

538 625 748 668 INVITUM
778 638 950 666 coenare
980 621 1085 666 foris
1114 632 1181 678 te,
1208 621 1425 680 Classice,
1451 624 1556 670 dicis
1580 644 1589 669 :

608 696 650 739 Si
677 710 765 737 non
790 693 1008 748 mentiris,
1036 691 1250 747 Classice‚
1278 693 1535 756 dispeream.

536 768 637 827 Ipse
662 780 835 825 quoque
866 763 918 807 ad
951 779 1118 807 coenam
1147 764 1364 824 gaudebat
1385 766 1563 827 Apicius
1588 768 1650 811 ire
1676 785 1684 811 :

610 836 760 893 Quum
791 844 1006 891 coenaret,
1032 844 1126 878 erat
1154 835 1318 879 tristior
1346 835 1438 892 ille,
1468 836 1599 881 domi.

539 909 582 952 Si
605 917 752 951 tamen
776 907 937 949 invitus
962 905 1106 960 vadis,
1131 922 1229 960 cur,
1257 905 1469 963 Classice‚
1490 906 1642 952 vadis?
1868 927 1880 950 5

607 980 775 1039 Cogor,
802 978 891 1021 ais:
920 993 1073 1020 verum
1105 986 1190 1032 est3
1215 977 1387 1038 cogitur
1414 987 1457 1021 et
1485 977 1635 1022 Selius.

536 1052 604 1094 En
634 1058 762 1109 rogat
789 1047 844 1091 ad
875 1063 1041 1091 coenam
1070 1047 1229 1091 Melior
1254 1057 1322 1104 te,
1349 1047 1565 1105 classice,
1589 1058 1765 1092 rectam.

600 1119 795 1164 Grandia
819 1118 953 1162 verba
978 1118 1054 1161 ubi
1086 1116 1221 1162 sunt?
1242 1119 1276 1162 si
1300 1119 1365 1162 vir
1393 1136 1460 1175 es,
1482 1136 1607 1176 ecce,
1632 1135 1756 1181 nega.

520 1242 535 1255 '¹
576 1241 766 1276 Classicum
797 1241 1004 1286 coenipetam
1036 1240 1148 1286 tangit

468 1297 528 1344 qui
557 1296 707 1329 maxime
738 1295 900 1328 convivia
933 1294 1145 1339 expetebat,

469 1352 516 1384 ita
542 1358 657 1383 tamen
681 1348 892 1393 loquebatur
915 1347 1015 1393 quasi
1041 1347 1147 1379 mini-

468 1416 524 1438 me
538 1411 726 1448 expeteret.
746 1400 833 1434 Vid.
854 1399 977 1434 Sidon.
995 1400 1055 1433 lib.
1075 1401 1147 1441 III,

468 1457 568 1502 epist.
595 1456 627 1489 3.
652 1455 718 1487 En.

525 1523 556 1542 2.
578 1509 773 1552 Dispereczm.
797 1507 962 1539 Formula
984 1504 1146 1551 adjuran-

470 1563 532 1606 tis,
555 1560 648 1607 apud
662 1562 837 1593 Romanos
856 1559 992 1592 usitata.
1013 1560 1078 1591 En.

525 1615 557 1648 3.
582 1616 651 1660 Ipse
672 1626 791 1660 quoque
807 1639 815 1652 ‚
844 1621 909 1645 etc.
927 1611 1053 1645 Sensus
1070 1619 1120 1644 est
1139 1622 1147 1643 ε

471 1669 505 1703 Si
526 1668 690 1715 princeps
709 1667 767 1700 ille
782 1666 989 1699 helluonum
1004 1665 1147 1710 Apicius

471 1719 543 1762 (de
579 1733 650 1766 quo
683 1720 745 1753 lib.
777 1720 851 1760 III,
879 1719 987 1764 epigr.
1020 1715 1146 1759 xxu),

471 1774 629 1821 quamvis
655 1772 868 1813 ditissimus,
893 1780 927 1804 et
947 1770 1149 1804 luxuriosis-

470 1829 555 1862 sime
585 1826 681 1860 domi
712 1838 872 1865 coenans,
900 1824 1075 1870 gaudebat
1105 1823 1148 1857 ad

470 1893 601 1916 coenam
617 1879 778 1920 invitari,
793 1891 857 1912 cur
871 1886 910 1911 tu
921 1905 930 1920 ,
946 1877 1148 1923 pauperior,

469 1943 503 1968 et
518 1934 607 1967 male
625 1931 723 1966 domi
742 1940 939 1965 coenaturus
950 1957 960 1972 ‚
977 1943 1049 1964 non
1063 1943 1146 1976 gau-

470 1987 574 2022 deas?
596 1988 663 2020 ΕΒ.

526 2046 559 2082 4.
583 2041 664 2074 Ant.
686 2039 724 2071 de
749 2039 839 2085 Rooy
855 2050 921 2083 pro
941 2038 994 2070 ille
1015 2049 1145 2082 propo-

470 2094 539 2128 suit
567 2094 662 2133 inde,
696 2091 791 2137 quod
828 2091 1076 2136 interpretatur
1108 2104 1147 2122 ex

471 2148 528 2180 hoc
559 2147 612 2179 vel
640 2153 817 2191 propterea.
840 2142 925 2177 Vid.
956 2145 1076 2176 Burm.
1103 2141 1146 2175 ad

471 2199 577 2233 Ovid.
594 2200 685 2232 Fast.
703 2199 768 2239 IV,
790 2197 875 2242 237.
889 2219 940 2223 —
954 2197 1005 2230 Ita
1023 2195 1147 2229 ordina

471 2266 573 2287 voces
586 2265 593 2286 :
607 2260 680 2285 erat
700 2251 758 2285 ille
780 2250 933 2292 tristior,
949 2262 1058 2295 quum
1079 2262 1146 2282 εοε-

469 2315 568 2340 naret
590 2305 698 2339 domi.

526 2362 560 2392 6.
601 2358 718 2402 Cogor.
756 2358 810 2389 Ab
847 2356 968 2389 amicis
984 2383 990 2394 ,
1033 2355 1148 2400 inquit

474 2411 652 2445 Classicus.
683 2432 734 2437 —
764 2410 920 2454 Cogitur,
956 2416 1020 2441 etc.
1055 2408 1148 2441 Gula

472 2477 598 2510 nempe
617 2464 710 2509 cogit
729 2476 801 2496 vos.
823 2463 874 2495 Ee
897 2462 988 2495 Selio
1010 2460 1146 2494 dictum

472 2518 580 2563 epigr.
603 2529 659 2556 Χῖ,
682 2529 754 2557 nv,
776 2525 809 2549 et
829 2527 927 2548 xxvn
950 2527 1045 2559 supr.
1066 2514 1150 2558 Cogi

472 2571 578 2603 latine
598 2568 727 2602 dicitur
748 2569 775 2601 is
798 2568 858 2614 qui
880 2569 913 2601 vi
937 2568 1049 2600 aliena
1066 2579 1149 2600 con-

472 2633 522 2656 tra
547 2623 762 2655 voluntatem
790 2634 885 2654 suam
900 2647 908 2661 ,
927 2620 981 2653 vel
1005 2620 1063 2665 qui
1086 2633 1147 2652 vo-

470 2677 602 2709 luntate
630 2688 688 2708 sua
712 2673 882 2719 pertinaci
911 2672 953 2705 ad
978 2685 1049 2705 rem
1080 2671 1147 2705 clu-

1204 1241 1306 1274 citur.
1324 1240 1409 1275 Vid.
1431 1240 1475 1274 ad
1497 1242 1638 1275 Terent.
1666 1242 1703 1275 in
1724 1240 1859 1275 Andria
1873 1268 1882 1284 ,

1206 1302 1269 1327 act.
1293 1294 1358 1334 IV⁷
1377 1306 1469 1327 scen.
1494 1307 1526 1328 1.

1261 1359 1294 1391 7.
1316 1347 1444 1380 Allelior.
1463 1347 1571 1393 Cujus
1591 1355 1682 1380 tanta
1702 1347 1770 1381 fuit
1788 1360 1883 1380 men-

1205 1412 1250 1433 sae
1268 1400 1456 1445 elegantia,
1481 1408 1521 1433 ut
1537 1399 1672 1433 nitidus
1696 1400 1801 1433 fuerit
1821 1413 1882 1445 ap-

1205 1453 1363 1497 pellatus.
1391 1453 1518 1486 Statius
1533 1476 1543 1492 ,
1563 1452 1658 1499 Sylv.
1676 1452 1739 1486 lib.
1758 1454 1793 1485 II
1806 1477 1816 1494 ‚
1837 1452 1882 1486 de

1206 1506 1329 1538 arbore
1350 1505 1466 1539 Atedii
1484 1518 1493 1538 :
1519 1523 1532 1535 «ι
1560 1505 1632 1538 Stat
1651 1518 1727 1551 quae
1747 1506 1882 1551 perspi-

1205 1571 1285 1593 cuas
1314 1558 1418 1592 nitidi
1446 1559 1602 1591 Melioris
1627 1566 1752 1603 opacet
1767 1560 1883 1592 Arbor

1206 1624 1322 1656 aquas.
1348 1629 1361 1640 u
1389 1634 1442 1638 —
1460 1613 1600 1644 Rectam.
1624 1612 1794 1653 Civilem,
1818 1612 1883 1645 ho·

1206 1673 1358 1704 nestam,
1377 1677 1445 1710 qua
1468 1677 1550 1697 cum
1568 1664 1724 1710 patronis
1741 1664 1883 1698 clientes

1206 1718 1457 1750 accumbebant
1481 1717 1584 1754 olim,
1607 1726 1794 1763 antequam
1820 1717 1882 1752 da-

1205 1779 1301 1804 retur
1317 1771 1472 1817 sportula
1482 1797 1490 1812 ,
1502 1783 1578 1816 quae
1591 1770 1627 1803 in
1642 1771 1763 1804 locum
1778 1783 1884 1804 coenae

1206 1832 1311 1857 rectae
1343 1824 1409 1857 fuit
1443 1824 1640 1857 substituta.
1674 1823 1883 1866 Suetonius,

1206 1877 1241 1909 in
1262 1877 1468 1911 Domitiano
1481 1903 1490 1918 ‚
1504 1890 1578 1923 cap.
1598 1889 1617 1920 7
1637 1888 1645 1909 ε
1671 1893 1684 1905 «
1702 1876 1882 1921 Sportulas

1205 1930 1364 1975 publicas
1393 1930 1551 1970 sustulit,
1584 1937 1744 1962 revocata
1771 1941 1883 1963 coena-

1205 1996 1283 2016 rum
1298 1991 1473 2016 rectarum
1484 1981 1758 2016 consuetudine.
1769 1999 1782 2012 n
1800 1983 1880 2016 Lib.

1207 2037 1296 2068 VHI
1310 2061 1320 2077 ,
1336 2037 1445 2082 epigr.
1470 2049 1501 2069 L.

1261 2090 1294 2122 8.
1314 2091 1397 2122 Ant.
1413 2089 1452 2121 de
1464 2089 1554 2135 Rooj¹
1565 2088 1714 2133 legeret:
1733 2087 1881 2122 Grandia

1206 2142 1303 2174 verba
1327 2143 1380 2174 ubi
1402 2146 1510 2174 nunc?
1536 2141 1656 2174 Solent
1689 2141 1782 2173 enim
1812 2141 1882 2174 fre-

1206 2196 1368 2240 quentius
1388 2195 1424 2227 in
1448 2193 1624 2239 ejusmodi
1644 2194 1882 2239 increpatione

1207 2247 1371 2281 adverbia
1405 2261 1486 2280 nunc
1514 2248 1569 2280 vel
1604 2256 1675 2279 tunc
1711 2246 1881 2280 adhiberi.

1208 2301 1307 2346 Virg.
1339 2303 1421 2334 AEn.
1442 2302 1489 2341 V,
1514 2301 1612 2344 3913
1635 2301 1687 2341 Χ,
1715 2300 1788 2344 897
1808 2312 1817 2341 ;
1848 2308 1883 2333 et

1209 2353 1314 2388 Ovid.
1335 2353 1591 2398 Heroid.epist.
1612 2354 1677 2393 IV,
1698 2352 1778 2386 150.
1795 2352 1881 2384 Por-

1207 2421 1247 2440 ro
1264 2434 1272 2449 ,
1297 2420 1363 2452 pro
1381 2400 1546 2450 ecce⁷³nega
1560 2432 1568 2448 ,
1590 2405 1688 2438 malit
1708 2408 1751 2437 ire
1770 2417 1849 2448 nega
1863 2410 1882 2436 ,ὓ

1207 2460 1400 2506 praesertim
1428 2472 1536 2505 quum
1561 2460 1632 2503 jam
1657 2459 1692 2491 τὸ
1718 2470 1755 2489 en
1779 2470 1882 2490 versu

1207 2514 1370 2558 proximo
1401 2511 1622 2558 praecesserit.
1649 2533 1696 2538 —-
1720 2509 1880 2543 Grandia.

1208 2567 1258 2599 Te
1275 2566 1404 2599 scilicet
1416 2565 1566 2598 invitum
1582 2574 1718 2596 coenare
1733 2562 1882 2596 foris.—

1208 2620 1246 2652 δι’
1262 2622 1315 2652 vir
1333 2632 1375 2651 es.
1392 2618 1427 2650 Si
1443 2618 1558 2662 gulam
1576 2616 1739 2648 cohihere
1758 2624 1857 2660 potes
1871 2641 1881 2657 ‚

1208 2671 1264 2705 ‹lic
1283 2680 1316 2705 te
1329 2671 1421 2703 nolle
1440 2669 1481 2703 ad
1497 2682 1628 2702 cernam
1648 2668 1804 2702 Melioris
1819 2669 1880 2702 ire.
