2061 3288
454 223 1039 268 EPIGRAMMATUM
1080 224 1203 266 LIB.
1243 225 1309 266 ΙῘ.

1493 225 1588 272 225

313 313 457 369 Quem
487 328 576 355 uon
603 311 785 357 lacernis
812 311 989 356 Publius
1015 327 1137 355 meus
1166 311 1326 367 vincit,

314 383 416 427 Non
446 383 535 444 ipse
566 382 740 427 Codrus
766 383 896 445 alpha
919 381 1249 445 penulatorum3

312 453 456 510 Quem
484 470 590 515 grex
615 463 789 515 togatus
812 455 1026 516 sequitur,
1053 462 1096 497 et
1120 452 1345 514 capillatus
1360 489 1370 509 ‚
1575 475 1588 499 ⁵

308 524 564 586 Recensque
591 524 694 569 sella
720 524 946 587 linteisque
974 524 1162 585 lorisque
1183 541 1191 567 :

170 674 256 707 diam
275 676 328 720 qui
347 685 435 707 secat
453 676 552 708 viam.
576 695 629 702 —-
652 675 849 722 Amethysti-

171 735 274 760 natus.
298 727 374 762 Hoc
399 735 451 761 est
465 753 474 769 ‚
494 728 648 762 vestibus
668 727 850 762 conductis

170 789 313 814 ornatus
341 781 528 827 amethysti
557 781 710 815 colorem
742 781 849 815 viola-

170 846 271 868 ceum
301 834 545 868 referentibus.
570 835 648 868 Lib.
668 834 685 866 I
701 860 710 876 ‚
739 835 848 880 epigr.

171 899 288 928 xcvu,
306 901 356 921 vs.
384 900 418 933 7.
447 909 499 914 -
524 888 635 921 Media
652 895 747 921 secat.
773 887 850 922 Hoc

171 949 242 981 est,
264 934 446 974 viam³sihi
473 942 584 986 aperit
610 954 673 987 per
699 939 848 974 mediam

172 994 325 1028 turbam.
342 994 392 1027 Ut
408 994 535 1027 fastum
552 994 625 1028 ficti
642 995 746 1039 hujus
763 993 851 1028 divi-

172 1047 213 1079 tis
241 1047 406 1092 graphice
433 1047 598 1093 depingat
618 1048 746 1089 Poeta,
776 1048 849 1082 haee

171 1100 363 1146 subjungit.
379 1101 483 1133 Viam
496 1102 591 1134 enim
605 1101 671 1134 sibi
687 1113 851 1146 arrogan-

172 1160 224 1186 ter
243 1154 397 1199 aperire,
415 1163 465 1187 est
480 1155 608 1188 imitari
630 1153 755 1188 divites
773 1154 848 1188 illos

172 1207 340 1252 superbos
352 1232 361 1249 ‚
383 1207 561 1241 fortunam
582 1207 788 1241 immodeste
804 1207 850 1241 fe-

172 1268 298 1293 rentes.
317 1279 368 1285 --
381 1259 488 1305 Septa.
506 1261 629 1306 Septa,
645 1270 684 1294 ut
696 1260 849 1294 diximus

172 1312 279 1358 epigr.
306 1325 366 1345 nv
388 1325 482 1358 supr.
502 1326 550 1346 vs.
577 1314 595 1347 5
612 1340 621 1355 ,
649 1322 746 1347 erant
769 1326 849 1359 pars

172 1365 292 1411 Campi
316 1366 435 1399 Martii
459 1365 606 1400 sudibus
633 1375 667 1399 et
689 1367 849 1400 cancellis

171 1417 406 1461 circumdata,
436 1419 472 1452 in
503 1432 570 1465 qua
598 1419 731 1453 inclusa
766 1432 851 1453 una-

171 1483 322 1517 quaeque
335 1472 445 1505 tribus
456 1473 619 1518 suffragia
629 1485 689 1507 sua
697 1473 829 1506 ferebat
839 1485 849 1515 ;

171 1523 232 1557 sed
250 1524 391 1570 quando
412 1525 553 1558 comitia
570 1538 643 1559 non
662 1533 762 1559 erant
779 1552 788 1567 ,
812 1526 849 1559 in

172 1578 277 1623 septis
296 1586 395 1611 erant
415 1587 623 1613 mercatores
641 1579 849 1625 pretiosissi-

173 1643 229 1664 ma
259 1638 291 1663 et
320 1630 564 1665 delicatissima
595 1645 742 1678 quaeque
771 1645 850 1666 ven-

173 1681 305 1716 dentes.
324 1682 408 1717 Vid.
431 1684 494 1718 lib.
518 1685 589 1727 IX,
607 1685 717 1731 epigr.
738 1699 800 1724 Lx,
817 1694 851 1719 et

174 1736 236 1769 lib.
253 1737 304 1778 X,
322 1736 431 1781 epigr.
455 1750 554 1771 Lxxx.

229 1789 262 1822 3.
301 1790 402 1834 Quem
429 1803 489 1822 non
521 1791 672 1829 lacernis,
702 1798 764 1823 etc.
800 1792 850 1824 De

175 1842 323 1876 lacernis
350 1841 430 1876 vide
459 1842 567 1889 epigr.
605 1855 691 1876 xxrx
723 1855 848 1888 supra,

174 1907 223 1928 vs.
243 1894 274 1927 3.

230 1952 263 1988 4.
286 1948 360 1981 Non
379 1951 442 1994 ipse
470 1949 611 1988 Codrus,
634 1958 698 1982 etc.
724 1949 759 1982 Si
777 1961 852 1982 sen-

176 2013 252 2033 sum
285 2002 433 2035 maxime
460 2001 686 2035 verisimilem
706 2028 715 2043 ‚
745 2010 778 2035 et
811 2014 850 2035 ex

176 2065 294 2087 rerum
316 2053 443 2087 ordine
469 2055 655 2101 perspicue
680 2068 850 2101 apparen-

177 2114 249 2139 tem
285 2106 489 2152 adoptamus
503 2134 512 2150 ,
545 2108 745 2154 putabimus
781 2109 850 2142 Pu-

177 2159 288 2192 blium
310 2159 536 2206 Codrumque
557 2161 662 2195 fuisse
682 2161 851 2195 delicatis-

178 2212 281 2245 simos
290 2213 450 2246 homines
459 2239 468 2254 ,
483 2226 625 2247 suarum
634 2215 851 2247 lacernarum

178 2265 347 2310 elegantia
358 2267 478 2299 molles
491 2279 528 2299 ac
541 2267 752 2308 luxuriosos3
765 2280 852 2312 quo-

179 2330 257 2350 rum
290 2327 404 2351 tamen
437 2319 641 2365 elegantiam
672 2328 852 2365 superaret

178 2372 278 2404 fictus
302 2372 358 2405 ille
383 2371 499 2405 dives:
521 2380 671 2405 attamen
691 2374 718 2406 si
734 2373 852 2406 memi-

180 2424 336 2457 nerimus
356 2425 446 2457 illius
463 2424 571 2458 Codri
585 2438 602 2458 a
619 2426 786 2459 Juvenale
808 2425 852 2458 ci-

179 2478 260 2518 tati,
291 2478 349 2522 qui
379 2479 460 2510 nihil
489 2478 645 2519 habebat,
674 2487 708 2512 et
738 2487 852 2511 tamen

175 2529 316 2574 perdidit
332 2538 428 2563 totum
442 2545 529 2563 suum
547 2529 652 2570 nihil(
669 2531 736 2564 Sat.
757 2532 810 2564 III
821 2529 832 2571 )
845 2557 854 2571 ‚

180 2582 215 2615 in
235 2582 419 2628 quamdam
435 2582 693 2618 dubitationem
709 2584 856 2617 adduca-

181 2647 261 2668 mur
283 2649 420 2670 necesse
439 2646 509 2679 est,
525 2637 744 2682 potissimum
761 2637 787 2670 si
807 2637 855 2670 le-

253 2710 286 2750 J.

909 673 1024 720 gimus
1046 674 1157 720 epigr.
1181 686 1284 717 xxw,
1309 674 1369 708 lib.
1392 676 1435 715 V,
1464 675 1499 709 in
1519 689 1590 722 quo

910 726 1069 761 Codrum
1090 726 1227 761 inducit
1242 728 1368 762 Noster
1383 728 1591 763 irascentem

909 779 1004 826 quod
1035 792 1114 813 eum
1142 781 1255 826 Alplza
1282 782 1502 826 penulatorum
1526 796 1591 817 no-

908 834 1094 867 minaverit
1113 846 1121 867 :
1154 835 1299 869 fortasse
1329 835 1510 869 conciliari
1542 837 1592 871 sic

908 895 1057 932 possunt
1075 885 1204 920 diversi
1220 887 1257 920 hi
1274 886 1345 921 duo
1364 901 1485 922 sensus
1501 903 1510 931 ;
1528 889 1591 923 sci-

907 940 1006 983 licet,
1021 939 1158 975 Codrus
1174 953 1308 987 pauper
1323 950 1413 984 erat,
1430 941 1491 976 sed
1507 956 1590 989 pau-

907 1006 971 1039 per
989 1006 1130 1040 quoque
1151 994 1376 1036 ambitiosus,
1403 1004 1436 1029 et
1458 996 1592 1030 condu-

908 1047 972 1080 ctis
988 1048 1144 1080 vestilms
1156 1048 1314 1093 fulgebat
1326 1074 1334 1090 ,
1355 1057 1393 1081 ut
1410 1049 1469 1082 ille
1483 1062 1590 1096 quem

908 1100 1019 1146 carpit
1053 1101 1233 1134 Martialis.
1270 1123 1321 1127 -
1353 1102 1464 1147 Alplza
1481 1130 1489 1143 ,
1523 1111 1588 1137 etc.

908 1154 1075 1200 Princeps
1093 1152 1321 1188 delicatorum
1335 1180 1344 1195 ,
1365 1155 1427 1200 qui
1443 1156 1589 1201 penulas

909 1215 1062 1240 sumunt.
1097 1208 1127 1240 A
1160 1220 1258 1241 more
1289 1207 1498 1242 numerandi
1526 1222 1589 1254 per

907 1260 1024 1294 literas
1043 1260 1288 1306 alphabeticas.
1311 1261 1366 1294 Sic
1386 1262 1588 1296 Eratosthe-

907 1325 969 1346 nes
987 1313 1179 1359 appellatus
1201 1315 1288 1355 βῆτα
1307 1319 1368 1347 τῶν
1391 1316 1592 1359 φιλοσοφούν-

910 1380 983 1400 των.
1004 1368 1045 1399 In
1062 1367 1166 1400 sacris
1185 1367 1314 1400 literis:
1333 1379 1396 1412 ego
1416 1380 1492 1400 sum
1513 1381 1534 1401 α
1552 1377 1587 1402 et

910 1433 950 1455 ω,
962 1421 1150 1464 principium
1164 1427 1193 1451 et
1200 1419 1586 1464 finis.--Penulat0rum.

908 1473 1037 1506 Penula
1056 1481 1129 1505 erat
1149 1471 1331 1518 quoddam
1354 1473 1450 1518 pallii
1473 1474 1586 1508 villosi

908 1538 1035 1570 genus,
1059 1538 1129 1571 quo
1155 1538 1191 1558 se
1212 1526 1418 1559 muniebant
1438 1527 1585 1561 Veteres

909 1578 1073 1612 adversus
1093 1579 1242 1611 imbrem
1255 1603 1266 1619 ‚
1287 1587 1325 1612 ut
1341 1579 1463 1612 Horat.
1483 1580 1583 1626 epist.

909 1633 925 1664 Ι
937 1658 945 1672 ,
963 1643 976 1664 1
990 1645 1020 1674 1,
1037 1644 1049 1665 1
1061 1633 1101 1666 8:
1125 1649 1138 1661 «
1157 1632 1292 1665 Penula
1310 1632 1459 1666 solstitio
1471 1659 1479 1674 ‚
1493 1641 1557 1666 etc.
1568 1652 1581 1663 n

910 1685 985 1718 Hoc
998 1685 1075 1717 loco
1095 1693 1238 1730 apparet
1258 1697 1335 1718 eam
1352 1686 1530 1731 praecipuo
1547 1687 1584 1719 in

909 1750 974 1771 usu
991 1738 1097 1771 fuisse
1115 1738 1210 1783 apud
1229 1739 1361 1771 molles.

966 1791 1000 1824 5.
1023 1790 1113 1825 Grec
1127 1798 1264 1835 togatus.
1285 1791 1462 1826 Clientum
1480 1800 1513 1825 et
1530 1805 1588 1824 an-

909 1843 1172 1876 teambulonum
1188 1870 1196 1885 ‚
1227 1856 1378 1889 quorum
1402 1842 1589 1878 indumen-

912 1904 986 1929 tum
1013 1904 1085 1929 erat
1112 1904 1209 1941 toga,
1231 1897 1294 1930 lib.
1319 1897 1356 1938 I,
1378 1897 1488 1942 epigr.
1516 1910 1586 1931 mx.

910 1971 956 1976 —
995 1948 1183 1994 Capillatus.
1215 1949 1434 1983 Cirratorum
1463 1962 1592 1995 puero-

910 2015 990 2035 rum
1011 2002 1184 2035 nobilium
1195 2029 1203 2044 ,
1215 2002 1273 2047 qui
1289 2015 1406 2036 comas
1425 2003 1563 2037 alebant
1577 2016 1584 2036 :

909 2055 971 2088 lib.
1007 2056 1061 2096 X,
1084 2055 1193 2101 epigr.
1227 2067 1301 2088 an
1317 2082 1325 2096 ‚
1349 2064 1382 2088 et
1412 2055 1473 2089 lib.
1508 2057 1585 2099 III,

910 2109 1020 2154 epigr.
1043 2121 1148 2142 Lvnl.
1168 2108 1250 2141 Vid.
1270 2121 1408 2154 quoque
1426 2107 1470 2142 ad
1490 2109 1583 2143 Pers.

911 2161 980 2195 Sat.
1000 2163 1016 2194 I
1031 2187 1040 2202 ‚
1062 2170 1095 2194 et
1116 2161 1184 2194 Sat.
1203 2162 1278 2202 III,
1297 2174 1346 2194 vs.
1366 2162 1411 2202 54²
1430 2173 1438 2194 :
1461 2179 1474 2191 «
1492 2161 1586 2196 inde-

911 2222 1009 2248 tonsa
1029 2217 1206 2260 juventus.
1227 2232 1240 2243 »

966 2270 999 2300 (3.
1024 2269 1149 2300 Recens.
1182 2267 1378 2300 Novissime
1412 2276 1527 2313 empta
1553 2277 1587 2301 et

912 2321 1087 2353 fabricata.
1108 2320 1162 2353 Sic
1177 2321 1333 2352 Juvenal.
1350 2320 1417 2353 Sat.
1434 2322 1468 2354 I:
1488 2339 1500 2350 «
1518 2321 1588 2355 No-

912 2386 951 2405 va
967 2386 1078 2418 quum
1095 2373 1212 2406 veniat
1228 2373 1348 2406 lectica
1362 2374 1551 2408 Mathonis.
1568 2393 1581 2404 ι»

912 2447 960 2451 —
982 2427 1160 2471 Linteisqzze
1179 2426 1322 2471 lorisque.
1344 2426 1468 2460 Lintea
1489 2436 1586 2460 erant

913 2479 988 2511 vela
1005 2479 1135 2523 quibus
1154 2478 1382 2512 claudebatur
1395 2505 1404 2521 ,
1425 2480 1498 2512 lora
1514 2480 1588 2513 vin-

914 2532 989 2564 cula
1012 2532 1139 2576 quibus
1159 2531 1436 2577 suspendebatur
1454 2533 1585 2567 lectica.

916 2586 967 2617 De
979 2585 1060 2617 sella
1076 2593 1110 2617 et
1124 2585 1240 2618 linteis
1253 2585 1378 2630 quibus
1396 2586 1589 2626 velabatur,

916 2638 989 2671 fuse
1003 2637 1350 2683 agitLipsius,Elect.
1361 2639 1385 2671 l.
1400 2640 1429 2681 I,
1442 2651 1515 2684 cap.
1533 2651 1588 2681 ¹9·

1290 2708 1342 2753 15
