2061 3288
489 246 579 292 158

852 248 914 290 M.
940 249 1083 292 VAL.
1128 251 1523 297 MARTIALIS

694 336 836 379 Sentit
861 336 1169 398 tristitiamque
1196 339 1501 402 gaudiumque.

689 405 819 450 Collo
846 407 947 449 nixa
977 407 1134 464 cubat,
1161 411 1365 471 capitque
1392 428 1592 469 somnos,

691 478 755 521 Ut
786 478 970 538 suspiria
998 477 1118 522 nulla
1149 481 1405 526 sentiantur.

693 550 750 592 Et
773 547 988 592 desiderio
1015 559 1168 594 coacta
1194 553 1386 608 ventris,
1873 586 1902 601 ι..

695 620 835 663 Gutta
864 618 995 680 pallia
1020 636 1111 664 non
1137 620 1290 666 fefellit
1313 621 1431 666 ulla:

692 689 778 733 Sed
809 688 971 733 blando
997 690 1108 751 pede
1139 694 1348 749 suscitat,
1377 703 1561 756 toroque

691 761 871 822 Deponi
897 770 1073 816 monet,
1101 771 1145 806 et
1171 773 1297 824 rogat
1320 763 1468 808 lavari.

693 833 836 875 Castae
865 841 1009 875 tantus
1034 833 1146 876 inest
1172 834 1316 894 pudor
1344 834 1508 880 catellae
1529 853 1538 879 :

692 903 876 963 Ignorat
899 903 1120 947 Venerem
1151 920 1159 947 :

1192 921 1272 948 nec
1301 905 1547 950 invenimus

691 974 890 1033 Dignum
917 982 1006 1017 tam
1034 983 1184 1018 tenera
1208 976 1353 1019 virum
1381 975 1537 1038 puella.

694 1046 821 1087 Hanc
853 1060 907 1087 ne
937 1043 1011 1087 lux
1040 1046 1180 1106 rapiat
1209 1062 1414 1108 suprema
1443 1057 1609 1104 totam,

692 1115 815 1158 Picta
843 1114 1020 1159 Publius
1052 1118 1256 1177 exprimit
1283 1117 1439 1161 tabella
1456 1151 1467 1172 ‚

692 1187 742 1228 In
774 1201 859 1246 qua
890 1194 978 1229 tam
1011 1186 1192 1231 similem
1224 1188 1392 1232 videbis
1424 1190 1588 1245 Issam,

690 1256 753 1299 Ut
781 1257 834 1300 sit
859 1265 948 1300 tam
979 1257 1126 1301 similis
1156 1259 1235 1302 sibi
1263 1275 1345 1303 nec
1374 1262 1479 1304 Issa.
1869 1289 1900 1306 20

539 1432 572 1464 7.
595 1419 696 1452 Sentit
719 1421 892 1453 tristitiam.
917 1419 1029 1453 Sentit
1054 1420 1162 1454 tristi-

484 1474 567 1506 tiam
582 1485 709 1518 nempe
727 1481 760 1505 et
779 1472 946 1518 gaudium
967 1473 1096 1519 quibus
1115 1474 1164 1507 af-

485 1527 602 1559 ficitur
618 1525 791 1567 Publius3
820 1539 891 1559 non
919 1526 1161 1572 intempestiva

485 1579 671 1612 festivitate
697 1579 867 1624 obstrepit
896 1578 1057 1622 dolenti3
1078 1592 1161 1625 gau-

483 1631 581 1666 denti
601 1632 729 1665 lasciva
746 1632 1022 1677 congratulatur.

539 1687 572 1718 8.
604 1685 806 1718 Franciscus
839 1684 1006 1727 Modius‚
1033 1686 1095 1719 lib.
1123 1687 1160 1722 Ι,

485 1738 586 1783 epist.
607 1750 723 1771 xxx111
735 1764 744 1779 ‚
761 1738 844 1783 legit
862 1751 902 1771 ex
915 1739 1024 1772 veteri
1041 1738 1163 1772 codice

483 1791 675 1826 Weidneri
697 1805 704 1824 :
731 1791 824 1824 Collo
842 1804 922 1824 neza
938 1819 947 1832 ‚
970 1800 1033 1825 etc.
1058 1801 1091 1825 et
1115 1793 1162 1825 sic

485 1853 536 1878 est
556 1846 592 1877 in
610 1843 687 1877 Ald.
708 1845 807 1878 Junt.
833 1845 948 1878 Colin.
974 1845 1048 1878 aliis
1073 1853 1160 1878 vett.

484 1919 535 1924 —
560 1898 652 1931 Collo
676 1901 753 1930 mlta
777 1898 879 1931 cubat.
902 1898 1003 1932 Collo
1028 1897 1162 1931 domini

484 1963 543 1984 seu
563 1951 694 1996 gremio
712 1951 832 1984 innixa
848 1950 991 1984 dormit.

539 2019 571 2047 9.
603 2005 766 2049 Susplria,
793 2013 859 2038 etc.
885 2004 1162 2050 Respirationes,

485 2070 560 2102 quae
578 2058 605 2090 si
624 2059 806 2091 crassiores
825 2057 895 2091 sint
916 2067 950 2091 et
971 2057 1161 2091 vehemen-

484 2111 591 2144 tiores
605 2136 614 2152 ,
633 2111 759 2144 ronchi
777 2111 1010 2156 appellantur.

541 2176 595 2197 10.
621 2164 750 2196 Ventris
770 2163 997 2197 exonerandi.

541 2229 598 2250 11.
627 2218 748 2250 Pallia.
770 2217 880 2250 Erant
907 2218 978 2250 sive
1003 2225 1160 2250 tororum

483 2270 701 2315 operimenta
713 2296 721 2311 ‚
738 2279 778 2304 ut
793 2269 977 2304 contendit
989 2269 1164 2314 Raderus,

484 2324 537 2355 vei
557 2332 667 2356 vestes
685 2336 768 2369 quas
783 2322 820 2355 in
838 2324 929 2356 lecto
944 2324 1092 2356 Romani
1112 2324 1163 2356 in-

482 2375 649 2410 duebant.
669 2377 860 2409 Palliorum
876 2389 976 2409 usum
992 2389 1009 2409 a
1028 2377 1160 2409 Grcrcis

485 2438 698 2474 acceperant.
718 2430 798 2463 Lib.
820 2430 894 2465 XI,
916 2429 1025 2475 epigr.
1057 2442 1159 2471 xxxv,

483 2495 515 2514 v·
536 2495 547 2514 1
560 2495 576 2514 2
593 2494 600 2515 :
618 2482 697 2514 «Ad
717 2494 849 2515 coenam
868 2483 986 2515 venies
1004 2496 1010 2514 :
1034 2481 1093 2515 sed
1110 2483 1159 2516 sic

484 2534 592 2567 divisa
606 2536 786 2568 recumbes
800 2560 810 2575 ‚
827 2536 875 2568 Ut
887 2548 959 2568 non
973 2543 1160 2581 tangantur

483 2588 586 2632 pallia
602 2597 718 2620 nostra
734 2588 815 2621 tuis.
831 2605 843 2617 »ι
857 2589 901 2621 Et
911 2587 1016 2622 Ovid.
1038 2590 1158 2621 Amor.

481 2641 577 2685 Eleg.
610 2653 640 2674 2.
675 2641 789 2673 «Esse
818 2640 903 2685 quid
929 2641 995 2674 hoc
1022 2640 1157 2683 dicam,

480 2693 576 2739 quod
593 2702 661 2727 tam
676 2693 760 2726 mihi
780 2692 870 2726 dura
884 2693 1052 2727 videntur
1067 2695 1161 2727 Stra-

1223 1421 1281 1454 ta?
1300 1434 1366 1455 nec
1393 1421 1429 1454 in
1454 1422 1544 1455 lecto
1572 1422 1676 1467 pallia
1701 1430 1820 1456 nostra
1846 1434 1899 1456 se-

1222 1473 1333 1507 dent?
1356 1492 1369 1503 »
1398 1497 1450 1501 --
1468 1475 1545 1508 Non
1559 1475 1691 1517 fhfizllit.
1718 1476 1761 1508 In
1785 1475 1898 1520 palliis

1221 1527 1430 1572 hospitalem
1463 1536 1563 1561 nacta
1593 1527 1734 1569 sedem,
1757 1527 1900 1562 videtur

1220 1592 1300 1613 cum
1312 1581 1353 1613 iis
1364 1581 1463 1626 quasi
1475 1589 1575 1626 pacta
1588 1593 1676 1622 esse,
1686 1593 1730 1614 ne
1742 1581 1898 1626 hospita-

1221 1633 1327 1666 litatis
1352 1635 1431 1678 jure
1453 1634 1679 1674 abuteretur,
1696 1634 1755 1667 illa
1782 1634 1898 1680 inqui-

1221 1685 1362 1727 nando3
1387 1685 1502 1719 datam
1529 1687 1635 1731 igitur
1656 1685 1765 1719 fidem
1786 1695 1898 1721 servat

1221 1739 1360 1780 catella,
1377 1751 1442 1772 nec
1456 1740 1560 1785 pallia
1580 1739 1678 1773 fallit.
1698 1740 1765 1773 ED.

1279 1805 1293 1825 1
1305 1806 1335 1825 2.
1348 1792 1498 1827 Suscitat.
1516 1793 1657 1826 Leviter
1674 1792 1782 1838 tangit
1803 1792 1898 1826 hunc

1221 1847 1318 1891 cujus
1337 1844 1468 1879 dormit
1485 1846 1522 1878 in
1541 1846 1684 1890 gremio.
1705 1846 1772 1879 En.

1280 1911 1293 1932 1
1304 1899 1337 1931 3.
1361 1900 1486 1944 Deponi
1503 1907 1605 1931 monet
1617 1925 1625 1938 ‚
1645 1906 1675 1931 et
1692 1906 1787 1943 rogat
1801 1898 1898 1932 levari

1220 1952 1258 1984 in
1278 1951 1407 1985 multis.
1425 1953 1552 1997 Deponi
1570 1958 1665 1996 rogat
1681 1959 1710 1984 el
1731 1959 1835 1984 monet
1851 1951 1899 1984 la-

1219 2007 1295 2037 vari
1309 2005 1529 2038 Pulmannus
1539 2030 1548 2047 ‚
1561 2004 1732 2050 Langius,
1746 2004 1816 2039 alii.

1278 2059 1337 2092 18.
1368 2058 1494 2090 Pictam
1522 2058 1657 2090 Publius
1670 2084 1678 2097 ,
1715 2066 1780 2091 etc.
1815 2055 1895 2091 Ald.

1218 2111 1316 2143 Junt.
1339 2111 1455 2144 Colin.
1475 2111 1613 2156 Gryph.
1633 2118 1698 2144 etc.

1274 2176 1333 2196 20.
1354 2164 1423 2196 Alii
1446 2167 1523 2208 ipsa.
1545 2164 1585 2196 F.
1607 2162 1751 2196 Modius
1772 2161 1897 2196 eodem

1219 2216 1296 2249 loco
1316 2229 1354 2249 ex
1374 2225 1458 2250 vett.
1479 2217 1691 2250 membranis
1706 2215 1897 2251 Weidneri

1219 2268 1382 2303 emendat
1393 2270 1625 2312 hunclocum,
1634 2281 1741 2315 quum
1748 2277 1897 2314 reponat

1218 2335 1284 2368 pro
1315 2324 1381 2368 ipsa
1401 2349 1409 2362 ‚
1449 2323 1529 2356 Issa.
1569 2323 1624 2356 Sic
1655 2322 1759 2355 etiam
1788 2322 1896 2355 Janus

1218 2376 1422 2421 Rutgersius
1439 2389 1511 2408 var.
1526 2375 1602 2409 lect.
1620 2375 1680 2408 lib.
1700 2375 1769 2415 VI,
1785 2386 1816 2408 c.
1836 2386 1849 2405 1
1864 2387 1894 2414 1,

1219 2437 1252 2461 et
1263 2429 1408 2462 Juntina
1422 2438 1539 2462 nostra
1552 2429 1587 2461 in
1601 2427 1768 2472 margine.
1786 2442 1799 2453 «
1816 2428 1895 2459 Duo

1218 2482 1429 2527 posteriores
1453 2494 1572 2514 versus
1597 2478 1768 2526 ejusmodi
1790 2486 1894 2521 sunt,

1220 2542 1257 2568 ut
1285 2535 1395 2568 ausim
1417 2535 1591 2567 affirmare
1611 2534 1647 2565 in
1670 2532 1774 2566 simili
1792 2544 1895 2577 argu-

1219 2596 1360 2628 mento,
1382 2588 1500 2620 nullos
1529 2586 1682 2619 inveniri
1712 2585 1851 2618 similes.
1876 2602 1890 2614 »

1218 2641 1375 2674 Ramires.
1398 2662 1451 2667 -—-
1472 2640 1515 2672 Ut
1531 2642 1573 2671 sit
1593 2646 1656 2670 tam
1681 2638 1801 2671 similis.
1820 2637 1895 2683 Hy-

1222 2693 1398 2738 perbolice
1417 2692 1565 2725 dictum.
