2061 3288
493 222 584 268 160

858 226 920 268 M.
950 227 1026 269 VA
1043 227 1091 269 L.
1131 227 1518 272 MARTIALIS

553 313 735 373 Ignorat
759 314 922 357 meritis
950 313 1053 358 dare
1084 330 1290 372 munera,
1316 317 1389 376 qui
1417 316 1496 360 tibi
1526 314 1684 361 librum
1702 353 1712 373 ‚

621 384 678 426 Et
707 384 781 444 qui
812 385 1018 438 miratur,
1046 384 1239 447 Regule,
1263 386 1395 430 thura
1419 386 1527 431 dari,

539 520 573 554 3.
598 522 751 567 Ignorat,
774 531 838 557 etc.
861 523 932 564 Qui
953 523 1102 557 miratur
1120 525 1163 557 li-

1223 536 1309 558 nera
1333 525 1399 559 scit
1429 526 1568 573 eligere.
1597 548 1649 553 -—-
1673 526 1727 560 Ne
1752 538 1899 560 munera

485 575 589 608 hrum
607 584 641 608 et
657 576 739 609 thus
763 589 780 609 a
796 588 852 609 me
868 577 933 609 tibi
960 577 1074 620 mitti,
1098 590 1163 623 pro
1222 578 1402 612 mittamus
1428 592 1702 626 supervacanea,
1734 588 1774 613 ut
1797 580 1898 613 femi·

486 629 595 661 xeniis
628 629 736 670 forte,
760 629 788 662 is
818 628 965 663 stolidus
996 639 1066 673 est,
1098 643 1163 664 nec

484 682 728 716 convenientia
739 683 880 728 singulis
890 683 1079 717 virtutibus
1090 697 1164 717 mu-

1223 643 1278 665 nae
1299 644 1394 665 arma
1407 658 1417 672 ‚
1441 633 1572 668 rustico
1591 633 1699 668 libros
1711 658 1720 674 ‚
1740 632 1899 678 praecipit

1225 684 1364 719 Seneca.
1384 686 1452 719 En.

1077 819 1315 877 CXJH.

1014 964 1070 992 IN
1121 963 1373 994 PRISCUM.

556 1084 706 1140 QUUM
733 1093 775 1127 te
806 1099 895 1126 non
927 1099 1122 1139 nossem,
1148 1082 1375 1127 dominum
1397 1099 1631 1144 regemque
1661 1083 1899 1128 vocabam:

625 1156 775 1211 Quum
802 1154 914 1198 bene
943 1163 985 1198 te
1016 1156 1141 1208 novi,
1171 1154 1261 1215 jain
1287 1154 1394 1198 mihi
1418 1155 1590 1199 Priscus
1614 1155 1708 1198 eris.

546 1289 559 1310 1
570 1303 577 1310 .
595 1278 679 1309 Dum
691 1285 719 1309 te
735 1289 796 1309 non
810 1290 918 1309 noram
935 1289 1054 1322 margo
1067 1277 1087 1309 J
1091 1286 1166 1311 unt.

490 1329 581 1376 apud
604 1329 786 1363 Editorem
799 1356 807 1372 ,
830 1339 863 1363 et
881 1338 973 1363 recte
993 1330 1121 1363 forsan.

546 1397 578 1417 2.
589 1384 662 1416 ιῙαιη
679 1384 754 1416 milii
766 1383 895 1416 Priscus
913 1385 982 1416 eris.
1001 1383 1169 1417 Solebant

489 1446 640 1478 veteres,
660 1445 700 1469 ut
724 1436 772 1469 ait
794 1436 926 1470 Seneca
941 1462 949 1478 ‚
969 1437 1075 1482 epigr.
1099 1449 1146 1469 111
1159 1462 1168 1477 ,

489 1490 627 1535 quoties
643 1489 777 1522 homini
790 1490 911 1535 ignoto
924 1498 1147 1523 occurrerent
1158 1515 1168 1531 ‚

489 1556 568 1576 eum
599 1542 783 1576 dominum
812 1551 873 1576 aut
903 1555 1022 1588 regem
1049 1543 1166 1588 appel-

490 1597 583 1629 lare:
607 1596 654 1629 sic
684 1596 842 1629 Priscum
865 1596 1051 1641 appellavit
1070 1596 1166 1629 Mar-

491 1649 581 1682 tialis
596 1674 604 1687 ‚
648 1657 742 1682 ratus
772 1661 850 1681 eum
884 1649 1041 1681 nobilem
1077 1648 1167 1681 divi-

491 1710 630 1748 temque
649 1702 763 1735 virum
785 1713 881 1735 esse:
903 1701 963 1735 sed
987 1703 1063 1747 quis
1082 1709 1170 1735 esset

491 1756 551 1789 ubi
563 1755 731 1789 intellexit
741 1780 751 1797 ‚
765 1756 909 1788 Priscum
926 1764 1061 1788 tantum
1073 1781 1082 1797 ,
1095 1755 1169 1788 sine

1229 1277 1297 1310 ulla
1318 1276 1494 1322 dignitatis
1511 1285 1614 1318 nota,
1635 1277 1833 1323 appellavit.
1852 1297 1904 1303 ——

1229 1330 1359 1363 Forsan
1378 1338 1427 1363 est
1449 1330 1535 1363 alter
1552 1343 1671 1363 sensus
1688 1331 1786 1363 verbi
1809 1331 1903 1371 ηονί;

1228 1384 1359 1416 scilicet
1376 1409 1385 1423 ‚
1421 1382 1551 1428 aliquid
1587 1384 1628 1416 ab
1664 1384 1725 1416 illo
1763 1395 1904 1428 sperans

1227 1436 1398 1469 Martialis
1432 1436 1589 1481 pecuniae
1622 1436 1677 1469 vel
1714 1435 1876 1469 beneficii
1894 1461 1903 1477 ,

1226 1501 1345 1534 regem
1359 1498 1392 1522 et
1405 1487 1590 1522 dominum
1603 1488 1761 1522 vocando
1775 1489 1806 1522 ei
1822 1487 1906 1521 adu-

1226 1542 1382 1584 labatur3
1410 1541 1470 1575 sed
1497 1551 1683 1588 postquam
1710 1542 1808 1575 novit
1837 1541 1904 1574 ho-

1227 1596 1357 1628 minem
1382 1608 1453 1628 esse
1477 1594 1661 1628 sordidum
1684 1603 1718 1628 et
1737 1607 1880 1628 avarum
1895 1619 1905 1634 ‚

1227 1647 1333 1694 coepit
1357 1661 1438 1681 eum
1462 1656 1690 1682 contemnere
1705 1673 1714 1688 ‚
1739 1659 1804 1681 nec
1831 1648 1905 1692 ejus

1229 1702 1393 1735 clientem
1412 1714 1448 1734 se
1468 1702 1634 1747 praebere.
1659 1700 1745 1735 Vid.
1767 1701 1828 1734 lib.
1848 1701 1903 1741 II,

1231 1754 1340 1800 epigr.
1355 1766 1492 1796 vanI,
1513 1767 1546 1787 v.
1569 1767 1601 1788 2.
1624 1754 1691 1787 En.

1077 1885 1310 1943 CXIV.

599 2025 667 2054 AD
706 2024 1021 2062 LECTOREM,
1059 2024 1148 2052 UBI
1191 2024 1338 2052 LIBRI
1381 2023 1468 2052 SUI
1506 2003 1800 2051 ῩΙΞΝΑΙΛΕΞ.ἧς

636 2138 953 2195 QUAECUMQUE
978 2136 1058 2180 lusi
1078 2137 1250 2196 juvenis
1272 2145 1316 2179 et
1337 2151 1447 2197 puer
1470 2135 1714 2196 quondam,

634 2210 885 2270 Apinasque
907 2217 1101 2263 nostras,
1124 2223 1230 2268 quas
1254 2223 1336 2251 nec
1362 2208 1452 2267 ipse
1470 2206 1561 2267 jam
1584 2207 1710 2261 novi,

550 2342 566 2355 '¹
600 2343 666 2376 Hic
701 2343 797 2376 nulla
832 2342 990 2376 lectionis
1029 2341 1175 2376 varietas

499 2405 608 2431 exstat
621 2397 654 2428 in
678 2395 776 2429 libris
795 2394 1041 2440 manuscriptis
1061 2403 1095 2428 et
1109 2395 1176 2427 im—

499 2449 635 2495 pressis.

558 2516 588 2535 2.
613 2502 747 2546 Apinas.
778 2501 819 2534 Id
844 2509 914 2542 est,
940 2513 1048 2546 nugas
1073 2512 1176 2533 meas.

500 2556 559 2589 Ait
579 2555 710 2587 Plinius
726 2580 735 2592 ,
753 2555 813 2587 lib.
837 2555 913 2595 ΙΙΙ,
934 2566 1010 2599 cap.
1033 2566 1049 2586 2
1065 2577 1073 2593 ‚
1091 2553 1177 2598 Api-

500 2621 560 2642 nas
580 2617 613 2641 et
634 2607 753 2640 Tricas
773 2607 878 2641 fuisse
895 2607 1074 2640 urbiculas
1094 2605 1178 2639 duas

500 2662 534 2694 in
546 2661 647 2694 Latio
664 2673 748 2705 quus
764 2660 951 2694 Diomedes
966 2659 1090 2693 evertit
1107 2667 1175 2692 tam

1235 2353 1344 2386 parvo
1359 2340 1498 2382 labore,
1517 2349 1556 2373 ut
1572 2352 1691 2373 earum
1710 2351 1839 2373 nomen
1853 2339 1911 2372 ab·

1236 2393 1316 2427 ierit
1333 2393 1370 2426 in
1391 2393 1622 2438 proverbium
1643 2392 1805 2438 usurpari
1829 2392 1911 2425 soli-

1237 2456 1313 2480 tum
1335 2444 1379 2479 de
1396 2447 1501 2480 rebus
1521 2447 1651 2479 nullius
1668 2445 1772 2491 pretii
1790 2453 1824 2478 et
1840 2457 1912 2477 mo-

1237 2500 1360 2533 menti.
1387 2499 1516 2532 Similis
1536 2507 1587 2532 est
1605 2499 1703 2543 origo
1724 2497 1823 2531 verbi
1844 2498 1914 2543 gal-

1237 2552 1295 2586 lici
1327 2553 1476 2598 Bicoque.
1508 2552 1588 2585 Lib.
1616 2552 1717 2592 XIV,
1743 2550 1852 2596 epigr.
1871 2563 1884 2583 1
1902 2577 1911 2591 ‚

1238 2619 1271 2639 v.
1294 2619 1313 2650 7
1336 2618 1344 2638 :
1370 2623 1383 2634 ἰ
1397 2605 1483 2638 Sunt
1501 2605 1612 2650 apinae
1627 2605 1791 2648 trieaeque
1805 2629 1814 2644 ,
1828 2612 1861 2636 et
1883 2603 1912 2636 si

1239 2658 1324 2704 quid
1344 2658 1446 2691 vilius
1466 2658 1548 2691 istis.
1571 2678 1583 2687 ,ι
1605 2680 1656 2683 —
1680 2657 1748 2690 Nec
1767 2659 1829 2701 ipse
1842 2658 1911 2700 jam

2050 2658 2057 2666 ··
2052 2122 2061 2626 Axia-me*—
2060 2101 2061 2106 Α
