2061 3288
452 263 1047 307 EPIGRAMMATUM
1085 262 1209 304 Llss.
1249 262 1314 304 ΙΙ.

1493 260 1582 322 175'3

381 349 515 396 Nullo
542 351 727 394 crassior
750 359 800 392 ut
824 350 877 393 sit
896 347 1127 403 umbilico,

379 422 543 472 Sitoto
570 421 648 464 tibi
675 420 819 464 triduo
851 418 1050 480 legatur?

379 492 630 552 Numquam
653 490 816 536 deliciae
839 492 1093 552 supiniores.

376 564 534 606 Lassus
562 571 649 606 tam
676 563 762 606 cito
789 561 936 606 deficis
961 562 1121 615 viator,

376 635 434 676 Et
455 650 590 694 quum
616 650 791 677 currere
814 632 972 676 debeas
995 630 1183 675 Bovillas
1198 666 1209 686 ,

375 704 678 764 Interjungerc
704 705 860 765 quaeris
888 703 942 746 ad
969 704 1213 747 Camoenas.

374 776 394 817 I
421 791 537 818 nunc
557 811 568 828 ‚
594 774 721 819 edere,
745 791 814 818 me
834 774 938 834 jube
965 772 1142 817 libellos.

163 913 201 947 in
233 912 331 947 libris
361 913 546 955 umbilici,
578 914 665 947 clavi
697 912 839 959 quidam

163 966 243 999 aerei
276 974 334 1000 aut
364 967 538 1012 argentei,
573 967 677 1000 bullae
691 992 700 1008 ,
735 979 839 1000 orna-

163 1028 278 1052 menta
306 1020 343 1052 in
364 1019 511 1053 modum
540 1020 698 1052 umbilici
725 1021 837 1060 facta,

161 1073 287 1117 quibus
301 1081 466 1106 extremae
486 1073 568 1105 libri
587 1073 721 1118 paginae
740 1085 840 1105 orna-

160 1126 289 1158 bantur
312 1139 321 1167 ;
354 1125 398 1158 de
433 1126 500 1159 illis
543 1126 676 1160 mentio
715 1125 839 1160 incidit

159 1178 220 1212 lib.
239 1180 302 1219 IV,
317 1179 425 1224 epigr.
447 1191 559 1213 van.

218 1244 274 1264 12.
298 1232 366 1264 Alii
385 1232 422 1264 Si
441 1240 532 1265 totus.
553 1232 588 1265 Si
608 1240 673 1264 toto
692 1232 836 1265 omnino

158 1284 343 1329 legendum
366 1297 437 1318 esse
464 1284 646 1318 contendit
666 1286 834 1319 Ramires.

158 1336 201 1369 de
232 1336 356 1370 Prado.
389 1337 580 1371 Scriverius
612 1339 776 1371 mavult:
800 1339 838 1371 Si

159 1397 240 1423 totns
259 1391 361 1423 triduo
379 1390 435 1422 tibi
456 1391 590 1436 legatur.
616 1408 629 1421 α
654 1390 722 1423 Sed
738 1391 835 1436 prior

157 1442 193 1475 in
212 1444 316 1476 triduo
336 1451 369 1476 et
388 1443 483 1476 biduo
505 1453 555 1477 est
574 1452 734 1490 porrecta
750 1471 758 1486 ,
780 1444 832 1477 in-

155 1497 232 1541 quit
250 1495 496 1531 Rex-erlandus.
519 1498 646 1538 Recte3
666 1497 716 1531 sic
739 1498 833 1530 enim

153 1549 360 1591 Terentius,
381 1549 489 1583 Andr.
513 1551 571 1591 II,
595 1553 634 1591 6,
657 1562 689 1594 9.
708 1568 720 1580 α
735 1551 832 1583 Nihil

154 1601 273 1635 hercle
290 1615 298 1636 ε
317 1611 376 1636 aut
391 1604 417 1636 si
436 1603 545 1644 adeo;
565 1603 666 1636 bidui
685 1614 754 1645 est,
772 1613 830 1636 aut

154 1654 274 1690 tridui.
296 1673 309 1685 η
336 1656 381 1689 Et
408 1656 505 1690 Paul.
527 1657 642 1689 F-nisc.
676 1675 689 1686 α
711 1658 831 1702 Imago

154 1709 274 1742 mortis
295 1708 450 1742 triduani
470 1710 615 1743 funeris.
636 1727 649 1739 ι»

210 1760 265 1794 13.
287 1762 449 1807 Nusquam
464 1763 500 1795 in
517 1762 729 1808 quibusdam
746 1771 828 1796 vett.

150 1821 237 1846 teste
260 1814 427 1849 Heraldo.
455 1837 506 1841 ——-
534 1815 735 1862 Numquam,
761 1826 828 1850 etc.

151 1866 222 1908 Qui
252 1866 467 1909 delectatur,
490 1868 518 1901 is
546 1869 722 1902 alacritate
744 1881 829 1914 qua-

151 1918 231 1952 dam
264 1934 299 1954 se
328 1920 479 1966 gaudere
502 1929 649 1955 testatur
676 1934 684 1955 ε
711 1922 828 1955 nescio

150 1985 192 2005 an
213 1981 251 2006 tu
270 1973 418 2019 legendo
435 1987 515 2008 meo
533 1975 654 2007 libello
674 1973 826 2008 delecte·

149 2026 218 2066 ris3
252 2026 312 2060 sed
342 2040 414 2060 non
446 2027 635 2061 verisimile
665 2027 826 2069 videtur,

149 2091 258 2123 quum
284 2088 353 2113 tam
387 2081 574 2114 oscitanter
605 2082 826 2127 segniterque

150 2132 216 2164 tuis
236 2132 360 2165 fruaris
379 2132 525 2167 deliciis.
545 2135 610 2166 En.

205 2189 261 2224 14.
284 2187 404 2230 Lapsus
427 2194 489 2218 tam
512 2189 573 2219 cito
588 2187 686 2221 Junt.
706 2195 823 2220 nostra

146 2237 183 2270 in
211 2250 318 2283 marg.
348 2238 451 2271 Haud
479 2248 634 2273 rarenter
656 2241 823 2273 vocabula

147 2291 246 2323 lassus
260 2284 299 2324 eti
306 2292 410 2335 lapsus
423 2292 556 2325 librarii
567 2292 804 2326 confuderunt
813 2320 822 2335 ,

145 2351 183 2375 ut
213 2357 266 2390 ap.
296 2345 458 2390 Propert.
486 2346 524 2386 I,
552 2345 615 2386 13,
637 2347 680 2383 8,
707 2354 740 2379 et
759 2346 820 2379 Sil.

145 2396 219 2429 Ital.
241 2398 271 2430 X
287 2423 296 2438 ,
319 2400 409 2439 (ὃσὸς
432 2398 491 2430 ubi
513 2398 586 2431 vid.
610 2399 786 2432 Drakenb.

957 912 1015 946 15.
1035 913 1186 946 Bovillas.
1213 912 1306 945 Urbs
1335 920 1385 946 est
1411 913 1447 945 in
1465 913 1578 946 Latio.

898 965 1005 1006 Quasi
1029 966 1118 998 boum
1144 966 1250 1005 2·illa;
1275 965 1322 998 ibi
1348 965 1444 999 enim
1473 967 1578 1000 boves

899 1018 1152 1064 colligebantur
1185 1017 1335 1052 ducendi
1369 1019 1407 1052 in
1427 1020 1573 1053 Urbem.

898 1071 1055 1114 Plinius,
1077 1073 1137 1105 lib.
1167 1073 1239 1111 III,
1269 1084 1342 1118 cap·
1373 1072 1406 1106 5.
1434 1071 1577 1113 Hodie,

898 1124 1042 1158 Babuca.

956 1190 969 1211 1
980 1180 1012 1211 6.
1028 1179 1095 1211 ltet-
1100 1180 1234 1223 jungere
1245 1177 1301 1211 ed.
1317 1178 1422 1224 antiq.
1439 1178 1576 1213 Feri—ar.

897 1242 988 1263 anno
1028 1236 1120 1276 1471
1143 1244 1151 1272 3
1186 1232 1315 1265 venet.
1354 1231 1432 1264 Ald.
1474 1233 1573 1266 Junt.

897 1284 1014 1317 Colin.
1045 1284 1184 1330 Gryph.
1218 1284 1303 1317 aliae.
1337 1284 1499 1330 Scaliger.
1532 1285 1575 1319 ad

895 1336 1057 1382 Propert.
1078 1350 1113 1382 p.
1144 1336 1209 1381 195
1225 1364 1233 1378 ,
1255 1336 1452 1384 emendavit
1469 1339 1573 1370 Inter-

886 1391 1156 1433 jngere.Verba
1172 1397 1231 1422 ι’[ον
1243 1399 1344 1423 et1te1·
1358 1386 1465 1433 (inter)
1480 1404 1570 1436 saepe

894 1442 1161 1476 confunduntur
1176 1455 1193 1475 a
1212 1444 1374 1476 librariis.
1397 1465 1448 1469 —
1471 1445 1573 1476 Inter-

884 1497 1031 1540 jngere.
1058 1496 1238 1541 Significat
1253 1498 1410 1542 jumenta
1439 1498 1574 1531 solvere

892 1561 910 1581 a
923 1550 1016 1594 jugo.
1032 1550 1109 1582 Lib.
1129 1550 1199 1588 111,
1217 1550 1326 1595 epigr.
1346 1551 1574 1583 LxV11:«Ex-

891 1603 1044 1648 arsitque
1065 1601 1138 1635 dies
1150 1627 1160 1642 ,
1176 1611 1209 1635 et
1227 1603 1313 1636 hora
1330 1603 1435 1636 lassos
1454 1604 1570 1637 Inter-

887 1656 1004 1701 jungit
1025 1668 1133 1701 equos
1152 1655 1354 1690 meridiana.
1381 1673 1394 1685 n
1419 1656 1571 1699 Seneca,

889 1709 927 1740 de
955 1710 985 1741 T
984 1709 1201 1754 rcmquillitate
1232 1710 1319 1742 sitae
1342 1723 1353 1742 .·
1382 1727 1395 1738 «
1415 1709 1570 1751 Quidam

889 1761 1191 1807 interjunxerunt‚
1210 1771 1244 1795 et
1262 1763 1298 1795 in
1311 1762 1570 1808 pomeridianas

889 1827 1010 1860 operas
1027 1814 1164 1860 aliquid
1176 1815 1317 1848 levioris
1335 1828 1449 1861 operae
1463 1815 1571 1850 distu-

888 1867 1016 1901 lerunt.
1041 1886 1053 1896 u
1082 1869 1210 1901 Sensus
1230 1877 1303 1901 est:
1323 1881 1397 1901 non
1416 1881 1487 1902 uno
1509 1869 1569 1903 de-

887 1933 993 1953 cursu
1013 1921 1160 1966 perlegis
1178 1930 1315 1955 tenuem
1336 1922 1485 1959 librum,
1506 1922 1567 1956 sed

886 1973 996 2006 haeres
1029 1981 1064 2006 et
1092 1974 1250 2007 subsistis
1280 1975 1315 2007 in
1350 1974 1490 2008 itinere.
1514 1997 1566 2002 —

888 2027 1065 2060 Camoenas.
1098 2027 1290 2072 Templum
1320 2028 1564 2062 Camoenarum

885 2089 957 2113 erat
979 2080 1130 2113 Bovillas
1159 2080 1252 2113 inter
1281 2089 1313 2113 et
1342 2080 1496 2122 Urbem,
1519 2081 1562 2114 ad

883 2141 1021 2179 portam
1037 2133 1268 2178 trigeminam.
1281 2133 1407 2166 Sensus
1418 2143 1487 2168 est:
1503 2147 1560 2167 cos

884 2187 1048 2223 imitaris,
1076 2186 1135 2231 qui
1167 2199 1276 2232 quum
1300 2187 1433 2232 possint
1458 2200 1561 2222 cursu

882 2252 954 2272 uno
980 2252 1045 2272 nec
1077 2240 1275 2285 interrupto
1303 2241 1443 2273 brevem
1468 2241 1560 2274 inter

881 2294 1027 2325 Romam
1047 2301 1080 2325 ct
1099 2293 1251 2326 Bovillas
1267 2294 1356 2326 viam
1375 2294 1559 2336 conficere,

881 2345 925 2378 ad
945 2346 1114 2390 templum
1141 2346 1384 2380 Camoenarum
1409 2347 1556 2389 sistunt,

882 2399 978 2443 quasi
996 2398 1134 2431 defessi.
