2061 3288
555 199 615 242 M.
646 200 788 243 VAL.
830 198 1231 243 MARTIALIS.
1453 216 1608 244 lxxvii

398 357 552 400 AETAS
589 358 667 401 IV.
708 358 1393 401 RADERO-SCRIVERIANA

707 428 763 472 16
777 445 790 472 1
805 444 834 490 9
853 456 921 460 —
945 444 997 490 17
1014 427 1085 472 13.

250 569 282 611 A
301 569 418 612 Pctri
441 569 643 613 Scrivcrii
672 570 824 612 Batavi
848 570 1099 613 recensione
1116 604 1127 622 ,
1156 570 1349 629 primum
1377 586 1444 613 an.
1479 569 1606 632 1619

175 638 319 694 edita,
358 639 411 682 ad
447 640 643 683 criticam
680 641 893 684 rationem
932 641 1125 683 exactior
1153 650 1229 684 est.
1263 640 1348 684 Sed
1384 658 1469 684 una
1507 658 1606 685 cum

177 709 248 753 illo
281 720 426 754 tamen
455 720 696 771 regnarunt
724 711 970 755 Raderiana
998 711 1221 766 recensio,
1247 729 1343 772 quae
1368 729 1469 756 cum
1497 730 1611 756 com-

175 782 390 825 mentario
420 782 548 825 etiam
589 783 704 826 curis
737 783 874 826 tertiis
902 781 1070 826 meliori
1097 798 1213 826 anno
1252 781 1377 844 1627
1411 783 1608 845 Mogun-

176 852 245 895 tiae
279 852 468 912 prodiit,
502 862 545 896 61
578 852 647 896 11111
675 853 754 896 Τ11.
783 853 1012 904 Famabii,
1043 870 1175 915 quam
1207 855 1495 914 posteriorem
1528 855 1607 899 sibi

176 922 459 967 excolendam
483 925 669 985 sumpsit
690 926 825 968 Corn.
850 924 1150 976 Schrevelius,
1171 925 1226 968 ab
1252 941 1368 968 anno
1395 924 1528 971 1656.
1556 928 1608 969 Ι11

177 1010 304 1037 usum
328 994 536 1055 Delphini
569 995 744 1055 quidem
760 996 1018 1039 Vincentius
1043 995 1240 1040 Collesso
1263 996 1512 1041 Martialem
1536 1014 1608 1041 ca-

175 1074 363 1109 stratum
383 1065 615 1109 illustravit
635 1082 703 1110 an.
736 1082 749 1109 1
764 1064 887 1119 680,
911 1066 985 1111 sed
1005 1076 1047 1111 et
1068 1067 1182 1111 idem
1204 1068 1350 1112 nescio
1370 1084 1425 1112 an
1446 1085 1607 1112 nocen-

176 1137 261 1180 tius
287 1153 464 1180 omnem
489 1137 829 1181 obscoenitatem
845 1137 899 1181 ad
922 1137 1084 1182 calcem
1113 1137 1210 1181 libri
1235 1140 1465 1200 congessit.
1487 1141 1609 1183 Inter

177 1206 360 1252 Collessi
391 1207 575 1252 asseclas
606 1218 783 1268 praestat
810 1208 941 1252 editio
964 1208 1210 1253 Amstelaed.
1234 1210 1345 1253 Lud.
1375 1210 1518 1255 Smids
1538 1226 1606 1254 an.

184 1293 199 1320 1
215 1294 277 1339 70
290 1293 326 1322 1.

254 1347 397 1410 1619.
427 1351 638 1394 Set-iverit
675 1367 714 1404 1,
755 1350 961 1412 Lugduni
996 1354 1087 1395 Bat.
1130 1350 1203 1395 16.
1239 1370 1268 1396 s.
1313 1369 1382 1396 12.
1422 1354 1484 1396 M.
1507 1352 1604 1396 Val.

177 1418 391 1463 Martialis
418 1437 533 1464 nova
561 1421 723 1477 editio3
751 1439 852 1466 cum
882 1423 998 1466 Petri
1029 1423 1234 1466 Scriverii
1260 1424 1606 1467 animadversio—

175 1490 334 1534 nibus:
359 1491 575 1535 accedunt
620 1494 718 1536 Jani
767 1494 949 1537 Gruteri
992 1503 1107 1537 notae
1138 1511 1147 1537 :
1177 1494 1357 1555 Josephi
1397 1494 1605 1556 Scaligeri

176 1561 361 1605 diatribe
383 1563 532 1606 critica
554 1563 609 1607 ad
629 1563 822 1608 libellum
845 1564 899 1608 de
921 1564 1180 1626 spectaculis
1202 1567 1246 1608 in
1259 1567 1306 1608 T.
1331 1565 1607 1618 Marciliunn

175 1634 198 1676 J
203 1634 356 1677 oannis
384 1633 551 1678 Brodaei
571 1629 587 1691 (
598 1651 650 1679 ex
670 1634 782 1679 libro
805 1652 859 1688 Χ,
885 1631 1095 1691 Miscell.)
1122 1636 1255 1680 Hadr.
1277 1637 1471 1680 Turnebi
1492 1647 1606 1682 notae

176 1703 221 1746 in
246 1704 604 1765 Epigrammata:
629 1706 781 1767 Angeli
805 1706 1031 1760 Politiani,
1057 1709 1169 1751 Justi
1196 1708 1355 1769 Lipsii,
1377 1709 1475 1751 Jani
1501 1710 1608 1752 Rut-

177 1775 303 1834 gersii
334 1785 377 1818 et
410 1777 548 1819 Isaaci
579 1778 765 1820 Pontani
802 1788 916 1822 notae
943 1778 997 1822 ad
1030 1778 1230 1839 quaedam
1260 1778 1370 1822 loca.
1400 1779 1607 1840 Lugduni

176 1846 268 1888 Bat.
302 1862 371 1907 ap.
403 1848 469 1890 1ο.
500 1848 783 1892 11111116ᾸῙ1ἃ6
813 1850 914 1893 Cat.
946 1849 1002 1893 de
1034 1851 1082 1893 la
1112 1849 1227 1894 Bibl.
1260 1849 1321 1894 (ln
1355 1852 1460 1903 Ros,
1495 1852 1604 1895 Bell.

176 1918 370 1971 Lethes,
391 1919 439 1960 T.
469 1933 509 1972 1,
538 1916 598 1962 32
616 1935 652 1962 1.

256 1986 400 2032 1620,
430 1988 760 2050 chxembzcrgz',
800 2006 873 2034 12.
903 2007 1009 2034 cura
1037 1991 1100 2034 M.
1126 1991 1287 2034 Raderi
1319 1992 1362 2035 S.
1389 1994 1427 2034 J.

258 2057 400 2102 1621.
435 2061 663 2116 δενὶνενίί,
697 2076 761 2116 11,
784 2063 922 2105 Amst.
959 2078 1030 2105 12.
1062 2061 1123 2105 M.
1140 2061 1236 2105 Val.
1266 2061 1481 2106 Martialis
1509 2065 1606 2124 Epi-

178 2139 444 2189 grammata,
474 2147 527 2174 ex
552 2131 722 2175 emend.
751 2134 796 2175 P.
835 2133 1049 2176 Scriverii.
1082 2134 1148 2176 Ex
1177 2135 1271 2177 Cat.
1302 2134 1603 2194 B'Iorgenbess

178 2209 289 2259 part.
319 2215 377 2254 11,
406 2216 446 2260 p.
483 2200 603 2257 146,
633 2212 676 2246 61
707 2202 813 2246 Bibl.
835 2204 1002 2247 Thuan.
1023 2206 1071 2247 T.
1101 2221 1161 2258 11,
1191 2221 1232 2265 p.
1271 2206 1397 2258 280,
1428 2214 1472 2248 61
1496 2204 1604 2249 Bibl.

178 2271 320 2314 Hasaei
345 2287 384 2331 p.
410 2269 535 2332 639,
564 2274 619 2315 nO
649 2272 726 2319 35.

257 2340 399 2385 1623.
427 2343 600 2397 Βιιαοϊ,
629 2343 671 2388 8.
697 2344 873 2388 MVal.
894 2345 1112 2389 Martialis
1132 2346 1476 2407 Epigrammata.
1493 2346 1608 2391 Vide

179 2413 272 2455 Cat.
299 2411 404 2456 Bibl.
436 2414 476 2456 S.
502 2415 538 2456 J.

256 2481 398 2527 1623.
431 2484 678 2538 Ρανηαὸίί,
712 2502 773 2538 11,
801 2488 993 2530 Genevae
1012 2523 1023 2539 ,
1063 2504 1132 2531 12.
1162 2504 1198 2531 c.
1223 2504 1264 2530 n.
1281 2488 1360 2531 Th.
1391 2489 1603 2531 Farnabii.

261 2552 400 2608 1624.
438 2555 589 2599 Colotz.
619 2557 780 2617 Agrg'p.
824 2561 904 2601 12.'
930 2575 979 2601 ex
1014 2558 1174 2602 Raderi
1206 2559 1486 2612 recensione,
1515 2561 1606 2603 51116

179 2624 318 2678 110115,
346 2624 561 2669 obscoenis
589 2628 789 2671 rescissis.
