2061 3288
561 209 650 251 DE
690 208 1183 253 SPECTACULIS.

1530 225 1583 270 1‘.)

248 300 290 342 Ο
315 313 446 359 quam
471 296 685 341 terribiles
709 298 871 341 exarsit
898 312 1062 358 pronus
1086 295 1131 339 in
1154 291 1260 339 iras!

318 370 521 426 Quantus
550 377 644 412 erat
669 384 828 423 cornu,
857 368 926 412 cui
948 366 1035 429 pila
1056 376 1208 411 taurus
1231 363 1344 411 erat!

246 487 304 547 Ως
333 497 497 569 φρικτὸν
528 495 689 555 θυμαινε
713 492 976 556 πυρούμενοςῖ
1008 496 1068 541 οἵη
1099 495 1163 541 ἔην
1197 493 1272 554 ῥὶς,

317 571 372 610 Ht.
399 566 465 610 καὶ
491 573 635 627 ταῦρος
660 568 760 625 ἕλωρ
788 566 932 609 ἔπλετο
961 562 1233 626 χορτοπαγέςὲ

235 706 268 740 3.
291 707 323 741 O
344 721 436 753 quam
451 707 597 740 terribilis
611 707 631 739 J
636 715 710 740 unt.
733 707 852 740 terribi-

179 762 233 794 leis
246 759 301 794 ed.
313 761 389 794 Par.
405 773 417 793 1
426 774 444 806 7
453 760 513 800 54.
524 761 719 794 -Ρι-οηιω.
733 761 854 794 Cornu

178 814 350 847 submisso
370 812 413 847 ad
430 812 625 846 tollendum
642 822 783 847 taurum
796 839 806 854 ‚
820 821 855 846 et

179 867 251 901 fera
271 867 352 900 alias
369 867 473 900 etiam
493 879 616 912 prona.

236 924 271 960 Δ.
285 920 433 966 Cuz'pila.
448 920 521 953 Pila
539 928 610 953 erat
625 919 757 965 effigies
770 927 855 953 stra·

179 973 339 1007 mentitia
355 974 519 1015 hominis,
531 986 597 1019 qua
617 974 750 1017 objecta
766 973 857 1006 tauri

181 1027 421 1060 irritabantur.
440 1027 587 1060 Fiebant
604 1025 793 1071 aliquando
808 1026 859 1071 pi-

180 1081 222 1114 lae
233 1093 274 1115 ex
284 1081 409 1126 pannis
422 1080 612 1126 purpureis
625 1100 635 1117 ‚
651 1080 743 1112 foeno
753 1106 761 1121 ,
776 1087 860 1113 stra-

181 1135 318 1167 mineve
335 1134 447 1174 sartis,
464 1146 533 1178 quo
547 1134 665 1166 colore
681 1134 771 1166 tauri
787 1145 859 1165 nia-

181 1187 275 1220 xime
296 1188 498 1220 efferantur.
525 1185 628 1219 Unde
655 1186 857 1231 proverbia-

181 1239 262 1273 liter
271 1240 406 1272 homines
410 1241 532 1282 firneos
543 1238 629 1272 dicit
643 1240 779 1280 Cicero,
792 1251 857 1284 pro

184 1293 324 1326 Cornel.
350 1292 463 1337 princ.
497 1310 510 1322 «
534 1293 738 1338 Prospectat
760 1291 857 1324 vide-

182 1344 262 1380 licet
286 1345 469 1379 Cominius
489 1344 575 1390 quid
600 1353 744 1390 agatur:
767 1344 859 1377 vide-

910 706 991 740 licet
1002 705 1164 739 homines
1179 706 1310 740 foeneos
1326 706 1363 739 in
1377 705 1535 741 medium
1549 708 1593 742 ad

913 757 1121 793 tentandum
1150 759 1351 804 periculum
1380 761 1537 806 objectos
1553 779 1566 791 n
1585 777 1593 801 ;

914 821 947 846 et
965 812 1067 846 etiam
1083 811 1179 858 apud
1192 825 1256 846 nos
1272 811 1404 847 dicitur
1419 827 1459 847 un
1476 815 1594 848 homme

914 866 952 899 de
978 866 1098 911 paille,
1123 864 1264 911 jocandi
1289 878 1412 908 causa,
1435 880 1501 913 pro
1528 868 1594 900 ho-

915 919 1012 952 mine
1036 919 1151 960 nullo,
1176 927 1235 952 aut
1261 931 1409 964 persona
1437 920 1595 966 interpo-

916 973 991 1006 sita.
1016 973 1070 1006 Cf.
1101 973 1230 1006 Ascon.
1255 971 1299 1006 ad
1327 973 1400 1007 Cic.
1425 973 1496 1007 hic.
1526 976 1596 1008 En.

916 1048 969 1053 —
982 1026 1210 1059 Rhinoceroti
1222 1034 1343 1060 taurus
1356 1039 1422 1072 pro
1432 1027 1501 1072 pila
1511 1034 1596 1069 erat,

918 1088 988 1113 tam
1005 1080 1080 1113 leve
1100 1079 1152 1112 illi
1171 1078 1311 1125 pondus
1333 1088 1464 1113 taurus.
1491 1079 1597 1114 Unde

919 1134 1028 1165 robur
1046 1132 1164 1166 bestiae
1181 1131 1285 1166 discis
1297 1157 1307 1173 ‚
1327 1132 1424 1178 quod
1438 1141 1471 1166 et
1487 1133 1599 1167 admi-

918 1194 1015 1219 ratur
1035 1186 1141 1219 Poeta
1156 1211 1164 1227 ‚
1183 1197 1248 1218 nec
1266 1198 1338 1231 prae
1354 1186 1599 1232 magnitudine

919 1240 1115 1285 expromit,
1139 1247 1177 1272 ut
1201 1239 1345 1280 lectori,
1366 1239 1462 1285 quod
1489 1240 1599 1281 solet,

918 1291 1162 1325 meditandum
1212 1291 1345 1338 aliquid
1394 1293 1567 1338 relinquat
1588 1316 1597 1331 ,

919 1344 1017 1390 quod
1037 1345 1068 1378 ei
1087 1345 1261 1389 voluptati
1282 1353 1343 1377 est.

851 1473 924 1529 X.

283 1637 348 1665 DE
388 1637 563 1665 LEONE
595 1636 691 1673 QUI
730 1635 1174 1665 GUBERNATOREM
1213 1636 1502 1664 OFFENDIT.

187 1752 374 1785 Caesarem
392 1748 442 1785 ob
454 1748 639 1798 justitiam
656 1747 808 1793 laudat,
823 1749 889 1798 qui
904 1748 1053 1784 leonem
1066 1776 1075 1791 ‚
1094 1746 1198 1796 quod
1219 1747 1438 1797 magistrum
1460 1748 1603 1785 laeserat

434 1812 694 1857 occideratve‚
715 1812 798 1849 telis
818 1812 1037 1848 confossum
1060 1811 1222 1847 interfici
1237 1810 1360 1860 jussit.

1414 1853 1442 1882 .
1470 1848 1477 1854 .

258 1946 487 1991 LAESERAT
518 1946 690 2007 ingrato
720 1943 789 1988 leo
821 1943 1016 2004 perfidus
1048 1959 1124 1986 ore
1153 1944 1435 2004 magistrum,

329 2018 472 2062 Ausus
498 2026 587 2060 tam
610 2025 737 2060 notas
760 2024 1059 2059 contemerare
1082 2029 1238 2058 manus
1259 2031 1267 2057 :

261 2087 347 2132 Sed
372 2087 523 2149 dignas
547 2096 670 2131 tanto
697 2084 909 2148 persolvit
933 2085 1115 2129 erimine
1138 2100 1314 2145 poenas,

262 2208 494 2276 Ᾱρμοςην
488 2216 555 2257 nstv
581 2208 684 2263 ὀδὰξ
709 2208 895 2260 δηλησατ
870 2230 918 2255 0
946 2217 1007 2262 λῖς
1037 2211 1254 2271 ἀχάριςος,

334 2281 438 2328 Οὐδ’
462 2287 568 2328 οὕτω
596 2291 754 2346 γνως--ῆς
781 2283 948 2342 φείσατο
981 2277 1198 2342 δεξιτερῆς.

197 2363 201 2365 “
262 2344 401 2400 Ωνατο
427 2351 465 2398 δ’
491 2357 534 2399 οὐ
564 2349 685 2415 δηρὸν
716 2355 1003 2414 τολμηματος,
1029 2348 1122 2402 ἀξια
1143 2352 1279 2402 τίσας·

251 2500 283 2522 1.
304 2489 446 2522 Laeserat
461 2490 598 2533 ingrato.
619 2486 760 2521 Oblitus
777 2498 873 2519 nem·

194 2553 238 2587 pe
257 2541 509 2576 beneficiorum
529 2553 605 2586 quae
625 2553 643 2573 a
660 2552 722 2574 suo
737 2548 872 2573 rectore

195 2603 398 2640 acceperat3
422 2594 485 2628 sed
509 2595 664 2627 irritatus
687 2601 721 2626 et
747 2591 872 2626 erude-

195 2647 275 2681 liter
315 2648 517 2682 verberatus
532 2672 542 2687 ,
578 2656 618 2681 ut
649 2654 794 2692 apparet
833 2658 874 2679 ex

933 2494 1058 2531 quarto
1079 2497 1205 2527 versu,
1223 2485 1383 2531 alioquin
1407 2487 1535 2521 animal
1562 2496 1610 2522 es:

933 2539 1166 2584 gratissimum
1186 2565 1195 2580 ,
1227 2546 1267 2572 ut
1298 2548 1418 2573 narrat
1453 2541 1586 2574 Gellius
1604 2568 1612 2580 ,

933 2593 995 2625 lib.
1017 2593 1063 2634 V,
1090 2604 1167 2637 cap.
1200 2596 1266 2634 κά,
1295 2591 1339 2625 de
1369 2591 1550 2628 Androclo
1579 2604 1617 2627 ct

934 2645 1045 2679 leone.
1068 2644 1162 2679 Vide
1182 2645 1244 2679 lib.
1266 2646 1324 2686 II,
1341 2646 1448 2692 epigr.
1470 2660 1570 2681 Lxxv.

1389 2717 1402 2733 2

1345 2736 1369 2762 2
