2061 3288
541 189 603 231 M.
626 188 768 230 VAL.
812 186 1222 231 MARTIALIS.
1459 200 1599 227 mxu<

256 277 402 334 1654.
424 276 762 321 Famabiz'vin.
780 275 958 319 Amstel.
989 291 1060 319 12.
1083 291 1119 318 c.
1143 291 1183 317 n.
1205 273 1361 316 Thom.
1387 272 1602 316 Farnabii„

256 349 394 395 1656.
423 347 1006 393 Far-naln'o-Schrevelmna
1048 362 1081 389 ι.
1116 343 1259 405 Lugd.
1291 346 1383 387 Bat.
1416 343 1457 387 8.
1487 360 1522 386 e.
1560 360 1601 386 n.

176 421 377 465 Farnahii
392 455 402 474 ,
425 419 583 462 additis
610 417 779 463 selectis
802 417 915 474 aliis,
943 433 1048 462 eura
1068 420 1203 460 Corn.
1228 412 1481 459 Schrevelii.

254 498 395 562 1657.
422 499 621 551 Veneta,
648 501 692 553 [4.
720 498 781 541 M.
798 500 853 541 V.
878 495 1091 541 Martialis
1119 496 1499 557 Epigrammatum
1522 511 1605 536 me-

173 572 281 616 dicae
312 580 387 615 aut
414 569 727 631 philosophicae
758 568 1121 614 considerationis
1154 567 1374 611 enarratio
1400 583 1407 608 :
1431 566 1521 608 sive
1550 565 1604 608 de

174 643 344 686 medica
371 639 584 685 Martialis
618 641 876 685 tractatione
905 639 1248 685 commentarius
1283 640 1390 682 Caes.
1424 637 1602 679 Zarotti.

173 714 370 758 Venetiis
396 728 464 774 ap.
497 712 614 755 Baba
637 729 644 754 ε
678 710 950 774 1657.Vide
985 712 1082 755 Cat.
1115 710 1171 754 cle
1197 710 1244 753 la
1275 707 1389 753 Bz'bl.
1415 707 1475 751 clla
1497 710 1605 761 Ros,

174 786 284 829 Bell.
315 786 428 828 Lete.
450 786 498 826 T.
529 799 569 839 1,
595 800 636 844 p.
673 781 786 827 321.

253 860 395 906 1661.
425 861 1023 906 Farnabz'o-Sela-evellatur
1057 876 1116 911 11,
1154 858 1295 920 Lugd.
1329 860 1421 901 Bat.
1463 857 1505 902 8.
1533 873 1602 917 ap.

173 934 454 977 Franciscum
477 933 707 976 Hackium.
740 933 804 975 M.
825 933 881 975 V.
912 930 1128 975 Martialis
1153 931 1483 991 Epigrammata
1504 945 1602 971 cum

174 1005 288 1048 notis
307 1004 464 1048 Thom.
480 1003 682 1048 Farnabii
695 1039 706 1059 ,
720 1013 763 1047 et
775 1004 999 1046 variorum
1015 1038 1025 1058 ,
1053 1001 1332 1063 genuinoque
1349 1000 1491 1043 indice
1512 1009 1603 1043 tuin

173 1091 321 1118 rerum
343 1085 438 1119 tum
465 1084 709 1118 auctorum.
733 1076 981 1118 Accurante
1001 1075 1135 1118 Corn.
1162 1071 1430 1116 Sehrevelio.
1460 1072 1603 1114 Etiam

173 1148 239 1190 Jo.
263 1146 379 1189 Frid.
404 1147 619 1190 Gronovii
647 1156 773 1190 notas
802 1145 903 1189 alibi
928 1161 1017 1188 non
1044 1143 1328 1188 inveniendas
1350 1143 1443 1187 haec
1472 1142 1606 1186 editio

174 1216 322 1261 habet.

255 1295 396 1358 1670.
424 1295 1027 1340 Far-nabio-Sesereveliana
1060 1310 1137 1347 111,
1171 1294 1314 1355 Lugd.
1352 1295 1443 1338 Bat.
1480 1293 1521 1338 8.
1555 1310 1607 1336 ex

174 1367 291 1411 offic.
325 1366 562 1411 Hackiana.
588 1368 744 1427 Repet.
773 1366 877 1410 edit.
907 1382 976 1409 an.
1012 1364 1155 1409 1661.

254 1436 396 1500 1670.
436 1437 664 1482 Famzabz'z‘
689 1454 761 1493 lx,
787 1437 967 1481 Amstel.
1014 1453 1085 1480 12.
1125 1453 1177 1479 ex
1209 1435 1326 1479 offic.
1354 1437 1604 1479 Janssonio-

175 1508 528 1570 Waesbergiana3
561 1526 596 1553 c.
629 1509 843 1552 n.Thom.
870 1508 1085 1552 Farnabii.

253 1587 396 1651 1673.
426 1588 620 1644 Eadem,
655 1588 759 1633 ibid.
800 1605 871 1633 12.

255 1665 401 1712 1680.
430 1669 634 1723 Tolosa),
684 1667 726 1712 8.
763 1669 919 1711 Petrus
957 1666 1201 1711 Rondellus
1242 1665 1375 1709 libros
1413 1668 1606 1727 quinque

176 1738 557 1798 Epigraminatum
599 1755 622 1782 0
661 1737 863 1782 Martiale
904 1737 1166 1782 selectorum
1213 1754 1314 1781 eum.
1362 1738 1476 1781 notis
1522 1739 1609 1781 suis

176 1807 386 1869 vulgavit.
411 1807 421 1822 ¹

259 1887 398 1934 1680.
432 1892 581 1933 Paris.
614 1893 657 1945 [2.
692 1906 758 1950 ap.
792 1890 1033 1933 Antonium
1065 1887 1245 1942 Cellier,
1278 1889 1345 1931 via
1373 1888 1604 1932 Cithareea.

177 1959 240 2001 Μ.
256 1961 310 2003 V.
338 1959 553 2004 Martialis
575 1961 955 2022 Epigrammatuni
983 1959 1117 2004 libros
1144 1975 1221 2011 xv,
1246 1960 1605 2019 interpretatione

178 2040 222 2073 et
240 2032 353 2074 notis
372 2030 605 2075 illustravit
618 2032 876 2076 Vincentius
899 2030 1096 2075 Collesso
1121 2033 1157 2074 J.
1183 2031 1230 2074 C.
1251 2029 1376 2089 jussu
1398 2030 1608 2074 Christia-

178 2101 341 2144 nissimi
363 2103 514 2162 Regis,
541 2102 594 2146 ad
616 2119 744 2146 usum
773 2103 1045 2147 Serenissimi
1066 2100 1287 2161 Delphini.
1313 2100 1458 2144 Editio
1485 2102 1609 2144 inuti-

179 2170 287 2224 lata3
310 2172 383 2215 sed
404 2167 639 2224 (nescimus
662 2175 707 2217 in
727 2190 859 2234 quem
881 2168 1026 2228 usum]
1050 2173 1380 2233 Epigrammata
1401 2171 1607 2215 obscoena

180 2243 224 2285 in
251 2242 369 2286 calce
395 2243 564 2303 adjecta
589 2254 703 2288 sunt.

258 2329 402 2375 1701.
428 2314 569 2358 Lolzd.
600 2315 644 2359 8.
671 2317 824 2376 Repet.
854 2315 956 2359 edit.
988 2313 1170 2359 Collessi
1193 2314 1294 2356 anni
1326 2312 1469 2357 1680.

260 2408 273 2435 1
290 2409 400 2453 701.
429 2395 623 2437 Alizslel.
659 2393 702 2438 8.
739 2410 808 2454 ap.
835 2396 887 2438 G.
917 2393 1064 2438 Gallet
1089 2392 1208 2454 praef.
1232 2402 1401 2453 typogr.
1427 2395 1605 2453 Hugue-

241 2541 270 2561 1.
287 2529 335 2561 Le
357 2529 437 2561 titre
460 2528 504 2562 de
519 2537 608 2562 cette
624 2528 762 2562 edition
782 2538 831 2562 est
845 2529 932 2563 ainsi
948 2541 1060 2573 conen
1080 2541 1086 2562 ;
1106 2529 1154 2561 Μ.
1175 2529 1220 2561 V.
1241 2528 1411 2561 Martialis
1427 2529 1609 2574 Epigram-

181 2590 315 2614 matum
332 2582 540 2615 selectorum
557 2583 638 2616 libri
653 2583 697 2615 V.
713 2582 976 2616 Commentario
997 2579 1094 2615 brevi
1113 2581 1446 2627 notisqueillustrati
1465 2595 1482 2615 a
1502 2583 1605 2615 Petro

182 2633 349 2675 Rodelle,
372 2634 405 2667 S.
421 2635 452 2667 J.
479 2636 633 2676 Tolosae,
661 2635 763 2669 pech.
788 2638 883 2679 1679
896 2661 904 2674 ,
927 2635 1016 2680 petit
1031 2636 1100 2668 in-1
1114 2648 1143 2667 2.
1162 2635 1198 2666 B.
