2061 3288
422 202 501 244 ET
540 199 887 243 OPERIBUS
926 197 1322 240 MARTIALIS.
1471 213 1580 240 xxxi

172 291 351 334 busdam
376 290 574 333 homines
599 289 663 332 sui
686 286 843 330 similes
863 287 959 329 sint.
982 285 1066 328 Sed
1090 286 1131 327 in
1154 283 1300 328 multis
1320 285 1584 345 discrepant,

171 371 214 405 ct
244 362 334 406 liaec
360 360 518 422 quibus
551 359 801 419 discrepant
833 356 963 417 vulgo
991 365 1182 399 tractant
1206 356 1517 417 Satyrograplii
1544 367 1580 399 ct

171 431 581 493 Epigrammatarii3
612 447 707 490 qua).
742 427 910 490 singula
948 437 991 471 ct
1022 426 1145 471 facilc
1176 427 1401 470 variantur
1431 438 1473 470 ct
1501 428 1587 470 cito

171 503 577 561 evanescunt.Ergo
591 502 625 544 si
644 501 738 560 quis
753 499 895 560 arguti
911 508 955 542 et
975 496 1295 558 aliquantulum
1314 498 1500 559 improbi
1520 500 1586 540 in-

173 574 285 634 genii
307 574 374 616 vir
395 573 630 624 exstiterit,
644 572 713 615 cui
730 570 849 614 urbis
874 579 1044 613 aeternae
1069 569 1235 629 antiqui
1259 569 1366 612 ritus
1386 579 1427 612 ct
1444 586 1587 612 mores

173 644 354 705 perinde
400 644 674 686 innotescant
713 657 842 701 quain
890 638 1145 700 elegantulis
1188 641 1346 683 nostris
1395 641 1586 683 Parisina

174 715 342 768 omnia,
373 713 443 757 ille
474 713 656 757 Bilbilici
686 712 860 756 sacrarii
888 721 1029 771 lnysta

279 810 365 844 Non
385 807 480 843 feret
498 806 598 842 bunc
619 814 790 849 tantum3
810 804 876 840 sed
897 802 1061 852 ubique,
1086 815 1154 853 per
1175 816 1283 849 arva,
1306 816 1375 853 pei·
1396 802 1528 840 urbem

332 875 415 908 Jam
437 872 552 915 feret,
573 870 745 907 assiduus
770 870 889 905 lector
910 869 946 905 in
967 877 1066 905 astra
1086 869 1191 904 feret.

249 970 313 1011 Re
339 967 514 1028 quidem
537 982 640 1009 vera
668 963 811 1008 nullus
837 981 889 1007 cx
914 964 980 1007 his
1007 965 1079 1024 qui
1109 965 1489 1024 Epigrammatum
1520 981 1591 1024 gc—

179 1056 259 1083 nus
280 1037 478 1091 coluere,
501 1047 651 1080 nostro
674 1034 855 1079 meliora
875 1035 1141 1096 composuit,
1161 1035 1289 1095 pauci
1316 1052 1437 1096 aeque
1463 1035 1589 1078 bona.

180 1112 305 1154 Duos
321 1109 424 1152 novi
445 1109 557 1151 inter
574 1108 804 1152 Nostrates
822 1106 896 1167 qui
913 1105 1056 1166 lyricae
1074 1122 1254 1166 poeseos
1273 1105 1462 1149 artifices
1483 1123 1592 1149 suin-

179 1182 262 1235 mi,
291 1196 426 1240 quum
462 1178 759 1239 Polyhymniae
794 1177 996 1220 barbiton
1032 1192 1165 1237 grave
1200 1176 1470 1220 citharamve
1513 1179 1594 1220 Eu-

179 1261 322 1312 terpes
351 1250 601 1293 desererent
632 1265 711 1309 pro
739 1247 890 1291 Thalia
921 1246 1141 1299 Bilbilica,
1181 1248 1225 1290 in
1258 1249 1343 1291 suis
1373 1249 1595 1309 Epigram-

180 1322 367 1365 matibus
408 1319 667 1364 transtulere
712 1328 804 1362 tum
844 1319 930 1361 vim
973 1319 1134 1378 ingenii
1176 1318 1349 1378 igneam
1393 1329 1435 1362 et
1472 1321 1594 1379 quasi

179 1391 458 1447 fulmineam,
484 1401 578 1434 tum
605 1389 799 1450 rhythmi
825 1387 1084 1450 elegantiam
1111 1398 1153 1432 et
1184 1390 1386 1433 nitorem.
1415 1391 1472 1433 At
1502 1392 1592 1434 No-

181 1473 319 1506 strum
350 1478 431 1524 ego
458 1462 656 1505 existimo
685 1477 825 1521 neque
857 1460 901 1503 in
932 1459 1178 1520 spargendo
1208 1459 1335 1505 melle
1366 1470 1441 1504 aut
1473 1460 1596 1515 felle,

182 1550 323 1594 neque
349 1534 393 1576 in
421 1531 662 1593 pangendis
693 1529 916 1575 versiculis
946 1530 1197 1574 concedere.

250 1604 369 1648 Num
408 1604 530 1664 cupis
567 1601 697 1646 molle
732 1601 938 1662 quiddam
973 1611 1016 1645 et
1046 1601 1306 1656 delicatum3
1338 1602 1436 1645 vide
1468 1619 1595 1664 quam

183 1674 334 1719 callide
361 1674 548 1718 amicam
575 1673 743 1717 donans
768 1673 928 1717 fictitiis
955 1673 1090 1717 comis
1121 1672 1369 1717 blandiatur
1398 1673 1525 1717 simul
1556 1684 1597 1716 et

186 1762 229 1789 se
251 1755 451 1789 excuset:

395 1841 538 1874 Arctoa
559 1836 606 1872 dc
629 1845 740 1885 gente
761 1849 907 1873 comam
929 1835 1016 1881 tibi,
1039 1835 1195 1880 Lesbia,
1219 1837 1321 1881 misi,

448 1904 499 1938 Ut
517 1900 632 1937 scires
649 1909 793 1949 quanto
816 1901 862 1936 sit
883 1910 945 1936 tua
968 1901 1064 1936 flava
1087 1899 1232 1949 magis.x

186 2005 316 2050 quam
352 1999 506 2050 argute
539 1988 687 2032 laudet
711 1987 921 2032 caelatoris
953 1990 995 2031 in
1030 1989 1346 2033 toreumatibus
1376 1992 1601 2050 peritiam.

190 2070 232 2103 et
258 2059 301 2103 id
328 2060 526 2120 Virgilii:
545 2060 793 2120 «spirantia
819 2075 903 2103 aera
923 2079 943 2099 »
958 2057 969 2072 ²
992 2068 1197 2102 exacuat:

475 2163 580 2200 Artis
600 2162 789 2199 Phidiacae
813 2172 985 2199 toreuma
1001 2163 1145 2199 clarum

475 2228 598 2264 Pisces
620 2228 777 2278 aspicis:
799 2227 896 2265 addc
921 2241 1082 2277 aquam,
1105 2227 1302 2265 natabunt.
1326 2229 1338 2251 5

188 2338 262 2372 aut
293 2344 425 2389 quam
456 2328 686 2372 commode
713 2346 762 2373 ac
789 2330 910 2390 quasi
935 2330 1226 2390 incogitanter
1252 2329 1305 2373 ad
1331 2330 1603 2391 imperatoris

186 2398 334 2443 laudes
364 2399 567 2442 decurrat
593 2414 617 2442 a
643 2400 766 2459 pueri
793 2401 855 2443 sui
876 2400 1004 2444 basiis
1028 2417 1036 2442 :

243 2532 257 2553 1
269 2545 276 2552 .
292 2520 370 2552 Lib.
385 2520 432 2560 V,
448 2519 556 2565 epigr.
575 2531 666 2551 LxIx.

243 2586 274 2605 2.
290 2572 389 2617 Virg.
409 2571 548 2605 AEneid.
567 2572 628 2605 lib.
646 2572 717 2612 Vl,
733 2585 781 2605 vs.
802 2574 886 2614 848.

245 2625 276 2657 3.
294 2625 371 2659 Lib.
386 2626 457 2666 III,
477 2625 586 2670 epigr.
611 2638 709 2658 xxxv.
