2061 3288
462 213 551 258 132

827 213 888 255 M.
916 214 1055 255 VAL.
1095 213 1486 256 MARTIALIS

592 303 650 344 Et
677 316 833 361 pecus,
861 310 905 344 et
929 300 1115 357 fructus,
1141 317 1229 344 non
1260 309 1376 343 amat
1405 298 1503 342 inde
1535 297 1691 342 locum.

523 373 634 429 Quis
660 371 822 415 faceret
844 371 1057 432 pretium,
1081 372 1164 415 nisi
1191 372 1263 432 qui
1290 386 1366 414 sua
1395 369 1577 431 perdere
1605 367 1735 412 vellet

593 441 785 486 Omnia?
811 443 871 486 sic
896 443 1041 485 Mario
1066 443 1220 486 noxius
1247 442 1383 484 haeret
1409 457 1524 501 ager.

447 581 589 626 perdidit
608 593 721 613 omnes.
751 601 802 606 —-
820 580 931 613 Servos
951 579 1013 612 ubi.
1040 579 1126 612 For·

453 647 512 667 san
543 635 647 675 falso,
674 641 714 666 ut
739 646 781 666 ex
800 633 915 666 verbis
937 633 1074 665 excultos
1095 641 1129 666 et

448 687 583 732 pulchra
599 686 724 731 conjici
740 695 874 731 potest,
893 685 1039 730 subjecit
1052 698 1129 718 cau-

452 753 523 773 sam
541 751 655 785 praeco
674 738 820 772 stolidus
840 751 899 772 seu
919 739 1129 780 malitiosus,

454 806 522 838 qua
535 801 708 838 emptores
721 805 840 825 omnes
853 792 895 824 ab
909 791 1060 825 emendo
1074 790 1131 824 de-

452 846 590 879 terruit.
604 846 670 879 Ει).

508 901 540 933 6.
558 899 627 931 Alii
643 911 707 944 pro
721 906 807 930 amat
818 925 827 938 ,
845 899 965 943 legunt
979 906 1132 930 amet.—

452 951 528 986 Non
547 960 642 986 amat.
660 950 845 993 Phaedrus,
860 951 922 984 lib.
942 951 958 983 I
971 975 980 992 ,
997 951 1064 984 fab.
1088 952 1108 984 8
1124 962 1132 982 :

1193 597 1205 609 «ι
1222 579 1334 612 Nemo
1350 579 1499 612 libenter
1514 578 1658 619 recolit,
1674 577 1735 623 qui
1755 576 1863 618 laesit,

1187 633 1317 665 locum.
1338 649 1351 661 n

1243 686 1276 719 8.
1302 685 1435 718 Nomius.
1459 685 1540 718 Non
1567 683 1648 729 quia
1678 682 1863 729 pestilens,

1189 737 1285 783 quod
1315 738 1497 771 effinxerat
1524 738 1614 770 forte
1640 748 1779 782 praeco:
1802 734 1863 768 sed

1190 790 1286 836 quod
1312 803 1383 823 non
1410 799 1530 836 posset
1560 803 1594 824 se
1623 790 1770 822 liberare
1798 800 1865 820 aere

1190 844 1303 877 alieno
1314 844 1465 886 Marius,
1478 856 1585 889 quum
1602 856 1681 876 eum
1697 854 1769 874 non
1784 853 1866 874 vem

1192 895 1302 930 deret.
1322 897 1390 930 En.
1416 919 1467 922 —
1484 897 1607 929 Haeret.
1634 896 1802 928 Remanet
1828 893 1866 926 in

1197 951 1271 995 ejus
1285 949 1444 983 dominio
1455 976 1465 991 ‚
1477 962 1549 983 non
1564 947 1742 983 venditur.
1753 948 1820 980 En.

967 1085 1361 1142 LXXXVII.

827 1236 1054 1265 VICINUS
1093 1236 1202 1264 NON
1242 1236 1480 1265 VICINUS.
1499 1215 1517 1232 *

673 1371 866 1411 VlCINUS
896 1383 1018 1410 meus
1049 1377 1135 1422 est,
1160 1383 1380 1426 manuque
1411 1367 1529 1427 tangi

669 1441 735 1481 Dc
763 1438 920 1480 nostris
947 1437 1116 1481 Novius
1140 1447 1285 1498 potest
1311 1436 1520 1480 fenestris.

669 1509 779 1565 Quis
804 1525 893 1551 non
923 1507 1115 1551 invideat
1144 1507 1274 1561 mihi,
1305 1516 1515 1568 putetque

670 1579 798 1622 Horis
822 1578 1024 1622 omnibus
1053 1594 1145 1622 esse
1176 1595 1246 1621 ine
1272 1578 1474 1633 beatum,

667 1652 826 1693 ,Iuncto
852 1649 923 1693 cui
946 1648 1074 1692 liceat
1099 1648 1185 1692 frui
1211 1647 1383 1692 sodale?

668 1722 773 1763 Tam
801 1718 929 1780 longe
957 1728 1022 1763 est
1045 1719 1172 1776 mihi,
1194 1735 1326 1779 quam
1344 1718 1654 1773 Terentianus,

514 1844 527 1857 *
561 1848 703 1880 Lemma
740 1846 844 1890 hujus
875 1844 1136 1890 epigrammatis

461 1901 690 1942 mutavimus,
704 1899 799 1945 quod
813 1898 907 1932 varie
919 1897 1137 1930 inscribitur.

463 1955 532 1987 Alii
561 1954 682 1999 legunt
712 1954 764 1985 De
794 1952 898 1985 Novio
928 1951 1140 1997 microprycleo

465 2002 595 2053 (μικρὸς
608 2033 617 2047 ,
635 2008 738 2051 petit;
753 2006 834 2050 ψυχὴ
848 2031 856 2046 ,
870 2008 937 2037 aime
950 2002 978 2044 ),
998 2011 1032 2036 et
1044 2004 1142 2036 intel-

465 2062 577 2106 ligunt
603 2058 646 2092 de
669 2059 784 2091 Novio
809 2059 930 2091 homine
957 2059 1047 2089 arari
1071 2058 1141 2089 αηὶ-

467 2117 511 2146 mz'
539 2121 569 2145 et
595 2112 707 2158 pusilli
738 2113 855 2155 ingenii
873 2137 881 2150 ‚
911 2111 973 2155 qui
1003 2110 1139 2143 vicinos

466 2178 646 2211 nunquam
670 2165 862 2198 invitabat:
884 2164 941 2197 alii
961 2164 1012 2196 De
1037 2163 1141 2196 Novio

468 2221 646 2264 mim-ospico
664 2211 795 2262 (μικρὸς
809 2243 818 2257 ,
833 2218 934 2262 petit,
958 2229 1046 2255 rare;
1065 2227 1141 2260 spe-

467 2273 591 2317 cio‚ja¹
614 2265 729 2314 wis),
755 2279 789 2303 et
816 2269 1018 2314 intelligunt
1044 2269 1142 2301 homi-

469 2338 536 2357 nem
583 2337 655 2356 raro
701 2330 900 2369 apparentem
941 2330 971 2354 et
1011 2324 1043 2354 in
1081 2323 1144 2354 suis

470 2378 588 2410 (edibus
628 2377 816 2409 reconditam
836 2403 844 2415 ‚
887 2384 953 2408 etc.
990 2375 1056 2408 En.
1093 2375 1145 2406 De

471 2432 573 2464 Novio
599 2432 704 2462 vicino
731 2429 934 2462 inscribitur
959 2428 996 2460 in
1023 2426 1145 2460 codice

470 2482 571 2516 ssodl.
585 2483 636 2515 De
646 2483 748 2515 Novio
762 2483 942 2527 micropsico
956 2481 992 2513 in
1005 2481 1142 2514 Tliuan.

469 2537 521 2569 De
542 2535 644 2569 Novio
667 2537 845 2580 microspico
867 2534 904 2567 in
929 2534 1037 2578 antiq.
1060 2533 1142 2567 edit.

470 2590 604 2622 Ferrar.
641 2600 720 2620 ann.
759 2592 869 2631 1471.
903 2588 1028 2620 Vener.
1064 2585 1142 2620 Ald.

469 2643 568 2675 Junt.
586 2653 677 2674 anno
701 2641 766 2673 151
779 2653 794 2673 2
810 2652 820 2682 ;
841 2640 954 2673 Colin.
975 2641 1091 2683 1528,
1111 2648 1144 2672 et

1197 1845 1360 1877 Pulman.
1399 1845 1573 1890 probante
1609 1842 1780 1887 Scaligero
1803 1854 1811 1874 :
1835 1842 1871 1874 in

1199 1898 1290 1937 aliis,
1313 1898 1364 1930 De
1390 1898 1494 1931 Novio
1512 1898 1723 1940 microspicio,
1741 1895 1797 1928 vel
1819 1897 1875 1926 mi-

1200 1954 1363 1996 ενορείὲο,
1381 1951 1435 1984 vel
1461 1952 1662 1994 micropsopo.
1688 1948 1874 1981 Beverlau-

1202 2003 1268 2037 dus
1283 2003 1365 2048 legit
1382 1998 1395 2045 (
1408 2004 1624 2047 Μικροσκόπῳ
1637 2000 1648 2041 )
1667 2004 1852 2045 microscopo
1863 2014 1874 2033 .-

1201 2065 1236 2090 et
1251 2058 1298 2089 sic
1313 2058 1404 2101 conj.
1425 2056 1583 2089 Vossius.
1604 2053 1686 2088 Vid.
1705 2066 1775 2087 var.
1797 2061 1873 2087 not.

1201 2111 1243 2142 In
1260 2109 1381 2142 multis
1399 2109 1620 2155 micropqyclio.
1645 2111 1647 2115 ⁴

1258 2163 1291 2196 5.
1312 2162 1438 2195 June-to.
1459 2183 1510 2189 —
1530 2163 1573 2195 In
1595 2160 1724 2206 junctis
1743 2158 1877 2193 aedibus

1201 2215 1391 2248 habitante.

1257 2271 1289 2301 6.
1334 2269 1549 2301 Terentianus.
1585 2267 1657 2308 Qui
1691 2274 1774 2299 tunc
1803 2274 1875 2298 erat

1202 2321 1384 2366 praefectus
1407 2323 1559 2366 JEgypto
1583 2345 1591 2358 ‚
1633 2321 1733 2364 cujus
1767 2317 1877 2361 Syene

1205 2375 1288 2407 urbs
1301 2399 1310 2416 ‚
1325 2375 1389 2407 sub
1405 2373 1539 2418 tropico
1558 2373 1683 2406 Cancri
1697 2370 1741 2404 ad
1754 2371 1876 2403 Nilum

1205 2428 1268 2460 sita
1281 2453 1290 2469 ‚
1309 2440 1384 2472 quae
1402 2426 1509 2459 hodie
1531 2426 1573 2458 ab
1591 2425 1665 2458 aliis
1685 2423 1878 2469 appellatur

1210 2479 1353 2524 Guegere
1370 2508 1379 2520 ‚
1407 2480 1450 2513 ab
1481 2479 1554 2511 aliis
1575 2478 1677 2511 Cltina
1696 2505 1706 2517 ,
1735 2476 1778 2508 ab
1804 2475 1880 2508 aliis

1204 2546 1287 2566 vero
1314 2535 1406 2566 Ama
1426 2547 1437 2565 .·
1464 2530 1599 2564 romani
1627 2529 1764 2574 imperii
1795 2537 1879 2561 tunc

1205 2586 1386 2619 terminus.
1416 2583 1565 2626 Quidam
1597 2589 1764 2628 putarunt
1782 2581 1878 2614 hunc

1205 2639 1457 2672 Terentianum
1493 2637 1596 2670 fuisse
1633 2634 1879 2681 politissimum
