2061 3288
455 218 1043 262 EPIGRAMMATUM
1082 216 1206 259 LIB.
1245 217 1340 258 111.

1503 215 1599 276 293

264 307 475 362 lit-servit
495 305 681 350 dominae
706 322 964 350 numerosus
989 304 1158 348 debitor
1186 320 1296 347 arcae
1312 337 1322 356 ,

332 379 639 438 Sustentatque
663 386 758 421 tuas
785 393 916 420 aurea
938 391 1087 420 mensa
1110 374 1255 435 dapes.

262 448 467 492 Fastidire
498 457 644 492 tamen
677 446 785 503 noli,
809 447 991 502 Rufine,
1019 447 1220 489 minores.

328 517 428 562 Plus
458 518 612 562 habuit
638 518 854 579 Didymus
877 535 885 561 ε
913 516 1010 578 plus
1036 514 1300 560 Philomelus
1330 516 1471 559 habet.

187 658 260 691 haec
279 665 352 691 est:
373 658 431 691 Dii
451 658 501 691 tui
523 658 667 691 Penates
688 665 863 703 occupant

189 711 224 744 in
242 712 329 744 urbe
356 719 527 756 quantum
547 711 611 745 soli
633 719 720 744 esset
742 710 861 744 multis

186 763 451 798 domibus.Vel:
468 765 602 797 Domus
616 772 681 797 tuae
698 764 839 797 urbanae
852 790 860 805 ‚

186 829 269 862 quas
288 817 413 850 multas
427 817 550 859 habes,
568 817 697 850 habent
718 816 861 861 singulae

185 869 317 914 praedia
336 883 396 904 sua
411 871 632 903 suburbana:
655 870 785 903 etenim
805 882 859 902 so-

185 923 257 955 lum
279 931 314 956 et
338 923 538 969 superficies
560 923 708 969 junctim
730 921 860 956 dicitur

184 976 391 1021 plerumque
412 976 582 1022 praedium
602 989 611 1018 ;
637 975 697 1010 sed
717 976 859 1021 proprie

184 1027 356 1073 praedium
385 1038 435 1062 cst
457 1029 570 1063 solum
590 1030 728 1075 ipsum3
750 1028 858 1074 idque

183 1081 211 1114 si
230 1094 333 1123 rure,
354 1082 540 1124 rusticum,
560 1083 586 1116 si
615 1083 652 1115 in
673 1082 780 1124 urbe,
799 1095 857 1115 ur-

183 1135 327 1167 banum.
348 1136 508 1169 Junctim
535 1148 622 1168 vero
655 1136 759 1168 etiam
783 1135 857 1168 ruri

184 1188 355 1221 urbanum
389 1201 461 1222 esse
487 1196 620 1233 potest,
645 1197 679 1222 et
702 1189 737 1221 in
768 1189 855 1221 urhe

181 1241 365 1274 rusticum.
381 1241 449 1275 En.

236 1293 270 1327 3.
293 1294 343 1326 Et
364 1297 457 1326 servit
483 1294 608 1326 domim)
634 1306 804 1326 mcmerosae
819 1294 855 1326 in

181 1345 258 1379 cod.
276 1347 413 1380 Thuan.
429 1354 470 1379 ut
482 1355 515 1379 et
531 1347 567 1378 in
581 1345 659 1379 cod.
672 1346 853 1379 Vaticano.

180 1419 231 1425 —
253 1400 302 1432 Et
319 1401 412 1432 servit
429 1399 573 1431 dominre.
595 1397 715 1431 Multis
740 1397 853 1430 credi-

179 1450 261 1484 disti
280 1464 441 1485 nummos
462 1451 703 1493 debitoribus3
723 1451 853 1484 multos

179 1504 284 1538 hahes
320 1505 488 1538 obaeratos
518 1512 552 1537 et
577 1504 771 1537 foeneratos.
800 1526 853 1532 —-

180 1557 327 1590 Dominae
341 1572 434 1591 (ιι-αι’.
449 1558 635 1590 Dominam
657 1570 769 1591 arcam
790 1570 851 1590 vo-

179 1618 252 1650 cat,
275 1611 372 1656 quasi
403 1610 618 1643 debitoribus
648 1610 850 1656 imperitan-

179 1670 269 1705 tem3
295 1663 383 1695 nihil
408 1673 457 1697 est
483 1664 575 1697 enini
598 1664 724 1696 misero
753 1662 851 1695 (lebi—

180 1723 254 1748 tore
275 1724 308 1749 et
323 1729 432 1761 egeno
447 1716 632 1762 subjectius
644 1742 653 1758 ,
673 1716 760 1748 nihil
783 1729 852 1748 ma-

178 1768 228 1812 gis
242 1769 384 1811 servile3
398 1770 451 1802 vel
465 1770 544 1814 quia
562 1770 718 1814 pecuniae
735 1768 851 1801 omnia

178 1821 358 1856 obediunt.
386 1822 586 1856 Videantur
610 1835 686 1868 quae
706 1821 851 1855 adnota-

924 657 1039 689 vimus
1052 655 1112 688 lib.
1128 655 1423 701 I‚epigr.1,xxvn‚
1435 657 1549 689 versui
1564 671 1595 701 7.

976 713 1012 750 4.
1045 709 1126 742 Non
1159 717 1210 742 est
1246 717 1376 742 temere
1390 734 1400 750 ,
1433 708 1527 754 quod
1560 710 1594 742 in

921 762 1058 796 Thuan.
1082 762 1230 796 membr.
1261 762 1439 807 legebatur
1457 774 1465 795 ε
1501 776 1596 794 aurea

921 828 1022 848 massa
1050 815 1158 860 dapes.
1182 815 1392 848 Gronovius.
1423 836 1460 841 —-
1486 816 1595 848 Aue-ea

919 882 1033 901 mensa.
1055 868 1213 902 Coronas
1228 876 1362 901 tantum
1386 880 1595 909 mensarum,

916 934 989 955 non
1008 929 1097 955 totas
1117 934 1252 954 mensas
1273 933 1391 954 aureas
1410 921 1515 954 fuisse
1540 922 1595 954 in-

919 977 1131 1021 terpretatur
1142 973 1297 1008 Raderus
1310 986 1318 1007 z
1334 977 1387 1007 vel
1402 974 1492 1007 forte
1503 987 1598 1007 inen-

917 1041 988 1061 sam
1011 1040 1148 1061 auream
1168 1027 1255 1060 dixit
1271 1053 1281 1069 ,
1300 1039 1378 1073 quae
1392 1040 1519 1072 nempe
1536 1040 1596 1061 or-

915 1090 994 1115 nata
1011 1089 1098 1115 esset
1112 1081 1232 1114 multis
1248 1081 1337 1114 vasis
1358 1080 1482 1114 aureis.
1505 1081 1571 1114 Vel
1586 1108 1594 1121 ‚

915 1134 1123 1180 simpliciter
1138 1134 1292 1179 intellige
1313 1146 1452 1167 auream
1471 1134 1595 1175 fuisse,

914 1196 975 1221 aut
994 1188 1200 1221 inauratam.

959 1240 991 1274 5.
1003 1241 1156 1274 ,Minores-
1169 1240 1287 1273 Minus
1298 1238 1423 1273 divites
1434 1252 1537 1284 quam
1548 1248 1591 1273 te.

958 1296 990 1326 6.
1013 1294 1182 1331 Didmms.
1205 1293 1306 1325 Malis
1327 1293 1459 1325 artibus
1483 1293 1591 1326 multa

915 1336 1150 1392 consequutus
1166 1354 1238 1379 erat
1250 1345 1388 1378 infamis
1405 1345 1461 1378 hic
1479 1344 1591 1390 Didy-

913 1411 993 1431 mus
1009 1399 1053 1432 de
1069 1413 1139 1445 quo
1160 1399 1221 1432 lib.
1235 1399 1307 1431 XII
1321 1424 1329 1439 ‚
1343 1398 1590 1443 epigrammate

912 1464 1016 1485 XLIII.
1039 1452 1255 1485 Philomelus
1275 1464 1356 1484 vero
1374 1446 1493 1496 (φιλεῖν
1506 1478 1515 1491 ,
1541 1455 1589 1484 αι’-

913 1517 996 1544 mer,·
1012 1506 1105 1550 μέλος
1122 1532 1128 1543 ,
1143 1502 1258 1543 chaat)
1275 1503 1487 1537 citharoedus
1501 1505 1590 1538 forte

912 1557 979 1590 fuit
999 1566 1159 1602 tempore
1174 1557 1343 1590 Martialis
1361 1558 1590 1602 locupletissi—

913 1623 1012 1651 1nus;
1032 1611 1091 1655 qui
1107 1611 1211 1643 ambo
1226 1618 1349 1655 utpote
1363 1609 1507 1643 ditiores
1520 1612 1589 1644 Ru-

912 1663 1024 1695 finum
1055 1663 1212 1697 fastidire
1240 1663 1383 1708 possint.
1399 1686 1451 1689 —
1468 1664 1588 1697 llulwl.

912 1717 1004 1761 Ergo
1022 1741 1029 1752 ‚
1060 1730 1130 1749 non
1160 1725 1210 1749 est
1231 1729 1417 1761 inagnum,
1440 1718 1564 1749 Rufino
1580 1744 1587 1757 ‚

912 1782 950 1802 ea
974 1769 1152 1814 possidere
1179 1770 1305 1815 quibus
1335 1769 1468 1802 vilioris
1497 1779 1588 1803 1101ae

913 1822 968 1855 isti
991 1822 1152 1856 homines
1169 1821 1407 1856 abundarunt.

734 1956 1026 2011 XXXM.

650 2120 707 2148 I'N
755 2119 1111 2148 ΜΑΤΒΙΝΙΛΜι

243 2252 283 2292 N
290 2266 356 2294 HM
380 2251 538 2310 possim
562 2249 750 2293 vetulam
768 2286 778 2305 ‚
801 2251 956 2310 quaeris
972 2286 983 2305 7
1005 2249 1238 2292 Mat-rnna?
1261 2266 1434 2308 possum

314 2322 370 2364 Et
399 2319 589 2364 vetulam
612 2337 619 2363 :
644 2320 718 2364 sed
739 2330 786 2364 tu
807 2331 1001 2376 mortua,
1022 2337 1110 2363 non
1135 2318 1281 2363 vetula
1302 2336 1357 2362 es.

232 2466 261 2486 1.
282 2454 337 2486 Αη
348 2456 462 2497 possim
483 2453 620 2499 vetulam
640 2451 749 2485 codex
767 2453 847 2485 Pul-

173 2506 301 2539 manni.
318 2507 402 2539 Num
416 2508 531 2551 possim
547 2505 757 2550 conjiciebat
777 2506 846 2538 He-

172 2558 311 2592 raldus:
335 2562 482 2604 quereris,
503 2560 657 2592 Matrim'a
674 2557 847 2591 editiones

172 2620 317 2646 veteres.
329 2634 379 2638 —-
394 2613 479 2646 Num
491 2615 617 2657 possim.
635 2612 715 2645 Haec
732 2612 844 2644 vetula

909 2453 1087 2485 accusabat
1105 2451 1301 2484 Martialem
1313 2476 1321 2491 ,
1340 2451 1433 2496 qnod
1457 2465 1583 2497 parum

908 2506 962 2538 vir
983 2514 1080 2538 esset.
1102 2506 1248 2537 Excusat
1272 2505 1340 2537 hoc
1360 2517 1467 2549 quum
1491 2504 1583 2539 (licat

907 2572 980 2591 eam
992 2571 1061 2590 non
1076 2559 1239 2598 vetulam,
1250 2556 1383 2603 secljam
1395 2566 1582 2591 mortuam.

907 2613 1108 2644 Ramiresius.
1121 2612 1320 2644 -Possum
1340 2611 1429 2644 Nota
1448 2611 1560 2656 φράσις
1572 2637 1579 2650 ,

1363 2672 1374 2695 ἲ

1293 2698 1349 2743 19
