2061 3288
454 204 551 257 444

832 205 895 250 Μ.
919 208 1058 251 VAL.
1099 209 1490 255 MARTIALIS

1082 372 1237 429 LVI.

877 533 934 561 IN
982 514 1451 564 GARGILIANUMf

523 661 735 705 MUNERA
760 661 879 722 quod
909 663 1105 719 senibus,
1127 664 1357 726 viduisque
1386 665 1579 726 ingentia
1608 667 1763 723 mittis,

596 732 674 775 'Vis
702 741 745 775 te
774 733 1055 791 munificum,
1079 735 1354 797 Gargiliane,
1375 735 1562 780 vocem?

523 801 749 847 Sordidius
775 803 881 847 nihil
905 815 993 861 est,
1015 805 1123 849 nihil
1149 817 1215 851 est
1237 816 1279 851 te
1305 807 1504 868 spurcius
1528 824 1641 864 uno,

595 874 684 930 Qui
709 884 834 934 potes
862 876 1037 921 insidias
1063 877 1179 921 dona
1202 894 1360 922 vocare
1386 887 1496 922 tuas.

523 944 592 988 Sic
621 945 760 989 avidis
787 944 917 990 fallax
947 947 1145 1009 indulget
1177 949 1368 1010 piscibus
1398 949 1578 1006 hamus;

596 1015 764 1060 Callida
795 1018 857 1061 sic
886 1017 1040 1063 stultas
1070 1019 1231 1081 decipit
1260 1036 1359 1065 esca
1388 1020 1514 1064 feras.

525 1085 643 1143 Quid
675 1087 730 1130 sit
757 1086 929 1149 largiri,
959 1090 1064 1150 quid
1090 1091 1144 1134 sit
1169 1090 1361 1147 donare,
1387 1091 1583 1146 docebo,

594 1157 638 1201 Si
660 1160 802 1203 nescis
824 1176 832 1203 :
860 1159 999 1218 dona,
1027 1161 1304 1223 Gargiliane‚
1330 1162 1448 1206 mihi.

506 1309 520 1323 ''
537 1314 780 1361 Gargilianum
795 1317 836 1351 iis
849 1330 1002 1363 quorum
1019 1326 1136 1364 capta-

455 1368 514 1400 bat
543 1368 788 1403 haereditatem
816 1384 963 1404 munera
994 1373 1138 1405 mitten—

454 1428 525 1453 tein
560 1422 607 1455 ait
629 1423 734 1457 Poeta
748 1449 758 1464 ‚
779 1423 904 1458 eodem
928 1424 1037 1458 modo
1065 1438 1137 1458 esse

454 1475 663 1508 munificum
685 1490 789 1522 quam
814 1478 1023 1523 piscatorem
1038 1504 1046 1519 ,
1075 1478 1136 1523 qui

454 1526 614 1562 hamatos
636 1530 735 1563 cibos
755 1531 930 1576 piscibus,
952 1544 1056 1576 quam
1076 1544 1137 1564 au-

455 1593 582 1626 cupem
598 1608 607 1623 ‚
638 1584 699 1628 qui
722 1584 868 1618 viscatas
895 1597 987 1618 escas
1013 1585 1137 1617 avibus

454 1634 629 1679 largitur3
663 1649 744 1669 vere
776 1637 871 1670 enim
902 1637 1056 1671 liberalis
1087 1645 1138 1670 est

456 1688 516 1732 qui
534 1689 672 1722 nullum
687 1689 754 1723 sibi
770 1691 939 1736 proponit
951 1691 1139 1724 liberalita-

457 1741 500 1774 tis
516 1754 586 1774 suae
608 1743 804 1787 praemium.
827 1744 898 1777 El).

514 1805 545 1827 1.
574 1795 767 1830 Puhnanni
798 1795 909 1830 codex
926 1822 935 1838 ,
963 1798 1138 1843 rvetulisque

457 1849 599 1891 ingentia
627 1851 723 1881 mittis
737 1877 746 1890 ,
772 1849 998 1895 improbante
1018 1850 1137 1884 Rami-

455 1901 558 1934 resio.
573 1902 778 1943 —Munerffi
797 1912 861 1937 etc.
878 1903 1018 1937 Seneeae
1035 1905 1136 1949 epist.

457 1955 478 1987 8
499 1966 507 1987 ;
532 1969 544 1981 «
560 1955 710 1989 Munera
731 1956 796 1989 ista
811 1957 962 1990 fortunae
977 1958 1107 2003 putatis
1122 1957 1137 1990 ἐ’

456 2006 597 2041 Insidiae
610 2017 704 2043 sunt.
726 2027 739 2040 ι
764 2009 872 2051 Quod
889 2018 1015 2056 quarto
1031 2023 1137 2044 versu

455 2060 620 2094 similiter
652 2061 741 2096 dixit
774 2063 955 2097 Martialis.
986 2064 1054 2098 Eu.
1086 2085 1137 2090 --

458 2113 645 2161 l'iduisque.
673 2116 794 2157 Quum
819 2116 989 2150 divitibus
1021 2116 1137 2150 viduis

458 2180 578 2201 onmes
600 2169 784 2213 captandae
804 2169 1019 2204 haereditatis
1036 2183 1138 2204 causa

457 2219 705 2262 adularentur,
726 2223 811 2256 hinc
826 2224 894 2257 illis
912 2224 1018 2257 fastus
1035 2233 1069 2258 et
1086 2236 1139 2257 ar·

457 2275 629 2318 rogantia.
651 2276 730 2309 Lib.
753 2277 789 2315 I,
807 2277 917 2322 epigr.
934 2289 974 2318 L,
995 2290 1044 2310 vs.
1069 2276 1135 2317 34:

459 2341 472 2352 α
498 2328 650 2372 Imperia
677 2328 865 2363 viduarum
893 2330 1018 2376 procul
1042 2349 1078 2371 n,
1104 2339 1138 2363 et

460 2380 522 2412 lib.
544 2382 600 2421 II,
623 2382 732 2428 epigr.
748 2395 866 2424 xxxn,
883 2396 933 2417 vs.
960 2383 978 2416 5
997 2396 1005 2416 :
1031 2401 1044 2413 «
1065 2384 1138 2416 Ab·

458 2442 562 2478 negat
590 2443 624 2468 et
649 2436 777 2468 retinet
804 2445 964 2470 nostruin
986 2437 1138 2471 Laronia

458 2499 618 2527 servum3
636 2489 861 2534 Respondes:
878 2490 973 2522 Orba
992 2499 1042 2523 est
1054 2516 1062 2531 ‚
1083 2489 1137 2522 di-

458 2552 536 2581 ves,
559 2553 664 2582 anus,
683 2541 803 2575 vidua.
830 2561 843 2572 »

517 2598 550 2633 4.
573 2594 639 2638 Qui
655 2603 744 2639 potes
773 2597 903 2629 insidias
921 2624 930 2636 ,
959 2606 1023 2630 etc.
1046 2596 1138 2630 Vide

460 2648 643 2689 Senecam,
659 2648 737 2681 loco
759 2661 866 2694 supra
886 2650 1002 2683 citato.

517 2700 549 2734 5.
573 2700 731 2745 Indulget.
753 2702 794 2736 Se
815 2703 919 2737 offert
935 2702 1077 2740 blande.
1100 2716 1136 2736 ac

1196 1318 1371 1364 permittit
1406 1316 1595 1352 fruendum
1611 1343 1620 1359 ‚
1655 1318 1701 1350 ita
1742 1325 1781 1351 ut
1816 1330 1876 1352 eos

1195 1372 1300 1406 lactet
1312 1398 1320 1413 ,
1338 1373 1502 1417 fallatque
1523 1372 1694 1404 incautos.

1250 1426 1284 1458 8.
1306 1426 1426 1465 Dona,
1455 1425 1667 1469 Gatgiliane,
1690 1424 1774 1457 milii.
1794 1424 1875 1457 Mu-

1195 1478 1340 1511 nilieum
1357 1487 1391 1512 te
1407 1490 1591 1523 agnoscam
1609 1485 1644 1510 et
1661 1477 1875 1518 confitebor,

1195 1532 1224 1565 si
1246 1531 1334 1564 mihi
1353 1539 1467 1577 poetae
1492 1539 1526 1564 et
1551 1530 1684 1563 caeteris
1702 1542 1720 1562 a
1746 1530 1875 1575 quibus

1195 1593 1353 1617 mutuam
1372 1585 1486 1618 vicem
1502 1596 1643 1629 sperare
1662 1596 1735 1616 non
1756 1591 1875 1628 potes,

1195 1637 1330 1682 largiris
1352 1649 1359 1670 ε
1377 1637 1425 1670 sio
1444 1649 1479 1670 se
1500 1637 1587 1670 vitio
1609 1645 1792 1682 poetarum
1808 1663 1818 1678 ‚
1838 1635 1876 1669 id

1195 1699 1246 1723 est
1257 1715 1267 1731 ‚
1286 1690 1337 1723 rei
1351 1690 1531 1723 familiaris
1554 1690 1741 1735 exiguitate
1755 1715 1765 1731 ,
1779 1690 1877 1723 laho-

1196 1755 1272 1776 rare
1281 1743 1408 1776 fatetur
1419 1743 1548 1776 Noster
1558 1758 1566 1784 3
1577 1755 1643 1776 nec
1651 1741 1798 1788 quidem
1808 1743 1877 1776 hoc

1196 1795 1442 1830 tantummodo
1460 1796 1549 1830 loco.
1573 1795 1668 1829 Vide
1690 1795 1786 1829 enim
1812 1796 1876 1829 lib.

1196 1850 1232 1882 II
1244 1876 1253 1889 ‚
1276 1849 1386 1896 epigr.
1397 1861 1457 1883 xv1
1471 1875 1480 1891 ,
1497 1861 1600 1883 versu
1613 1849 1740 1882 ultimo
1755 1860 1763 1882 :
1785 1866 1799 1879 ιι
1812 1849 1876 1883 Vis

1196 1903 1274 1936 fieri
1291 1903 1423 1937 sanus?
1444 1903 1604 1949 Stragula
1620 1915 1718 1936 suine
1738 1914 1830 1942 mea3
1858 1919 1872 1932 υ

1196 1965 1230 1989 et
1246 1957 1308 1989 lib.
1330 1957 1347 1989 I
1360 1982 1369 1998 ‚
1385 1956 1498 2002 epigr.
1515 1967 1629 1989 ch111
1644 1981 1654 1998 ,
1674 1968 1725 1989 vs.
1748 1967 1768 2000 7
1782 1980 1791 1996 ‚
1809 1963 1876 1988 etc.

1196 2018 1260 2043 etc.
1281 2010 1348 2043 En.
1363 2031 1416 2037 —-
1435 2009 1638 2054 Gargilium.
1658 2008 1779 2050 Quum
1794 2008 1878 2042 huic

1195 2063 1400 2108 Gargiliano
1410 2063 1540 2096 similes
1552 2061 1783 2107 llaeredipetas
1791 2062 1880 2094 mul-

1195 2124 1249 2150 tos
1270 2128 1456 2149 numerare
1475 2125 1563 2150 esset
1582 2116 1619 2148 in
1641 2116 1757 2156 Urbe,
1775 2127 1877 2160 argu-

1195 2178 1357 2203 mentum
1388 2168 1485 2215 quod
1520 2169 1589 2202 hoc
1626 2169 1876 2215 epigrammate

1195 2224 1354 2256 tractavit
1392 2223 1520 2256 Noster
1538 2248 1548 2264 ‚
1587 2222 1629 2255 ab
1675 2221 1878 2255 auctoribus

1195 2276 1300 2321 liujus
1321 2276 1429 2309 aetatis
1451 2288 1541 2321 saepe
1562 2276 1629 2308 fuit
1654 2283 1877 2320 usurpatum.

1195 2329 1294 2362 Inter
1327 2342 1415 2375 quos
1449 2329 1635 2362 Petronius
1653 2354 1662 2368 ‚
1695 2328 1760 2361 suh
1794 2327 1877 2360 ficto

1197 2384 1360 2416 Crotonae
1385 2383 1528 2415 nomine
1552 2394 1560 2414 :
1589 2399 1603 2411 «
1628 2382 1878 2425 Quoscumque

1196 2435 1355 2469 homines
1374 2435 1409 2468 in
1431 2435 1495 2468 hac
1514 2436 1602 2468 urbe
1621 2433 1801 2473 videritis,
1818 2434 1879 2466 sci-

1197 2498 1268 2522 tote
1299 2490 1334 2522 in
1362 2488 1447 2522 duas
1475 2497 1590 2534 partes
1619 2500 1690 2520 esse
1721 2485 1874 2519 divisos:

1195 2555 1277 2575 nam
1295 2551 1354 2576 aut
1373 2550 1559 2587 captantur
1572 2566 1581 2581 ‚
1605 2549 1664 2574 aut
1681 2547 1820 2585 captant
1840 2551 1876 2579 »ς

1196 2605 1231 2629 et
1256 2595 1337 2629 vide
1367 2596 1482 2641 ipsum
1508 2595 1730 2634 Martialem,
1751 2592 1811 2624 lib.
1829 2593 1875 2632 V,

1197 2650 1308 2694 epigr.
1330 2660 1444 2689 ,κν-ΠΙ,
1469 2661 1518 2681 VS.
1544 2650 1564 2681 6
1585 2659 1593 2680 ;
1618 2665 1630 2676 «
1653 2645 1723 2678 Odi
1739 2644 1876 2678 dolosas

1196 2714 1385 2739 munerum
1405 2710 1436 2735 et
1454 2701 1555 2735 malas
1576 2708 1675 2733 artes.
1690 2699 1876 2732 Imitantur
