<?xml version="1.0" encoding="UTF-8"?>
<!DOCTYPE html PUBLIC "-//W3C//DTD XHTML 1.0 Transitional//EN"
    "http://www.w3.org/TR/xhtml1/DTD/xhtml1-transitional.dtd">
<html xmlns="http://www.w3.org/1999/xhtml" xml:lang="en" lang="en">
 <head>
  <title>
</title>
<meta http-equiv="Content-Type" content="text/html;charset=utf-8" />
  <meta name='ocr-system' content='tesseract 3.04.00' />
  <meta name='ocr-capabilities' content='ocr_page ocr_carea ocr_par ocr_line ocrx_word'/>
</head>
<body>
  <div class='ocr_page' id='page_1' title='image "./epigrammata01martuoft_0611.png"; bbox 0 0 2061 3288; ppageno 0'>
   <div class='ocr_carea' id='block_1_1' title="bbox 0 1653 33 3288">
    <p class='ocr_par' dir='ltr' id='par_1_1' title="bbox 0 1653 33 3288">
     <span class='ocr_line' id='line_1_1' title="bbox 0 1653 33 3288; baseline 0 0"><span class='ocrx_word' id='word_1_1' title='bbox 0 1653 33 3288; x_wconf 95' lang='lat' dir='ltr'> </span> 
     </span>
    </p>
   </div>
   <div class='ocr_carea' id='block_1_2' title="bbox 481 218 1354 263">
    <p class='ocr_par' dir='ltr' id='par_1_2' title="bbox 481 218 1354 263">
     <span class='ocr_line' id='line_1_2' title="bbox 481 218 1354 263; baseline -0.002 -1"><span class='ocrx_word' id='word_1_2' title='bbox 481 218 1065 263; x_wconf 74' lang='lat' dir='ltr'><strong>EPIGRAMMATUM</strong></span> <span class='ocrx_word' id='word_1_3' title='bbox 1106 218 1228 260; x_wconf 86' lang='lat' dir='ltr'>LIB.</span> <span class='ocrx_word' id='word_1_4' title='bbox 1269 218 1354 262; x_wconf 86' lang='lat' dir='ltr'>lv.</span> 
     </span>
    </p>
   </div>
   <div class='ocr_carea' id='block_1_3' title="bbox 1526 219 1626 280">
    <p class='ocr_par' dir='ltr' id='par_1_3' title="bbox 1526 219 1626 280">
     <span class='ocr_line' id='line_1_3' title="bbox 1526 219 1626 280; baseline 0 -7"><span class='ocrx_word' id='word_1_5' title='bbox 1526 219 1626 280; x_wconf 75' lang='lat'>439</span> 
     </span>
    </p>
   </div>
   <div class='ocr_carea' id='block_1_4' title="bbox 281 305 1627 512">
    <p class='ocr_par' dir='ltr' id='par_1_4' title="bbox 281 305 1627 512">
     <span class='ocr_line' id='line_1_4' title="bbox 353 305 1217 362; baseline -0.001 -11"><span class='ocrx_word' id='word_1_6' title='bbox 353 309 532 351; x_wconf 82' lang='lat' dir='ltr'>Lautior</span> <span class='ocrx_word' id='word_1_7' title='bbox 563 317 606 351; x_wconf 82' lang='lat' dir='ltr'>ct</span> <span class='ocrx_word' id='word_1_8' title='bbox 633 307 771 351; x_wconf 85' lang='lat' dir='ltr'>nitido</span> <span class='ocrx_word' id='word_1_9' title='bbox 797 308 853 351; x_wconf 89' lang='lat' dir='ltr'>sis</span> <span class='ocrx_word' id='word_1_10' title='bbox 882 306 1065 350; x_wconf 81' lang='lat' dir='ltr'>Meliore</span> <span class='ocrx_word' id='word_1_11' title='bbox 1095 305 1217 362; x_wconf 78' lang='lat' dir='ltr'>licet3</span> 
     </span>
     <span class='ocr_line' id='line_1_5' title="bbox 281 378 1380 439; baseline -0.002 -16"><span class='ocrx_word' id='word_1_12' title='bbox 281 378 353 423; x_wconf 83' lang='lat' dir='ltr'>Nil</span> <span class='ocrx_word' id='word_1_13' title='bbox 378 379 508 423; x_wconf 89' lang='lat' dir='ltr'>adicit</span> <span class='ocrx_word' id='word_1_14' title='bbox 535 395 670 439; x_wconf 87' lang='lat' dir='ltr'>penso</span> <span class='ocrx_word' id='word_1_15' title='bbox 697 378 926 433; x_wconf 79' lang='lat' dir='ltr'><strong>Lachesis,</strong></span> <span class='ocrx_word' id='word_1_16' title='bbox 949 378 1154 439; x_wconf 80' lang='lat' dir='ltr'>fusosque</span> <span class='ocrx_word' id='word_1_17' title='bbox 1180 394 1380 422; x_wconf 83' lang='lat' dir='ltr'>sororum</span> 
     </span>
     <span class='ocr_line' id='line_1_6' title="bbox 350 448 1627 512; baseline -0.001 -19"><span class='ocrx_word' id='word_1_18' title='bbox 350 449 574 511; x_wconf 77' lang='lat' dir='ltr'>Explicat,</span> <span class='ocrx_word' id='word_1_19' title='bbox 601 460 646 494; x_wconf 87' lang='lat' dir='ltr'>ct</span> <span class='ocrx_word' id='word_1_20' title='bbox 672 466 845 512; x_wconf 83' lang='lat' dir='ltr'>semper</span> <span class='ocrx_word' id='word_1_21' title='bbox 873 449 927 494; x_wconf 84' lang='lat' dir='ltr'>de</span> <span class='ocrx_word' id='word_1_22' title='bbox 958 448 1097 493; x_wconf 85' lang='lat' dir='ltr'>tribus</span> <span class='ocrx_word' id='word_1_23' title='bbox 1128 465 1214 493; x_wconf 87' lang='lat' dir='ltr'>una</span> <span class='ocrx_word' id='word_1_24' title='bbox 1242 458 1371 493; x_wconf 85' lang='lat' dir='ltr'>secat.</span> <span class='ocrx_word' id='word_1_25' title='bbox 1596 479 1627 494; x_wconf 61' lang='lat'>10</span> 
     </span>
    </p>
   </div>
   <div class='ocr_carea' id='block_1_5' title="bbox 210 588 900 2600">
    <p class='ocr_par' dir='ltr' id='par_1_5' title="bbox 210 588 900 2600">
     <span class='ocr_line' id='line_1_7' title="bbox 212 588 888 622; baseline 0.001 -2"><span class='ocrx_word' id='word_1_26' title='bbox 212 588 369 621; x_wconf 80' lang='lat' dir='ltr'>habuisse</span> <span class='ocrx_word' id='word_1_27' title='bbox 387 588 422 620; x_wconf 91' lang='lat' dir='ltr'>in</span> <span class='ocrx_word' id='word_1_28' title='bbox 443 601 549 621; x_wconf 86' lang='lat' dir='ltr'>censu</span> <span class='ocrx_word' id='word_1_29' title='bbox 561 588 613 621; x_wconf 90' lang='lat' dir='ltr'>bis</span> <span class='ocrx_word' id='word_1_30' title='bbox 629 588 755 622; x_wconf 89' lang='lat' dir='ltr'>millies</span> <span class='ocrx_word' id='word_1_31' title='bbox 767 596 888 621; x_wconf 82' lang='lat' dir='ltr'>sester-</span> 
     </span>
     <span class='ocr_line' id='line_1_8' title="bbox 210 642 886 686; baseline -0.003 -10"><span class='ocrx_word' id='word_1_32' title='bbox 210 642 310 676; x_wconf 74' lang='lat' dir='ltr'>tium.</span> <span class='ocrx_word' id='word_1_33' title='bbox 339 642 546 683; x_wconf 82' lang='lat' dir='ltr'>Suetonius,</span> <span class='ocrx_word' id='word_1_34' title='bbox 568 642 605 674; x_wconf 90' lang='lat' dir='ltr'>in</span> <span class='ocrx_word' id='word_1_35' title='bbox 627 642 786 681; x_wconf 82' lang='lat' dir='ltr'>Nerone,</span> <span class='ocrx_word' id='word_1_36' title='bbox 809 654 886 686; x_wconf 87' lang='lat' dir='ltr'>cap.</span> 
     </span>
     <span class='ocr_line' id='line_1_9' title="bbox 213 694 887 741; baseline 0 -14"><span class='ocrx_word' id='word_1_37' title='bbox 213 698 232 727; x_wconf 79' lang='grc' dir='ltr'>(ἰ</span> <span class='ocrx_word' id='word_1_38' title='bbox 251 706 259 727; x_wconf 91' lang='lat'><strong>:</strong></span> <span class='ocrx_word' id='word_1_39' title='bbox 286 712 298 724; x_wconf 85' lang='lat'>«</span> <span class='ocrx_word' id='word_1_40' title='bbox 325 694 393 728; x_wconf 87' lang='lat' dir='ltr'>Sed</span> <span class='ocrx_word' id='word_1_41' title='bbox 413 703 447 728; x_wconf 85' lang='lat' dir='ltr'>et</span> <span class='ocrx_word' id='word_1_42' title='bbox 466 694 582 741; x_wconf 83' lang='lat' dir='ltr'>Crispi</span> <span class='ocrx_word' id='word_1_43' title='bbox 601 695 753 728; x_wconf 80' lang='lat' dir='ltr'>Passieni</span> <span class='ocrx_word' id='word_1_44' title='bbox 770 694 887 728; x_wconf 85' lang='lat' dir='ltr'>vitrici</span> 
     </span>
     <span class='ocr_line' id='line_1_10' title="bbox 211 747 887 790; baseline 0.001 -11"><span class='ocrx_word' id='word_1_45' title='bbox 211 748 262 780; x_wconf 74' lang='lat' dir='ltr'>sui</span> <span class='ocrx_word' id='word_1_46' title='bbox 287 747 481 781; x_wconf 79' lang='lat' dir='ltr'>hereditate</span> <span class='ocrx_word' id='word_1_47' title='bbox 498 747 629 782; x_wconf 86' lang='lat' dir='ltr'>ditatus</span> <span class='ocrx_word' id='word_1_48' title='bbox 647 756 708 781; x_wconf 90' lang='lat' dir='ltr'>cst.</span> <span class='ocrx_word' id='word_1_49' title='bbox 726 765 740 777; x_wconf 82' lang='lat'>»</span> <span class='ocrx_word' id='word_1_50' title='bbox 762 747 775 790; x_wconf 45' lang='grc' dir='ltr'>ζ</span> <span class='ocrx_word' id='word_1_51' title='bbox 792 748 887 781; x_wconf 89' lang='lat' dir='ltr'>Nero</span> 
     </span>
     <span class='ocr_line' id='line_1_11' title="bbox 210 796 886 844; baseline 0.001 -11"><span class='ocrx_word' id='word_1_52' title='bbox 210 801 341 834; x_wconf 86' lang='lat' dir='ltr'>scilicet</span> <span class='ocrx_word' id='word_1_53' title='bbox 355 796 381 844; x_wconf 80' lang='lat'>).</span> <span class='ocrx_word' id='word_1_54' title='bbox 395 800 462 835; x_wconf 89' lang='lat' dir='ltr'>Sed</span> <span class='ocrx_word' id='word_1_55' title='bbox 472 809 594 835; x_wconf 88' lang='lat' dir='ltr'>contra</span> <span class='ocrx_word' id='word_1_56' title='bbox 606 801 654 834; x_wconf 89' lang='lat' dir='ltr'>sic</span> <span class='ocrx_word' id='word_1_57' title='bbox 667 801 886 835; x_wconf 84' lang='lat' dir='ltr'>Gronovius:</span> 
     </span>
     <span class='ocr_line' id='line_1_12' title="bbox 214 854 885 899; baseline 0.001 -13"><span class='ocrx_word' id='word_1_58' title='bbox 214 872 226 883; x_wconf 88' lang='grc'>-</span> <span class='ocrx_word' id='word_1_59' title='bbox 251 855 319 887; x_wconf 84' lang='lat' dir='ltr'>Iste</span> <span class='ocrx_word' id='word_1_60' title='bbox 348 867 420 887; x_wconf 86' lang='lat' dir='ltr'>non</span> <span class='ocrx_word' id='word_1_61' title='bbox 444 863 496 888; x_wconf 85' lang='lat' dir='ltr'>est</span> <span class='ocrx_word' id='word_1_62' title='bbox 523 854 653 899; x_wconf 75' lang='lat' dir='ltr'>Crispus</span> <span class='ocrx_word' id='word_1_63' title='bbox 680 854 885 894; x_wconf 82' lang='lat' dir='ltr'>Passienus,</span> 
     </span>
     <span class='ocr_line' id='line_1_13' title="bbox 213 907 888 949; baseline 0.003 -10"><span class='ocrx_word' id='word_1_64' title='bbox 213 907 362 940; x_wconf 82' lang='lat' dir='ltr'>Neronis</span> <span class='ocrx_word' id='word_1_65' title='bbox 380 908 524 941; x_wconf 87' lang='lat' dir='ltr'>vitricus</span> <span class='ocrx_word' id='word_1_66' title='bbox 538 933 548 949; x_wconf 66' lang='lat'>7</span> <span class='ocrx_word' id='word_1_67' title='bbox 569 916 607 940; x_wconf 89' lang='lat' dir='ltr'>ut</span> <span class='ocrx_word' id='word_1_68' title='bbox 636 916 734 941; x_wconf 85' lang='lat' dir='ltr'>notat</span> <span class='ocrx_word' id='word_1_69' title='bbox 758 908 888 941; x_wconf 86' lang='lat' dir='ltr'>Farna-</span> 
     </span>
     <span class='ocr_line' id='line_1_14' title="bbox 210 959 888 1007; baseline 0.001 -15"><span class='ocrx_word' id='word_1_70' title='bbox 210 960 313 1002; x_wconf 77' lang='lat' dir='ltr'>hius3</span> <span class='ocrx_word' id='word_1_71' title='bbox 335 959 395 995; x_wconf 85' lang='lat' dir='ltr'>sed</span> <span class='ocrx_word' id='word_1_72' title='bbox 420 961 550 994; x_wconf 86' lang='lat' dir='ltr'>Vibius</span> <span class='ocrx_word' id='word_1_73' title='bbox 576 961 721 1006; x_wconf 85' lang='lat' dir='ltr'>Crispus</span> <span class='ocrx_word' id='word_1_74' title='bbox 748 960 792 993; x_wconf 89' lang='lat' dir='ltr'>de</span> <span class='ocrx_word' id='word_1_75' title='bbox 818 974 888 1007; x_wconf 89' lang='lat' dir='ltr'>quo</span> 
     </span>
     <span class='ocr_line' id='line_1_15' title="bbox 211 1014 888 1059; baseline 0 -13"><span class='ocrx_word' id='word_1_76' title='bbox 211 1014 322 1047; x_wconf 80' lang='lat' dir='ltr'>Tacit.</span> <span class='ocrx_word' id='word_1_77' title='bbox 345 1014 434 1047; x_wconf 88' lang='lat' dir='ltr'>Hist.</span> <span class='ocrx_word' id='word_1_78' title='bbox 457 1016 504 1048; x_wconf 91' lang='grc' dir='ltr'>Π.</span> <span class='ocrx_word' id='word_1_79' title='bbox 526 1014 640 1047; x_wconf 68' lang='lat' dir='ltr'>Vibius</span> <span class='ocrx_word' id='word_1_80' title='bbox 660 1015 810 1059; x_wconf 76' lang='lat' dir='ltr'>Crispus,</span> <span class='ocrx_word' id='word_1_81' title='bbox 831 1028 888 1059; x_wconf 79' lang='lat' dir='ltr'>pe-</span> 
     </span>
     <span class='ocr_line' id='line_1_16' title="bbox 211 1067 889 1113; baseline 0.006 -16"><span class='ocrx_word' id='word_1_82' title='bbox 211 1070 302 1100; x_wconf 68' lang='lat' dir='ltr'>cunia</span> <span class='ocrx_word' id='word_1_83' title='bbox 316 1094 325 1107; x_wconf 89' lang='lat'><em>,</em></span> <span class='ocrx_word' id='word_1_84' title='bbox 345 1069 488 1112; x_wconf 79' lang='lat' dir='ltr'>potentia</span> <span class='ocrx_word' id='word_1_85' title='bbox 501 1094 510 1108; x_wconf 93' lang='lat'>,</span> <span class='ocrx_word' id='word_1_86' title='bbox 530 1067 688 1113; x_wconf 88' lang='lat' dir='ltr'>ingenio,</span> <span class='ocrx_word' id='word_1_87' title='bbox 711 1068 802 1101; x_wconf 89' lang='lat' dir='ltr'>inter</span> <span class='ocrx_word' id='word_1_88' title='bbox 819 1068 889 1101; x_wconf 87' lang='lat' dir='ltr'>cla-</span> 
     </span>
     <span class='ocr_line' id='line_1_17' title="bbox 211 1121 890 1166; baseline 0.003 -14"><span class='ocrx_word' id='word_1_89' title='bbox 211 1132 268 1152; x_wconf 80' lang='lat' dir='ltr'>ros</span> <span class='ocrx_word' id='word_1_90' title='bbox 292 1121 423 1166; x_wconf 84' lang='lat' dir='ltr'>magis,</span> <span class='ocrx_word' id='word_1_91' title='bbox 454 1133 558 1166; x_wconf 88' lang='lat' dir='ltr'>quam</span> <span class='ocrx_word' id='word_1_92' title='bbox 581 1121 674 1154; x_wconf 83' lang='lat' dir='ltr'>inter</span> <span class='ocrx_word' id='word_1_93' title='bbox 701 1122 823 1154; x_wconf 87' lang='lat' dir='ltr'>bonos.</span> <span class='ocrx_word' id='word_1_94' title='bbox 844 1122 890 1154; x_wconf 87' lang='lat' dir='ltr'>Et</span> 
     </span>
     <span class='ocr_line' id='line_1_18' title="bbox 212 1173 890 1220; baseline 0.001 -14"><span class='ocrx_word' id='word_1_95' title='bbox 212 1182 335 1207; x_wconf 85' lang='lat' dir='ltr'>auctor</span> <span class='ocrx_word' id='word_1_96' title='bbox 363 1173 493 1219; x_wconf 83' lang='lat' dir='ltr'>dialogi</span> <span class='ocrx_word' id='word_1_97' title='bbox 517 1173 562 1207; x_wconf 89' lang='lat' dir='ltr'>de</span> <span class='ocrx_word' id='word_1_98' title='bbox 580 1174 690 1208; x_wconf 83' lang='lat' dir='ltr'>causis</span> <span class='ocrx_word' id='word_1_99' title='bbox 712 1182 890 1220; x_wconf 82' lang='lat' dir='ltr'>corruptae</span> 
     </span>
     <span class='ocr_line' id='line_1_19' title="bbox 214 1227 889 1273; baseline 0.001 -14"><span class='ocrx_word' id='word_1_100' title='bbox 214 1227 389 1272; x_wconf 74' lang='lat' dir='ltr'>eloquent.</span> <span class='ocrx_word' id='word_1_101' title='bbox 403 1240 512 1273; x_wconf 86' lang='lat' dir='ltr'>quum</span> <span class='ocrx_word' id='word_1_102' title='bbox 523 1228 728 1261; x_wconf 86' lang='lat' dir='ltr'>Marcellum</span> <span class='ocrx_word' id='word_1_103' title='bbox 739 1228 889 1272; x_wconf 81' lang='lat' dir='ltr'>Eprium</span> 
     </span>
     <span class='ocr_line' id='line_1_20' title="bbox 215 1281 886 1326; baseline 0.001 -14"><span class='ocrx_word' id='word_1_104' title='bbox 215 1288 247 1313; x_wconf 69' lang='lat' dir='ltr'>et</span> <span class='ocrx_word' id='word_1_105' title='bbox 273 1281 439 1326; x_wconf 87' lang='lat' dir='ltr'>Crispum</span> <span class='ocrx_word' id='word_1_106' title='bbox 467 1281 617 1314; x_wconf 84' lang='lat' dir='ltr'>Vibium</span> <span class='ocrx_word' id='word_1_107' title='bbox 645 1281 857 1314; x_wconf 83' lang='lat' dir='ltr'>nominasset</span> <span class='ocrx_word' id='word_1_108' title='bbox 880 1295 886 1313; x_wconf 89' lang='lat'><strong>:</strong></span> 
     </span>
     <span class='ocr_line' id='line_1_21' title="bbox 214 1334 891 1368; baseline 0.003 -2"><span class='ocrx_word' id='word_1_109' title='bbox 214 1349 226 1360; x_wconf 90' lang='lat'>·‹</span> <span class='ocrx_word' id='word_1_110' title='bbox 246 1334 317 1366; x_wconf 89' lang='lat' dir='ltr'>Nec</span> <span class='ocrx_word' id='word_1_111' title='bbox 336 1334 405 1367; x_wconf 86' lang='lat' dir='ltr'>hoc</span> <span class='ocrx_word' id='word_1_112' title='bbox 430 1335 498 1367; x_wconf 89' lang='lat' dir='ltr'>illis</span> <span class='ocrx_word' id='word_1_113' title='bbox 523 1335 665 1368; x_wconf 80' lang='lat' dir='ltr'>alterive</span> <span class='ocrx_word' id='word_1_114' title='bbox 691 1343 744 1367; x_wconf 87' lang='lat' dir='ltr'>ter</span> <span class='ocrx_word' id='word_1_115' title='bbox 765 1334 891 1368; x_wconf 88' lang='lat' dir='ltr'>millies</span> 
     </span>
     <span class='ocr_line' id='line_1_22' title="bbox 212 1386 891 1432; baseline 0.003 -14"><span class='ocrx_word' id='word_1_116' title='bbox 212 1387 410 1419; x_wconf 76' lang='lat' dir='ltr'>sestertium</span> <span class='ocrx_word' id='word_1_117' title='bbox 427 1396 566 1432; x_wconf 80' lang='lat' dir='ltr'>praestat</span> <span class='ocrx_word' id='word_1_118' title='bbox 581 1413 590 1427; x_wconf 80' lang='grc'>,</span> <span class='ocrx_word' id='word_1_119' title='bbox 611 1400 825 1432; x_wconf 87' lang='lat' dir='ltr'>quamquam</span> <span class='ocrx_word' id='word_1_120' title='bbox 847 1386 891 1420; x_wconf 88' lang='lat' dir='ltr'>ad</span> 
     </span>
     <span class='ocr_line' id='line_1_23' title="bbox 213 1439 890 1486; baseline 0.001 -14"><span class='ocrx_word' id='word_1_121' title='bbox 213 1439 273 1472; x_wconf 89' lang='lat' dir='ltr'>has</span> <span class='ocrx_word' id='word_1_122' title='bbox 301 1440 391 1484; x_wconf 87' lang='lat' dir='ltr'>ipsas</span> <span class='ocrx_word' id='word_1_123' title='bbox 415 1452 499 1485; x_wconf 88' lang='lat' dir='ltr'>opes</span> <span class='ocrx_word' id='word_1_124' title='bbox 519 1449 666 1486; x_wconf 76' lang='lat' dir='ltr'>possunt</span> <span class='ocrx_word' id='word_1_125' title='bbox 685 1440 798 1474; x_wconf 69' lang='lat' dir='ltr'>videri</span> <span class='ocrx_word' id='word_1_126' title='bbox 818 1441 890 1473; x_wconf 87' lang='lat' dir='ltr'>elo-</span> 
     </span>
     <span class='ocr_line' id='line_1_24' title="bbox 214 1493 890 1538; baseline 0.003 -14"><span class='ocrx_word' id='word_1_127' title='bbox 214 1493 366 1538; x_wconf 84' lang='lat' dir='ltr'>quentiae</span> <span class='ocrx_word' id='word_1_128' title='bbox 391 1494 562 1527; x_wconf 79' lang='lat' dir='ltr'>beneficio</span> <span class='ocrx_word' id='word_1_129' title='bbox 585 1495 728 1527; x_wconf 83' lang='lat' dir='ltr'>venisse.</span> <span class='ocrx_word' id='word_1_130' title='bbox 756 1512 770 1523; x_wconf 72' lang='lat' dir='ltr'><strong>n</strong></span> <span class='ocrx_word' id='word_1_131' title='bbox 804 1494 890 1527; x_wconf 83' lang='lat' dir='ltr'>Gro-</span> 
     </span>
     <span class='ocr_line' id='line_1_25' title="bbox 215 1547 890 1592; baseline 0.003 -15"><span class='ocrx_word' id='word_1_132' title='bbox 215 1549 334 1579; x_wconf 65' lang='lat' dir='ltr'>novius.</span> <span class='ocrx_word' id='word_1_133' title='bbox 360 1548 412 1580; x_wconf 89' lang='lat' dir='ltr'>De</span> <span class='ocrx_word' id='word_1_134' title='bbox 429 1547 553 1592; x_wconf 86' lang='lat' dir='ltr'>Crispo</span> <span class='ocrx_word' id='word_1_135' title='bbox 574 1547 724 1580; x_wconf 86' lang='lat' dir='ltr'>Neronis</span> <span class='ocrx_word' id='word_1_136' title='bbox 743 1547 890 1588; x_wconf 83' lang='lat' dir='ltr'>vitrico,</span> 
     </span>
     <span class='ocr_line' id='line_1_26' title="bbox 215 1599 892 1634; baseline 0.001 -3"><span class='ocrx_word' id='word_1_137' title='bbox 215 1599 268 1631; x_wconf 89' lang='lat' dir='ltr'>bis</span> <span class='ocrx_word' id='word_1_138' title='bbox 306 1601 449 1634; x_wconf 86' lang='lat' dir='ltr'>consule</span> <span class='ocrx_word' id='word_1_139' title='bbox 490 1609 523 1633; x_wconf 86' lang='lat' dir='ltr'>et</span> <span class='ocrx_word' id='word_1_140' title='bbox 556 1609 698 1634; x_wconf 82' lang='lat' dir='ltr'>oratore</span> <span class='ocrx_word' id='word_1_141' title='bbox 733 1601 892 1633; x_wconf 85' lang='lat' dir='ltr'>scribunt</span> 
     </span>
     <span class='ocr_line' id='line_1_27' title="bbox 217 1652 893 1692; baseline 0.003 -8"><span class='ocrx_word' id='word_1_142' title='bbox 217 1653 369 1692; x_wconf 78' lang='lat' dir='ltr'>Seneca,</span> <span class='ocrx_word' id='word_1_143' title='bbox 394 1652 438 1686; x_wconf 81' lang='lat' dir='ltr'>de</span> <span class='ocrx_word' id='word_1_144' title='bbox 465 1654 583 1687; x_wconf 87' lang='lat' dir='ltr'>Benef.</span> <span class='ocrx_word' id='word_1_145' title='bbox 609 1654 668 1687; x_wconf 90' lang='lat' dir='ltr'>lib.</span> <span class='ocrx_word' id='word_1_146' title='bbox 697 1655 714 1686; x_wconf 92' lang='lat' dir='ltr'>I</span> <span class='ocrx_word' id='word_1_147' title='bbox 741 1662 828 1687; x_wconf 76' lang='lat' dir='ltr'>extr.</span> <span class='ocrx_word' id='word_1_148' title='bbox 858 1662 893 1687; x_wconf 90' lang='lat' dir='ltr'>et</span> 
     </span>
     <span class='ocr_line' id='line_1_28' title="bbox 218 1706 892 1748; baseline 0.001 -10"><span class='ocrx_word' id='word_1_149' title='bbox 218 1706 341 1738; x_wconf 88' lang='lat' dir='ltr'>Natur.</span> <span class='ocrx_word' id='word_1_150' title='bbox 353 1706 483 1747; x_wconf 82' lang='lat' dir='ltr'>Quaest.</span> <span class='ocrx_word' id='word_1_151' title='bbox 498 1707 558 1739; x_wconf 88' lang='lat' dir='ltr'>lib.</span> <span class='ocrx_word' id='word_1_152' title='bbox 572 1708 635 1748; x_wconf 76' lang='lat' dir='ltr'>IV;</span> <span class='ocrx_word' id='word_1_153' title='bbox 646 1707 807 1747; x_wconf 79' lang='lat' dir='ltr'>Tacitus,</span> <span class='ocrx_word' id='word_1_154' title='bbox 821 1708 892 1739; x_wconf 85' lang='lat' dir='ltr'>Au-</span> 
     </span>
     <span class='ocr_line' id='line_1_29' title="bbox 217 1759 892 1804; baseline 0.001 -13"><span class='ocrx_word' id='word_1_155' title='bbox 217 1759 286 1792; x_wconf 87' lang='lat' dir='ltr'>nal.</span> <span class='ocrx_word' id='word_1_156' title='bbox 305 1759 366 1792; x_wconf 85' lang='lat' dir='ltr'>lib.</span> <span class='ocrx_word' id='word_1_157' title='bbox 384 1760 454 1792; x_wconf 86' lang='lat' dir='ltr'>XII</span> <span class='ocrx_word' id='word_1_158' title='bbox 468 1784 476 1794; x_wconf 79' lang='lat'>‚</span> <span class='ocrx_word' id='word_1_159' title='bbox 499 1759 559 1792; x_wconf 87' lang='lat' dir='ltr'>ubi</span> <span class='ocrx_word' id='word_1_160' title='bbox 575 1760 812 1804; x_wconf 81' lang='lat' dir='ltr'>copiosissime</span> <span class='ocrx_word' id='word_1_161' title='bbox 833 1760 892 1792; x_wconf 95' lang='lat' dir='ltr'>Li-</span> 
     </span>
     <span class='ocr_line' id='line_1_30' title="bbox 217 1812 893 1858; baseline 0 -14"><span class='ocrx_word' id='word_1_162' title='bbox 217 1812 323 1856; x_wconf 88' lang='lat' dir='ltr'>psius.</span> <span class='ocrx_word' id='word_1_163' title='bbox 343 1813 440 1846; x_wconf 77' lang='lat' dir='ltr'>Suet.</span> <span class='ocrx_word' id='word_1_164' title='bbox 455 1814 587 1845; x_wconf 88' lang='lat' dir='ltr'>Neron.</span> <span class='ocrx_word' id='word_1_165' title='bbox 609 1825 686 1858; x_wconf 88' lang='lat' dir='ltr'>cap.</span> <span class='ocrx_word' id='word_1_166' title='bbox 712 1816 733 1845; x_wconf 77' lang='lat'><strong>6</strong></span> <span class='ocrx_word' id='word_1_167' title='bbox 746 1838 754 1853; x_wconf 91' lang='lat'><strong><em>‚</em></strong></span> <span class='ocrx_word' id='word_1_168' title='bbox 777 1813 893 1858; x_wconf 83' lang='lat' dir='ltr'>Crispi</span> 
     </span>
     <span class='ocr_line' id='line_1_31' title="bbox 217 1864 894 1911; baseline 0.004 -14"><span class='ocrx_word' id='word_1_169' title='bbox 217 1864 350 1898; x_wconf 86' lang='lat' dir='ltr'>dictum</span> <span class='ocrx_word' id='word_1_170' title='bbox 388 1866 497 1898; x_wconf 81' lang='lat' dir='ltr'>refert</span> <span class='ocrx_word' id='word_1_171' title='bbox 531 1865 574 1898; x_wconf 89' lang='lat' dir='ltr'>de</span> <span class='ocrx_word' id='word_1_172' title='bbox 590 1866 676 1899; x_wconf 85' lang='lat' dir='ltr'>Caio</span> <span class='ocrx_word' id='word_1_173' title='bbox 704 1866 863 1911; x_wconf 82' lang='lat' dir='ltr'>principe</span> <span class='ocrx_word' id='word_1_174' title='bbox 886 1879 894 1900; x_wconf 85' lang='grc'>;</span> 
     </span>
     <span class='ocr_line' id='line_1_32' title="bbox 222 1918 894 1961; baseline 0.001 -10"><span class='ocrx_word' id='word_1_175' title='bbox 222 1936 235 1948; x_wconf 83' lang='grc'>«</span> <span class='ocrx_word' id='word_1_176' title='bbox 257 1932 320 1952; x_wconf 90' lang='lat' dir='ltr'>nec</span> <span class='ocrx_word' id='word_1_177' title='bbox 336 1919 517 1952; x_wconf 85' lang='lat' dir='ltr'>meliorem</span> <span class='ocrx_word' id='word_1_178' title='bbox 533 1932 671 1952; x_wconf 81' lang='lat' dir='ltr'>servum</span> <span class='ocrx_word' id='word_1_179' title='bbox 685 1946 694 1961; x_wconf 76' lang='lat'>‚</span> <span class='ocrx_word' id='word_1_180' title='bbox 714 1932 780 1952; x_wconf 86' lang='lat' dir='ltr'>nec</span> <span class='ocrx_word' id='word_1_181' title='bbox 798 1918 894 1952; x_wconf 77' lang='lat' dir='ltr'>dete-</span> 
     </span>
     <span class='ocr_line' id='line_1_33' title="bbox 217 1972 893 2018; baseline 0.001 -14"><span class='ocrx_word' id='word_1_182' title='bbox 217 1972 347 2005; x_wconf 85' lang='lat' dir='ltr'>riorem</span> <span class='ocrx_word' id='word_1_183' title='bbox 362 1972 547 2005; x_wconf 88' lang='lat' dir='ltr'>dominum</span> <span class='ocrx_word' id='word_1_184' title='bbox 561 1973 665 2005; x_wconf 83' lang='lat' dir='ltr'>fuisse</span> <span class='ocrx_word' id='word_1_185' title='bbox 679 1985 893 2018; x_wconf 81' lang='lat' dir='ltr'>quemquam</span> 
     </span>
     <span class='ocr_line' id='line_1_34' title="bbox 219 2025 894 2071; baseline 0.001 -14"><span class='ocrx_word' id='word_1_186' title='bbox 219 2025 317 2058; x_wconf 87' lang='lat' dir='ltr'>Caio.</span> <span class='ocrx_word' id='word_1_187' title='bbox 333 2042 346 2054; x_wconf 85' lang='lat'>»</span> <span class='ocrx_word' id='word_1_188' title='bbox 367 2026 493 2058; x_wconf 85' lang='lat' dir='ltr'>Totam</span> <span class='ocrx_word' id='word_1_189' title='bbox 507 2026 610 2071; x_wconf 80' lang='lat' dir='ltr'>liujus</span> <span class='ocrx_word' id='word_1_190' title='bbox 625 2026 776 2059; x_wconf 77' lang='lat' dir='ltr'>Passieni</span> <span class='ocrx_word' id='word_1_191' title='bbox 788 2026 894 2059; x_wconf 87' lang='lat' dir='ltr'>vitam</span> 
     </span>
     <span class='ocr_line' id='line_1_35' title="bbox 219 2077 895 2124; baseline 0.001 -14"><span class='ocrx_word' id='word_1_192' title='bbox 219 2078 326 2111; x_wconf 86' lang='lat' dir='ltr'>habes</span> <span class='ocrx_word' id='word_1_193' title='bbox 345 2077 438 2123; x_wconf 88' lang='lat' dir='ltr'>apud</span> <span class='ocrx_word' id='word_1_194' title='bbox 465 2079 645 2112; x_wconf 78' lang='lat' dir='ltr'>Juvenalis</span> <span class='ocrx_word' id='word_1_195' title='bbox 667 2080 895 2124; x_wconf 78' lang='lat' dir='ltr'>interpretem</span> 
     </span>
     <span class='ocr_line' id='line_1_36' title="bbox 220 2131 894 2176; baseline 0.003 -13"><span class='ocrx_word' id='word_1_196' title='bbox 220 2139 254 2164; x_wconf 85' lang='lat' dir='ltr'>et</span> <span class='ocrx_word' id='word_1_197' title='bbox 274 2131 435 2176; x_wconf 85' lang='lat' dir='ltr'>Lipsium</span> <span class='ocrx_word' id='word_1_198' title='bbox 453 2133 530 2165; x_wconf 90' lang='lat' dir='ltr'>loco</span> <span class='ocrx_word' id='word_1_199' title='bbox 547 2132 661 2165; x_wconf 86' lang='lat' dir='ltr'>Taciti</span> <span class='ocrx_word' id='word_1_200' title='bbox 681 2132 797 2165; x_wconf 74' lang='lat' dir='ltr'>citato.</span> <span class='ocrx_word' id='word_1_201' title='bbox 810 2131 894 2166; x_wconf 77' lang='lat' dir='ltr'>Vid.</span> 
     </span>
     <span class='ocr_line' id='line_1_37' title="bbox 220 2184 894 2230; baseline 0.003 -14"><span class='ocrx_word' id='word_1_202' title='bbox 220 2184 364 2217; x_wconf 86' lang='lat' dir='ltr'>Sueton.</span> <span class='ocrx_word' id='word_1_203' title='bbox 387 2197 462 2230; x_wconf 87' lang='lat' dir='ltr'>cap.</span> <span class='ocrx_word' id='word_1_204' title='bbox 483 2185 515 2217; x_wconf 81' lang='grc'>3.</span> <span class='ocrx_word' id='word_1_205' title='bbox 537 2185 686 2226; x_wconf 89' lang='lat' dir='ltr'>Quintil.</span> <span class='ocrx_word' id='word_1_206' title='bbox 704 2185 894 2219; x_wconf 78' lang='lat' dir='ltr'>I11stit.}‹ib.</span> 
     </span>
     <span class='ocr_line' id='line_1_38' title="bbox 222 2238 895 2283; baseline 0.004 -15"><span class='ocrx_word' id='word_1_207' title='bbox 222 2238 298 2269; x_wconf 85' lang='lat' dir='ltr'>III:</span> <span class='ocrx_word' id='word_1_208' title='bbox 324 2254 337 2266; x_wconf 88' lang='lat'>«</span> <span class='ocrx_word' id='word_1_209' title='bbox 357 2238 485 2271; x_wconf 86' lang='lat' dir='ltr'>Vibius</span> <span class='ocrx_word' id='word_1_210' title='bbox 504 2238 649 2283; x_wconf 87' lang='lat' dir='ltr'>Crispus</span> <span class='ocrx_word' id='word_1_211' title='bbox 678 2239 895 2283; x_wconf 87' lang='lat' dir='ltr'>compositus</span> 
     </span>
     <span class='ocr_line' id='line_1_39' title="bbox 221 2289 892 2336; baseline 0.003 -14"><span class='ocrx_word' id='word_1_212' title='bbox 221 2298 255 2322; x_wconf 85' lang='lat' dir='ltr'>et</span> <span class='ocrx_word' id='word_1_213' title='bbox 285 2289 486 2336; x_wconf 87' lang='lat' dir='ltr'>jucundus,</span> <span class='ocrx_word' id='word_1_214' title='bbox 516 2290 739 2324; x_wconf 84' lang='lat' dir='ltr'>delectationi</span> <span class='ocrx_word' id='word_1_215' title='bbox 768 2300 892 2331; x_wconf 87' lang='lat' dir='ltr'>uatus,</span> 
     </span>
     <span class='ocr_line' id='line_1_40' title="bbox 222 2343 896 2390; baseline 0.003 -15"><span class='ocrx_word' id='word_1_216' title='bbox 222 2343 366 2387; x_wconf 86' lang='lat' dir='ltr'>privatis</span> <span class='ocrx_word' id='word_1_217' title='bbox 398 2352 513 2376; x_wconf 88' lang='lat' dir='ltr'>tamen</span> <span class='ocrx_word' id='word_1_218' title='bbox 546 2345 656 2377; x_wconf 86' lang='lat' dir='ltr'>causis</span> <span class='ocrx_word' id='word_1_219' title='bbox 693 2357 800 2390; x_wconf 85' lang='lat' dir='ltr'>quam</span> <span class='ocrx_word' id='word_1_220' title='bbox 828 2358 896 2390; x_wconf 89' lang='lat' dir='ltr'>pu-</span> 
     </span>
     <span class='ocr_line' id='line_1_41' title="bbox 222 2395 897 2430; baseline 0.004 -3"><span class='ocrx_word' id='word_1_221' title='bbox 222 2395 322 2428; x_wconf 89' lang='lat' dir='ltr'>blicis</span> <span class='ocrx_word' id='word_1_222' title='bbox 347 2397 483 2429; x_wconf 85' lang='lat' dir='ltr'>melior.</span> <span class='ocrx_word' id='word_1_223' title='bbox 505 2414 518 2425; x_wconf 86' lang='lat'>»</span> <span class='ocrx_word' id='word_1_224' title='bbox 550 2397 652 2429; x_wconf 86' lang='lat' dir='ltr'>Idem</span> <span class='ocrx_word' id='word_1_225' title='bbox 671 2396 714 2430; x_wconf 88' lang='lat' dir='ltr'>de</span> <span class='ocrx_word' id='word_1_226' title='bbox 733 2398 897 2430; x_wconf 86' lang='lat' dir='ltr'>Passieno</span> 
     </span>
     <span class='ocr_line' id='line_1_42' title="bbox 224 2450 893 2495; baseline 0.004 -15"><span class='ocrx_word' id='word_1_227' title='bbox 224 2457 361 2481; x_wconf 78' lang='lat' dir='ltr'>oratore</span> <span class='ocrx_word' id='word_1_228' title='bbox 373 2475 382 2490; x_wconf 93' lang='lat'><strong><em>,</em></strong></span> <span class='ocrx_word' id='word_1_229' title='bbox 402 2450 463 2482; x_wconf 89' lang='lat' dir='ltr'>lib.</span> <span class='ocrx_word' id='word_1_230' title='bbox 481 2450 535 2482; x_wconf 68' lang='lat' dir='ltr'>Vl</span> <span class='ocrx_word' id='word_1_231' title='bbox 547 2475 555 2489; x_wconf 94' lang='lat'>‚</span> <span class='ocrx_word' id='word_1_232' title='bbox 570 2462 644 2495; x_wconf 87' lang='lat' dir='ltr'>cap.</span> <span class='ocrx_word' id='word_1_233' title='bbox 665 2464 695 2483; x_wconf 92' lang='lat'>2.</span> <span class='ocrx_word' id='word_1_234' title='bbox 714 2451 830 2484; x_wconf 71' lang='lat' dir='ltr'>Rader.</span> <span class='ocrx_word' id='word_1_235' title='bbox 855 2472 893 2477; x_wconf 90' lang='lat'>-—-</span> 
     </span>
     <span class='ocr_line' id='line_1_43' title="bbox 230 2502 900 2537; baseline 0.004 -3"><span class='ocrx_word' id='word_1_236' title='bbox 230 2502 368 2534; x_wconf 68' lang='lat' dir='ltr'>Thrasea</span> <span class='ocrx_word' id='word_1_237' title='bbox 381 2505 582 2536; x_wconf 65' lang='lat' dir='ltr'>constantior.</span> <span class='ocrx_word' id='word_1_238' title='bbox 595 2505 646 2536; x_wconf 84' lang='lat' dir='ltr'>De</span> <span class='ocrx_word' id='word_1_239' title='bbox 657 2504 808 2537; x_wconf 76' lang='lat' dir='ltr'>Thrasea</span> <span class='ocrx_word' id='word_1_240' title='bbox 820 2503 900 2537; x_wconf 75' lang='lat' dir='ltr'>vide</span> 
     </span>
     <span class='ocr_line' id='line_1_44' title="bbox 223 2555 545 2600; baseline -0.003 -10"><span class='ocrx_word' id='word_1_241' title='bbox 223 2555 284 2590; x_wconf 67' lang='lat' dir='ltr'>hb.</span> <span class='ocrx_word' id='word_1_242' title='bbox 307 2556 320 2587; x_wconf 78' lang='lat' dir='ltr'>I</span> <span class='ocrx_word' id='word_1_243' title='bbox 337 2582 345 2595; x_wconf 85' lang='lat'>‚</span> <span class='ocrx_word' id='word_1_244' title='bbox 363 2556 470 2600; x_wconf 76' lang='lat' dir='ltr'>epigr.</span> <span class='ocrx_word' id='word_1_245' title='bbox 498 2569 545 2589; x_wconf 70' lang='lat' dir='ltr'>ix.</span> 
     </span>
    </p>
   </div>
   <div class='ocr_carea' id='block_1_6' title="bbox 945 581 1641 2597">
    <p class='ocr_par' dir='ltr' id='par_1_6' title="bbox 945 581 1631 1059">
     <span class='ocr_line' id='line_1_45' title="bbox 1001 581 1628 622; baseline 0 0"><span class='ocrx_word' id='word_1_246' title='bbox 1001 588 1037 621; x_wconf 87' lang='lat'>8.</span> <span class='ocrx_word' id='word_1_247' title='bbox 1060 587 1175 622; x_wconf 80' lang='lat' dir='ltr'>Nitido</span> <span class='ocrx_word' id='word_1_248' title='bbox 1192 589 1234 619; x_wconf 75' lang='lat' dir='ltr'>sis</span> <span class='ocrx_word' id='word_1_249' title='bbox 1252 586 1393 620; x_wconf 69' lang='lat' dir='ltr'>Meliore.</span> <span class='ocrx_word' id='word_1_250' title='bbox 1415 587 1552 621; x_wconf 84' lang='lat' dir='ltr'>Nobilis</span> <span class='ocrx_word' id='word_1_251' title='bbox 1564 581 1628 622; x_wconf 75' lang='lat' dir='ltr'>&#39;hic</span> 
     </span>
     <span class='ocr_line' id='line_1_46' title="bbox 945 640 1629 682; baseline 0.003 -9"><span class='ocrx_word' id='word_1_252' title='bbox 945 641 1073 674; x_wconf 89' lang='lat' dir='ltr'>Melior</span> <span class='ocrx_word' id='word_1_253' title='bbox 1106 640 1208 674; x_wconf 80' lang='lat' dir='ltr'>Statii</span> <span class='ocrx_word' id='word_1_254' title='bbox 1238 640 1475 682; x_wconf 86' lang='lat' dir='ltr'>carminibus,</span> <span class='ocrx_word' id='word_1_255' title='bbox 1499 641 1629 676; x_wconf 83' lang='lat' dir='ltr'>scilicet</span> 
     </span>
     <span class='ocr_line' id='line_1_47' title="bbox 946 692 1629 740; baseline 0.001 -13"><span class='ocrx_word' id='word_1_256' title='bbox 946 694 1091 740; x_wconf 85' lang='lat' dir='ltr'>epistola</span> <span class='ocrx_word' id='word_1_257' title='bbox 1110 694 1192 727; x_wconf 88' lang='lat' dir='ltr'>libri</span> <span class='ocrx_word' id='word_1_258' title='bbox 1211 692 1361 727; x_wconf 87' lang='lat' dir='ltr'>secundi</span> <span class='ocrx_word' id='word_1_259' title='bbox 1380 694 1575 737; x_wconf 87' lang='lat' dir='ltr'>Silvarum,</span> <span class='ocrx_word' id='word_1_260' title='bbox 1593 705 1629 729; x_wconf 82' lang='lat' dir='ltr'>et</span> 
     </span>
     <span class='ocr_line' id='line_1_48' title="bbox 945 747 1627 792; baseline 0.001 -12"><span class='ocrx_word' id='word_1_261' title='bbox 945 748 1128 792; x_wconf 85' lang='lat' dir='ltr'>poematiis</span> <span class='ocrx_word' id='word_1_262' title='bbox 1160 747 1205 780; x_wconf 87' lang='lat' dir='ltr'>de</span> <span class='ocrx_word' id='word_1_263' title='bbox 1237 747 1362 781; x_wconf 89' lang='lat' dir='ltr'>arbore</span> <span class='ocrx_word' id='word_1_264' title='bbox 1376 772 1387 789; x_wconf 90' lang='lat'>,</span> <span class='ocrx_word' id='word_1_265' title='bbox 1409 747 1560 781; x_wconf 86' lang='lat' dir='ltr'>Psittaco</span> <span class='ocrx_word' id='word_1_266' title='bbox 1593 757 1627 781; x_wconf 85' lang='lat' dir='ltr'>et</span> 
     </span>
     <span class='ocr_line' id='line_1_49' title="bbox 946 800 1627 842; baseline 0 -8"><span class='ocrx_word' id='word_1_267' title='bbox 946 801 1102 834; x_wconf 79' lang='lat' dir='ltr'>Glaucia.</span> <span class='ocrx_word' id='word_1_268' title='bbox 1118 800 1212 834; x_wconf 84' lang='lat' dir='ltr'>Vide</span> <span class='ocrx_word' id='word_1_269' title='bbox 1226 809 1261 833; x_wconf 87' lang='lat' dir='ltr'>et</span> <span class='ocrx_word' id='word_1_270' title='bbox 1276 800 1445 834; x_wconf 81' lang='lat' dir='ltr'>Nostrum</span> <span class='ocrx_word' id='word_1_271' title='bbox 1460 826 1469 841; x_wconf 93' lang='lat'>,</span> <span class='ocrx_word' id='word_1_272' title='bbox 1489 801 1550 835; x_wconf 89' lang='lat' dir='ltr'>lib.</span> <span class='ocrx_word' id='word_1_273' title='bbox 1570 802 1627 842; x_wconf 55' lang='lat'>11.</span> 
     </span>
     <span class='ocr_line' id='line_1_50' title="bbox 949 854 1631 900; baseline 0 -13"><span class='ocrx_word' id='word_1_274' title='bbox 949 854 1061 900; x_wconf 81' lang='lat' dir='ltr'>epigr.</span> <span class='ocrx_word' id='word_1_275' title='bbox 1099 866 1183 887; x_wconf 78' lang='lat' dir='ltr'>inx</span> <span class='ocrx_word' id='word_1_276' title='bbox 1195 881 1205 895; x_wconf 90' lang='lat'><strong>‚</strong></span> <span class='ocrx_word' id='word_1_277' title='bbox 1234 866 1284 887; x_wconf 75' lang='lat' dir='ltr'>vs.</span> <span class='ocrx_word' id='word_1_278' title='bbox 1313 867 1333 899; x_wconf 91' lang='lat'>7</span> <span class='ocrx_word' id='word_1_279' title='bbox 1350 866 1360 895; x_wconf 93' lang='lat'>;</span> <span class='ocrx_word' id='word_1_280' title='bbox 1398 863 1432 887; x_wconf 84' lang='lat' dir='ltr'>et</span> <span class='ocrx_word' id='word_1_281' title='bbox 1465 854 1528 888; x_wconf 91' lang='lat' dir='ltr'>lib.</span> <span class='ocrx_word' id='word_1_282' title='bbox 1558 855 1609 887; x_wconf 92' lang='lat' dir='ltr'>VI</span> <span class='ocrx_word' id='word_1_283' title='bbox 1622 881 1631 896; x_wconf 83' lang='lat'>‚</span> 
     </span>
     <span class='ocr_line' id='line_1_51' title="bbox 947 907 1630 952; baseline 0.001 -12"><span class='ocrx_word' id='word_1_284' title='bbox 947 908 1056 952; x_wconf 84' lang='lat' dir='ltr'>epigr.</span> <span class='ocrx_word' id='word_1_285' title='bbox 1078 920 1195 940; x_wconf 79' lang='lat' dir='ltr'>xxv111</span> <span class='ocrx_word' id='word_1_286' title='bbox 1212 916 1246 940; x_wconf 85' lang='lat' dir='ltr'>et</span> <span class='ocrx_word' id='word_1_287' title='bbox 1263 919 1359 940; x_wconf 84' lang='lat' dir='ltr'>xx1x.</span> <span class='ocrx_word' id='word_1_288' title='bbox 1375 907 1507 941; x_wconf 71' lang='lat' dir='ltr'>Nilirlus</span> <span class='ocrx_word' id='word_1_289' title='bbox 1525 919 1630 942; x_wconf 79' lang='lat' dir='ltr'>voca-</span> 
     </span>
     <span class='ocr_line' id='line_1_52' title="bbox 948 960 1629 1002; baseline 0.001 -9"><span class='ocrx_word' id='word_1_290' title='bbox 948 969 1007 994; x_wconf 87' lang='lat' dir='ltr'>tur</span> <span class='ocrx_word' id='word_1_291' title='bbox 1022 969 1056 994; x_wconf 89' lang='lat' dir='ltr'>et</span> <span class='ocrx_word' id='word_1_292' title='bbox 1074 973 1093 993; x_wconf 86' lang='lat' dir='ltr'>a</span> <span class='ocrx_word' id='word_1_293' title='bbox 1114 961 1294 1002; x_wconf 84' lang='lat' dir='ltr'>Martiale,</span> <span class='ocrx_word' id='word_1_294' title='bbox 1310 969 1345 994; x_wconf 90' lang='lat' dir='ltr'>et</span> <span class='ocrx_word' id='word_1_295' title='bbox 1361 973 1379 993; x_wconf 81' lang='lat' dir='ltr'>a</span> <span class='ocrx_word' id='word_1_296' title='bbox 1396 960 1507 994; x_wconf 84' lang='lat' dir='ltr'>Statio</span> <span class='ocrx_word' id='word_1_297' title='bbox 1519 987 1528 1001; x_wconf 89' lang='lat'>‚</span> <span class='ocrx_word' id='word_1_298' title='bbox 1544 961 1629 994; x_wconf 83' lang='lat' dir='ltr'>Silv.</span> 
     </span>
     <span class='ocr_line' id='line_1_53' title="bbox 948 1013 1627 1059; baseline 0 -12"><span class='ocrx_word' id='word_1_299' title='bbox 948 1015 1001 1057; x_wconf 80' lang='lat' dir='ltr'>II,</span> <span class='ocrx_word' id='word_1_300' title='bbox 1021 1015 1101 1059; x_wconf 91' lang='lat' dir='ltr'>quia</span> <span class='ocrx_word' id='word_1_301' title='bbox 1128 1015 1195 1047; x_wconf 84' lang='lat' dir='ltr'>fuit</span> <span class='ocrx_word' id='word_1_302' title='bbox 1221 1015 1335 1047; x_wconf 90' lang='lat' dir='ltr'>lautus</span> <span class='ocrx_word' id='word_1_303' title='bbox 1354 1022 1390 1047; x_wconf 86' lang='lat' dir='ltr'>et</span> <span class='ocrx_word' id='word_1_304' title='bbox 1408 1013 1627 1059; x_wconf 87' lang='lat' dir='ltr'>splendidus.</span> 
     </span>
    </p>

    <p class='ocr_par' dir='ltr' id='par_1_7' title="bbox 949 1068 1637 2112">
     <span class='ocr_line' id='line_1_54' title="bbox 1003 1068 1629 1111; baseline -0.003 -9"><span class='ocrx_word' id='word_1_305' title='bbox 1003 1080 1036 1111; x_wconf 84' lang='lat'>9.</span> <span class='ocrx_word' id='word_1_306' title='bbox 1053 1068 1113 1102; x_wconf 70' lang='lat' dir='ltr'>Nil</span> <span class='ocrx_word' id='word_1_307' title='bbox 1127 1069 1245 1108; x_wconf 80' lang='lat' dir='ltr'>adicit,</span> <span class='ocrx_word' id='word_1_308' title='bbox 1269 1077 1335 1101; x_wconf 87' lang='lat' dir='ltr'>etc.</span> <span class='ocrx_word' id='word_1_309' title='bbox 1353 1068 1518 1101; x_wconf 80' lang='lat' dir='ltr'>Lachesis</span> <span class='ocrx_word' id='word_1_310' title='bbox 1535 1081 1629 1100; x_wconf 89' lang='lat' dir='ltr'>nun-</span> 
     </span>
     <span class='ocr_line' id='line_1_55' title="bbox 949 1119 1631 1166; baseline 0.001 -13"><span class='ocrx_word' id='word_1_311' title='bbox 949 1133 1053 1166; x_wconf 91' lang='lat' dir='ltr'>quam</span> <span class='ocrx_word' id='word_1_312' title='bbox 1087 1120 1280 1166; x_wconf 82' lang='lat' dir='ltr'>quidquam</span> <span class='ocrx_word' id='word_1_313' title='bbox 1315 1119 1413 1154; x_wconf 85' lang='lat' dir='ltr'>addit</span> <span class='ocrx_word' id='word_1_314' title='bbox 1445 1120 1489 1154; x_wconf 86' lang='lat' dir='ltr'>ad</span> <span class='ocrx_word' id='word_1_315' title='bbox 1517 1121 1631 1154; x_wconf 88' lang='lat' dir='ltr'>lanam</span> 
     </span>
     <span class='ocr_line' id='line_1_56' title="bbox 949 1172 1631 1219; baseline 0.001 -13"><span class='ocrx_word' id='word_1_316' title='bbox 949 1186 1018 1219; x_wconf 86' lang='lat' dir='ltr'>qua</span> <span class='ocrx_word' id='word_1_317' title='bbox 1031 1175 1147 1207; x_wconf 84' lang='lat' dir='ltr'>colum</span> <span class='ocrx_word' id='word_1_318' title='bbox 1159 1174 1323 1208; x_wconf 81' lang='lat' dir='ltr'>instruxit</span> <span class='ocrx_word' id='word_1_319' title='bbox 1335 1199 1344 1215; x_wconf 93' lang='lat'>‚</span> <span class='ocrx_word' id='word_1_320' title='bbox 1360 1172 1421 1207; x_wconf 85' lang='lat' dir='ltr'>sed</span> <span class='ocrx_word' id='word_1_321' title='bbox 1435 1186 1472 1207; x_wconf 88' lang='lat' dir='ltr'>ea</span> <span class='ocrx_word' id='word_1_322' title='bbox 1488 1173 1631 1207; x_wconf 80' lang='lat' dir='ltr'>deinum</span> 
     </span>
     <span class='ocr_line' id='line_1_57' title="bbox 949 1228 1632 1273; baseline 0 -13"><span class='ocrx_word' id='word_1_323' title='bbox 949 1235 1021 1260; x_wconf 90' lang='lat' dir='ltr'>tota</span> <span class='ocrx_word' id='word_1_324' title='bbox 1051 1236 1158 1261; x_wconf 86' lang='lat' dir='ltr'>tracta</span> <span class='ocrx_word' id='word_1_325' title='bbox 1173 1254 1181 1268; x_wconf 87' lang='lat'>,</span> <span class='ocrx_word' id='word_1_326' title='bbox 1213 1228 1535 1273; x_wconf 82' lang='lat' dir='ltr'>quantulacumque</span> <span class='ocrx_word' id='word_1_327' title='bbox 1563 1228 1607 1261; x_wconf 91' lang='lat' dir='ltr'>sit</span> <span class='ocrx_word' id='word_1_328' title='bbox 1622 1253 1632 1267; x_wconf 58' lang='lat'><strong>7</strong></span> 
     </span>
     <span class='ocr_line' id='line_1_58' title="bbox 950 1280 1634 1327; baseline 0.001 -14"><span class='ocrx_word' id='word_1_329' title='bbox 950 1281 1186 1327; x_wconf 84' lang='lat' dir='ltr'>exhaustaque</span> <span class='ocrx_word' id='word_1_330' title='bbox 1197 1307 1207 1322; x_wconf 90' lang='lat'>‚</span> <span class='ocrx_word' id='word_1_331' title='bbox 1235 1280 1461 1326; x_wconf 86' lang='lat' dir='ltr'>pereundum</span> <span class='ocrx_word' id='word_1_332' title='bbox 1490 1289 1552 1314; x_wconf 85' lang='lat' dir='ltr'>est.</span> <span class='ocrx_word' id='word_1_333' title='bbox 1581 1302 1634 1307; x_wconf 88' lang='lat'>—--</span> 
     </span>
     <span class='ocr_line' id='line_1_59' title="bbox 949 1334 1635 1380; baseline 0.001 -14"><span class='ocrx_word' id='word_1_334' title='bbox 949 1335 1068 1367; x_wconf 80' lang='lat' dir='ltr'>Penso.</span> <span class='ocrx_word' id='word_1_335' title='bbox 1090 1335 1153 1367; x_wconf 88' lang='lat' dir='ltr'>Est</span> <span class='ocrx_word' id='word_1_336' title='bbox 1171 1347 1323 1380; x_wconf 86' lang='lat' dir='ltr'>pensum</span> <span class='ocrx_word' id='word_1_337' title='bbox 1336 1335 1415 1367; x_wconf 86' lang='lat' dir='ltr'>lana</span> <span class='ocrx_word' id='word_1_338' title='bbox 1432 1334 1490 1367; x_wconf 86' lang='lat' dir='ltr'>vel</span> <span class='ocrx_word' id='word_1_339' title='bbox 1505 1346 1635 1368; x_wconf 82' lang='lat' dir='ltr'>canna-</span> 
     </span>
     <span class='ocr_line' id='line_1_60' title="bbox 949 1387 1633 1433; baseline 0.003 -15"><span class='ocrx_word' id='word_1_340' title='bbox 949 1387 1003 1419; x_wconf 82' lang='lat' dir='ltr'>bis</span> <span class='ocrx_word' id='word_1_341' title='bbox 1019 1388 1055 1420; x_wconf 92' lang='lat' dir='ltr'>iu</span> <span class='ocrx_word' id='word_1_342' title='bbox 1077 1388 1272 1433; x_wconf 85' lang='lat' dir='ltr'>oblongum</span> <span class='ocrx_word' id='word_1_343' title='bbox 1287 1388 1446 1433; x_wconf 85' lang='lat' dir='ltr'>glomum</span> <span class='ocrx_word' id='word_1_344' title='bbox 1463 1387 1633 1420; x_wconf 78' lang='lat' dir='ltr'>convolu-</span> 
     </span>
     <span class='ocr_line' id='line_1_61' title="bbox 952 1440 1632 1485; baseline 0.001 -13"><span class='ocrx_word' id='word_1_345' title='bbox 952 1449 983 1472; x_wconf 89' lang='lat' dir='ltr'>ta</span> <span class='ocrx_word' id='word_1_346' title='bbox 996 1465 1005 1481; x_wconf 70' lang='lat'><strong>⁷</strong></span> <span class='ocrx_word' id='word_1_347' title='bbox 1024 1448 1058 1474; x_wconf 82' lang='lat' dir='ltr'>ct</span> <span class='ocrx_word' id='word_1_348' title='bbox 1072 1441 1164 1474; x_wconf 90' lang='lat' dir='ltr'>circa</span> <span class='ocrx_word' id='word_1_349' title='bbox 1179 1442 1295 1474; x_wconf 89' lang='lat' dir='ltr'>colum</span> <span class='ocrx_word' id='word_1_350' title='bbox 1308 1453 1479 1474; x_wconf 85' lang='lat' dir='ltr'>summam</span> <span class='ocrx_word' id='word_1_351' title='bbox 1490 1440 1632 1485; x_wconf 81' lang='lat' dir='ltr'>illigata,</span> 
     </span>
     <span class='ocr_line' id='line_1_62' title="bbox 951 1493 1635 1539; baseline 0 -14"><span class='ocrx_word' id='word_1_352' title='bbox 951 1493 1047 1526; x_wconf 84' lang='lat' dir='ltr'>unde</span> <span class='ocrx_word' id='word_1_353' title='bbox 1071 1494 1172 1527; x_wconf 77' lang='lat' dir='ltr'>susus</span> <span class='ocrx_word' id='word_1_354' title='bbox 1199 1495 1362 1529; x_wconf 83' lang='lat' dir='ltr'>trabitur.</span> <span class='ocrx_word' id='word_1_355' title='bbox 1389 1515 1442 1519; x_wconf 90' lang='lat'><strong>—</strong></span> <span class='ocrx_word' id='word_1_356' title='bbox 1472 1494 1635 1539; x_wconf 73' lang='lat' dir='ltr'>Fusosque</span> 
     </span>
     <span class='ocr_line' id='line_1_63' title="bbox 950 1547 1632 1592; baseline -0.001 -13"><span class='ocrx_word' id='word_1_357' title='bbox 950 1560 1090 1579; x_wconf 78' lang='lat' dir='ltr'>sororum</span> <span class='ocrx_word' id='word_1_358' title='bbox 1110 1548 1275 1592; x_wconf 61' lang='lat' dir='ltr'>Explicat.</span> <span class='ocrx_word' id='word_1_359' title='bbox 1304 1548 1380 1580; x_wconf 88' lang='lat' dir='ltr'>Hoc</span> <span class='ocrx_word' id='word_1_360' title='bbox 1400 1547 1632 1592; x_wconf 79' lang='lat' dir='ltr'>intelligerem</span> 
     </span>
     <span class='ocr_line' id='line_1_64' title="bbox 951 1599 1634 1645; baseline -0.001 -13"><span class='ocrx_word' id='word_1_361' title='bbox 951 1599 994 1633; x_wconf 85' lang='lat' dir='ltr'>de</span> <span class='ocrx_word' id='word_1_362' title='bbox 1015 1600 1178 1640; x_wconf 83' lang='lat' dir='ltr'>Lachesi,</span> <span class='ocrx_word' id='word_1_363' title='bbox 1200 1613 1277 1645; x_wconf 80' lang='lat' dir='ltr'>quae</span> <span class='ocrx_word' id='word_1_364' title='bbox 1296 1601 1413 1633; x_wconf 88' lang='lat' dir='ltr'>colum</span> <span class='ocrx_word' id='word_1_365' title='bbox 1444 1608 1564 1633; x_wconf 89' lang='lat' dir='ltr'>tenens</span> <span class='ocrx_word' id='word_1_366' title='bbox 1585 1600 1634 1631; x_wconf 84' lang='lat' dir='ltr'>la-</span> 
     </span>
     <span class='ocr_line' id='line_1_65' title="bbox 951 1652 1635 1694; baseline 0 -9"><span class='ocrx_word' id='word_1_367' title='bbox 951 1666 1031 1686; x_wconf 89' lang='lat' dir='ltr'>nam</span> <span class='ocrx_word' id='word_1_368' title='bbox 1050 1654 1194 1686; x_wconf 86' lang='lat' dir='ltr'>metitur</span> <span class='ocrx_word' id='word_1_369' title='bbox 1208 1652 1466 1687; x_wconf 78' lang='lat' dir='ltr'>devoivendam</span> <span class='ocrx_word' id='word_1_370' title='bbox 1477 1679 1485 1694; x_wconf 86' lang='lat'>,</span> <span class='ocrx_word' id='word_1_371' title='bbox 1502 1662 1536 1686; x_wconf 86' lang='lat' dir='ltr'>et</span> <span class='ocrx_word' id='word_1_372' title='bbox 1551 1653 1635 1686; x_wconf 85' lang='lat' dir='ltr'>fusis</span> 
     </span>
     <span class='ocr_line' id='line_1_66' title="bbox 953 1705 1630 1752; baseline -0.003 -12"><span class='ocrx_word' id='word_1_373' title='bbox 953 1719 1116 1740; x_wconf 87' lang='lat' dir='ltr'>sororum</span> <span class='ocrx_word' id='word_1_374' title='bbox 1130 1707 1304 1741; x_wconf 86' lang='lat' dir='ltr'>ministrat</span> <span class='ocrx_word' id='word_1_375' title='bbox 1318 1705 1545 1752; x_wconf 81' lang='lat' dir='ltr'>explicandis.</span> <span class='ocrx_word' id='word_1_376' title='bbox 1564 1707 1630 1739; x_wconf 82' lang='lat' dir='ltr'>Ei).</span> 
     </span>
     <span class='ocr_line' id='line_1_67' title="bbox 952 1759 1635 1805; baseline 0 -13"><span class='ocrx_word' id='word_1_377' title='bbox 952 1782 1006 1786; x_wconf 78' lang='lat'>——-</span> <span class='ocrx_word' id='word_1_378' title='bbox 1026 1760 1093 1792; x_wconf 83' lang='lat' dir='ltr'>Alii</span> <span class='ocrx_word' id='word_1_379' title='bbox 1113 1768 1229 1792; x_wconf 81' lang='lat' dir='ltr'>tamen</span> <span class='ocrx_word' id='word_1_380' title='bbox 1246 1761 1315 1793; x_wconf 87' lang='lat' dir='ltr'>hoc</span> <span class='ocrx_word' id='word_1_381' title='bbox 1331 1759 1557 1793; x_wconf 85' lang='lat' dir='ltr'>referendum</span> <span class='ocrx_word' id='word_1_382' title='bbox 1573 1772 1635 1805; x_wconf 88' lang='lat' dir='ltr'>pu-</span> 
     </span>
     <span class='ocr_line' id='line_1_68' title="bbox 956 1812 1636 1858; baseline -0.001 -13"><span class='ocrx_word' id='word_1_383' title='bbox 956 1821 1030 1845; x_wconf 75' lang='lat' dir='ltr'>tant</span> <span class='ocrx_word' id='word_1_384' title='bbox 1048 1812 1091 1845; x_wconf 89' lang='lat' dir='ltr'>ad</span> <span class='ocrx_word' id='word_1_385' title='bbox 1105 1826 1244 1845; x_wconf 68' lang='lat' dir='ltr'>versum</span> <span class='ocrx_word' id='word_1_386' title='bbox 1258 1822 1463 1858; x_wconf 78' lang='lat' dir='ltr'>sequentem</span> <span class='ocrx_word' id='word_1_387' title='bbox 1478 1813 1546 1845; x_wconf 85' lang='lat' dir='ltr'>hoc</span> <span class='ocrx_word' id='word_1_388' title='bbox 1560 1825 1636 1845; x_wconf 85' lang='lat' dir='ltr'>sen·</span> 
     </span>
     <span class='ocr_line' id='line_1_69' title="bbox 955 1865 1634 1910; baseline -0.001 -12"><span class='ocrx_word' id='word_1_389' title='bbox 955 1879 995 1899; x_wconf 88' lang='lat' dir='ltr'>su</span> <span class='ocrx_word' id='word_1_390' title='bbox 1010 1878 1018 1898; x_wconf 87' lang='lat'>.·</span> <span class='ocrx_word' id='word_1_391' title='bbox 1038 1866 1146 1898; x_wconf 80' lang='lat' dir='ltr'>Parca</span> <span class='ocrx_word' id='word_1_392' title='bbox 1161 1865 1205 1898; x_wconf 89' lang='lat' dir='ltr'>de</span> <span class='ocrx_word' id='word_1_393' title='bbox 1221 1867 1353 1906; x_wconf 86' lang='lat' dir='ltr'>tribus,</span> <span class='ocrx_word' id='word_1_394' title='bbox 1367 1878 1443 1910; x_wconf 76' lang='lat' dir='ltr'>qua:</span> <span class='ocrx_word' id='word_1_395' title='bbox 1461 1866 1561 1898; x_wconf 87' lang='lat' dir='ltr'>filum</span> <span class='ocrx_word' id='word_1_396' title='bbox 1581 1878 1634 1898; x_wconf 89' lang='lat' dir='ltr'>se-</span> 
     </span>
     <span class='ocr_line' id='line_1_70' title="bbox 955 1917 1637 1964; baseline -0.001 -12"><span class='ocrx_word' id='word_1_397' title='bbox 955 1927 1009 1952; x_wconf 83' lang='lat' dir='ltr'>cat</span> <span class='ocrx_word' id='word_1_398' title='bbox 1020 1945 1029 1959; x_wconf 88' lang='lat'>,</span> <span class='ocrx_word' id='word_1_399' title='bbox 1046 1932 1084 1952; x_wconf 83' lang='lat' dir='ltr'>ea</span> <span class='ocrx_word' id='word_1_400' title='bbox 1105 1920 1198 1952; x_wconf 80' lang='lat' dir='ltr'>fusos</span> <span class='ocrx_word' id='word_1_401' title='bbox 1211 1919 1360 1964; x_wconf 78' lang='lat' dir='ltr'>explicat</span> <span class='ocrx_word' id='word_1_402' title='bbox 1371 1944 1379 1959; x_wconf 93' lang='lat'>‚</span> <span class='ocrx_word' id='word_1_403' title='bbox 1397 1917 1432 1951; x_wconf 88' lang='lat' dir='ltr'>id</span> <span class='ocrx_word' id='word_1_404' title='bbox 1447 1926 1520 1959; x_wconf 88' lang='lat' dir='ltr'>est,</span> <span class='ocrx_word' id='word_1_405' title='bbox 1539 1919 1637 1963; x_wconf 76' lang='lat' dir='ltr'>jubet</span> 
     </span>
     <span class='ocr_line' id='line_1_71' title="bbox 955 1972 1636 2018; baseline -0.001 -13"><span class='ocrx_word' id='word_1_406' title='bbox 955 1974 1132 2018; x_wconf 83' lang='lat' dir='ltr'>quiescere</span> <span class='ocrx_word' id='word_1_407' title='bbox 1148 1972 1307 2005; x_wconf 85' lang='lat' dir='ltr'>absoluto</span> <span class='ocrx_word' id='word_1_408' title='bbox 1323 1984 1451 2018; x_wconf 86' lang='lat' dir='ltr'>penso;</span> <span class='ocrx_word' id='word_1_409' title='bbox 1468 1972 1523 2005; x_wconf 82' lang='lat' dir='ltr'>vel</span> <span class='ocrx_word' id='word_1_410' title='bbox 1545 1973 1636 2005; x_wconf 77' lang='lat' dir='ltr'>evol-</span> 
     </span>
     <span class='ocr_line' id='line_1_72' title="bbox 954 2024 1637 2071; baseline 0 -13"><span class='ocrx_word' id='word_1_411' title='bbox 954 2026 1005 2059; x_wconf 74' lang='lat' dir='ltr'>vit</span> <span class='ocrx_word' id='word_1_412' title='bbox 1022 2039 1059 2058; x_wconf 90' lang='lat' dir='ltr'>ac</span> <span class='ocrx_word' id='word_1_413' title='bbox 1075 2026 1294 2070; x_wconf 77' lang='lat' dir='ltr'>recognoscit</span> <span class='ocrx_word' id='word_1_414' title='bbox 1311 2033 1482 2071; x_wconf 87' lang='lat' dir='ltr'>quantum</span> <span class='ocrx_word' id='word_1_415' title='bbox 1499 2024 1550 2058; x_wconf 86' lang='lat' dir='ltr'>fili</span> <span class='ocrx_word' id='word_1_416' title='bbox 1567 2034 1637 2058; x_wconf 82' lang='lat' dir='ltr'>tra-</span> 
     </span>
     <span class='ocr_line' id='line_1_73' title="bbox 955 2080 1192 2112; baseline -0.004 0"><span class='ocrx_word' id='word_1_417' title='bbox 955 2088 1051 2112; x_wconf 86' lang='lat' dir='ltr'>ctum</span> <span class='ocrx_word' id='word_1_418' title='bbox 1070 2080 1192 2112; x_wconf 85' lang='lat' dir='ltr'>fuerit.</span> 
     </span>
    </p>

    <p class='ocr_par' dir='ltr' id='par_1_8' title="bbox 956 2132 1641 2597">
     <span class='ocr_line' id='line_1_74' title="bbox 1014 2132 1636 2176; baseline -0.003 -10"><span class='ocrx_word' id='word_1_419' title='bbox 1014 2146 1068 2166; x_wconf 79' lang='lat' dir='ltr'>xo.</span> <span class='ocrx_word' id='word_1_420' title='bbox 1092 2133 1161 2165; x_wconf 88' lang='lat' dir='ltr'>Pro</span> <span class='ocrx_word' id='word_1_421' title='bbox 1183 2141 1289 2172; x_wconf 73' lang='lat' dir='ltr'>secat,</span> <span class='ocrx_word' id='word_1_422' title='bbox 1315 2132 1372 2165; x_wconf 88' lang='lat' dir='ltr'>alii</span> <span class='ocrx_word' id='word_1_423' title='bbox 1396 2132 1517 2176; x_wconf 79' lang='lat' dir='ltr'>legunt</span> <span class='ocrx_word' id='word_1_424' title='bbox 1535 2139 1636 2164; x_wconf 74' lang='lat' dir='ltr'>necat.</span> 
     </span>
     <span class='ocr_line' id='line_1_75' title="bbox 956 2184 1636 2219; baseline -0.004 0"><span class='ocrx_word' id='word_1_425' title='bbox 956 2206 1007 2213; x_wconf 80' lang='lat'>--</span> <span class='ocrx_word' id='word_1_426' title='bbox 1032 2186 1104 2219; x_wconf 80' lang='lat' dir='ltr'>Una</span> <span class='ocrx_word' id='word_1_427' title='bbox 1120 2194 1216 2219; x_wconf 61' lang='lat' dir='ltr'>secat.</span> <span class='ocrx_word' id='word_1_428' title='bbox 1237 2186 1386 2218; x_wconf 87' lang='lat' dir='ltr'>Sensus:</span> <span class='ocrx_word' id='word_1_429' title='bbox 1407 2185 1540 2217; x_wconf 87' lang='lat' dir='ltr'>etiamsi</span> <span class='ocrx_word' id='word_1_430' title='bbox 1559 2184 1636 2217; x_wconf 82' lang='lat' dir='ltr'>duae</span> 
     </span>
     <span class='ocr_line' id='line_1_76' title="bbox 956 2237 1638 2284; baseline -0.003 -13"><span class='ocrx_word' id='word_1_431' title='bbox 956 2239 1092 2271; x_wconf 80' lang='lat' dir='ltr'>exorari</span> <span class='ocrx_word' id='word_1_432' title='bbox 1125 2239 1260 2284; x_wconf 86' lang='lat' dir='ltr'>possint</span> <span class='ocrx_word' id='word_1_433' title='bbox 1272 2265 1281 2281; x_wconf 87' lang='lat'>‚</span> <span class='ocrx_word' id='word_1_434' title='bbox 1312 2238 1414 2271; x_wconf 85' lang='lat' dir='ltr'>tertia</span> <span class='ocrx_word' id='word_1_435' title='bbox 1438 2246 1555 2271; x_wconf 85' lang='lat' dir='ltr'>tamen</span> <span class='ocrx_word' id='word_1_436' title='bbox 1583 2237 1638 2269; x_wconf 91' lang='lat' dir='ltr'>in-</span> 
     </span>
     <span class='ocr_line' id='line_1_77' title="bbox 958 2290 1637 2337; baseline -0.003 -13"><span class='ocrx_word' id='word_1_437' title='bbox 958 2293 1142 2325; x_wconf 79' lang='lat' dir='ltr'>exorabilis</span> <span class='ocrx_word' id='word_1_438' title='bbox 1180 2299 1414 2337; x_wconf 85' lang='lat' dir='ltr'>permaneret.</span> <span class='ocrx_word' id='word_1_439' title='bbox 1452 2313 1505 2317; x_wconf 87' lang='lat'>——-</span> <span class='ocrx_word' id='word_1_440' title='bbox 1554 2290 1637 2323; x_wconf 78' lang='lat' dir='ltr'>Una.</span> 
     </span>
     <span class='ocr_line' id='line_1_78' title="bbox 959 2344 1639 2388; baseline -0.001 -12"><span class='ocrx_word' id='word_1_441' title='bbox 959 2346 1121 2388; x_wconf 85' lang='lat' dir='ltr'>Atropos.</span> <span class='ocrx_word' id='word_1_442' title='bbox 1143 2346 1295 2377; x_wconf 88' lang='lat' dir='ltr'>Nomina</span> <span class='ocrx_word' id='word_1_443' title='bbox 1313 2353 1429 2377; x_wconf 83' lang='lat' dir='ltr'>tamen</span> <span class='ocrx_word' id='word_1_444' title='bbox 1447 2344 1639 2376; x_wconf 86' lang='lat' dir='ltr'>Parcarum</span> 
     </span>
     <span class='ocr_line' id='line_1_79' title="bbox 959 2397 1639 2443; baseline -0.003 -13"><span class='ocrx_word' id='word_1_445' title='bbox 959 2411 1049 2443; x_wconf 78' lang='lat' dir='ltr'>saepe</span> <span class='ocrx_word' id='word_1_446' title='bbox 1068 2397 1335 2431; x_wconf 84' lang='lat' dir='ltr'>confunduntur</span> <span class='ocrx_word' id='word_1_447' title='bbox 1354 2410 1371 2430; x_wconf 88' lang='lat' dir='ltr'>a</span> <span class='ocrx_word' id='word_1_448' title='bbox 1388 2397 1512 2442; x_wconf 88' lang='lat' dir='ltr'>poetis.</span> <span class='ocrx_word' id='word_1_449' title='bbox 1532 2397 1639 2430; x_wconf 91' lang='lat' dir='ltr'>Com-</span> 
     </span>
     <span class='ocr_line' id='line_1_80' title="bbox 959 2450 1640 2496; baseline -0.003 -13"><span class='ocrx_word' id='word_1_450' title='bbox 959 2464 1043 2496; x_wconf 83' lang='lat' dir='ltr'>para</span> <span class='ocrx_word' id='word_1_451' title='bbox 1062 2452 1212 2496; x_wconf 82' lang='lat' dir='ltr'>exempli</span> <span class='ocrx_word' id='word_1_452' title='bbox 1238 2451 1371 2496; x_wconf 85' lang='lat' dir='ltr'>gratia,</span> <span class='ocrx_word' id='word_1_453' title='bbox 1392 2451 1453 2483; x_wconf 87' lang='lat' dir='ltr'>lib.</span> <span class='ocrx_word' id='word_1_454' title='bbox 1477 2451 1513 2492; x_wconf 84' lang='lat' dir='ltr'>I,</span> <span class='ocrx_word' id='word_1_455' title='bbox 1531 2450 1640 2494; x_wconf 82' lang='lat' dir='ltr'>epigr.</span> 
     </span>
     <span class='ocr_line' id='line_1_81' title="bbox 962 2503 1641 2549; baseline -0.004 -12"><span class='ocrx_word' id='word_1_456' title='bbox 962 2517 1090 2537; x_wconf 69' lang='lat' dir='ltr'>Lxxxxx</span> <span class='ocrx_word' id='word_1_457' title='bbox 1104 2531 1113 2545; x_wconf 81' lang='lat'>,</span> <span class='ocrx_word' id='word_1_458' title='bbox 1130 2518 1179 2537; x_wconf 67' lang='lat' dir='ltr'>vs.</span> <span class='ocrx_word' id='word_1_459' title='bbox 1197 2518 1216 2548; x_wconf 80' lang='lat'>9</span> <span class='ocrx_word' id='word_1_460' title='bbox 1230 2531 1238 2544; x_wconf 89' lang='lat'><em>‚</em></span> <span class='ocrx_word' id='word_1_461' title='bbox 1257 2517 1337 2537; x_wconf 81' lang='lat' dir='ltr'>cum</span> <span class='ocrx_word' id='word_1_462' title='bbox 1357 2504 1419 2538; x_wconf 89' lang='lat' dir='ltr'>lib.</span> <span class='ocrx_word' id='word_1_463' title='bbox 1436 2504 1488 2536; x_wconf 89' lang='lat' dir='ltr'>IX</span> <span class='ocrx_word' id='word_1_464' title='bbox 1500 2529 1508 2544; x_wconf 68' lang='lat'>‚</span> <span class='ocrx_word' id='word_1_465' title='bbox 1530 2503 1641 2549; x_wconf 82' lang='lat' dir='ltr'>epigr.</span> 
     </span>
     <span class='ocr_line' id='line_1_82' title="bbox 964 2559 1276 2597; baseline 0 -8"><span class='ocrx_word' id='word_1_466' title='bbox 964 2570 1061 2597; x_wconf 72' lang='lat' dir='ltr'>Lv11,</span> <span class='ocrx_word' id='word_1_467' title='bbox 1082 2571 1128 2590; x_wconf 65' lang='lat' dir='ltr'>vs.</span> <span class='ocrx_word' id='word_1_468' title='bbox 1152 2559 1184 2591; x_wconf 84' lang='lat'>8.</span> <span class='ocrx_word' id='word_1_469' title='bbox 1209 2559 1276 2590; x_wconf 80' lang='lat' dir='ltr'>En.</span> 
     </span>
    </p>
   </div>
   <div class='ocr_carea' id='block_1_7' title="bbox 1312 2737 1397 2781">
    <p class='ocr_par' dir='ltr' id='par_1_9' title="bbox 1312 2737 1397 2781">
     <span class='ocr_line' id='line_1_83' title="bbox 1312 2737 1397 2781; baseline 0 0"><span class='ocrx_word' id='word_1_470' title='bbox 1312 2737 1397 2781; x_wconf 54' lang='lat'>28*</span> 
     </span>
    </p>
   </div>
  </div>
 </body>
</html>
