<?xml version="1.0" encoding="UTF-8"?>
<!DOCTYPE html PUBLIC "-//W3C//DTD XHTML 1.0 Transitional//EN"
    "http://www.w3.org/TR/xhtml1/DTD/xhtml1-transitional.dtd">
<html xmlns="http://www.w3.org/1999/xhtml" xml:lang="en" lang="en">
 <head>
  <title>
</title>
<meta http-equiv="Content-Type" content="text/html;charset=utf-8" />
  <meta name='ocr-system' content='tesseract 3.04.00' />
  <meta name='ocr-capabilities' content='ocr_page ocr_carea ocr_par ocr_line ocrx_word'/>
</head>
<body>
  <div class='ocr_page' id='page_1' title='image "./epigrammata01martuoft_0569.png"; bbox 0 0 2061 3288; ppageno 0'>
   <div class='ocr_carea' id='block_1_1' title="bbox 438 209 1316 256">
    <p class='ocr_par' dir='ltr' id='par_1_1' title="bbox 438 209 1316 256">
     <span class='ocr_line' id='line_1_1' title="bbox 438 209 1316 256; baseline -0.003 0"><span class='ocrx_word' id='word_1_1' title='bbox 438 209 1028 256; x_wconf 81' lang='lat' dir='ltr'><strong>EPIGRAMMATUM</strong></span> <span class='ocrx_word' id='word_1_2' title='bbox 1066 210 1191 255; x_wconf 84' lang='lat' dir='ltr'>LIB.</span> <span class='ocrx_word' id='word_1_3' title='bbox 1232 210 1316 253; x_wconf 86' lang='lat' dir='ltr'>IV.</span> 
     </span>
    </p>
   </div>
   <div class='ocr_carea' id='block_1_2' title="bbox 1489 208 1584 271">
    <p class='ocr_par' dir='ltr' id='par_1_2' title="bbox 1489 208 1584 271">
     <span class='ocr_line' id='line_1_2' title="bbox 1489 208 1584 271; baseline 0 0"><span class='ocrx_word' id='word_1_4' title='bbox 1489 208 1584 271; x_wconf 76' lang='lat'>397</span> 
     </span>
    </p>
   </div>
   <div class='ocr_carea' id='block_1_3' title="bbox 242 295 1480 430">
    <p class='ocr_par' dir='ltr' id='par_1_3' title="bbox 242 295 1480 430">
     <span class='ocr_line' id='line_1_3' title="bbox 242 295 1480 360; baseline -0.002 -16"><span class='ocrx_word' id='word_1_5' title='bbox 242 303 371 344; x_wconf 82' lang='lat' dir='ltr'>Ferre</span> <span class='ocrx_word' id='word_1_6' title='bbox 394 316 474 344; x_wconf 89' lang='lat' dir='ltr'>nec</span> <span class='ocrx_word' id='word_1_7' title='bbox 498 300 614 343; x_wconf 84' lang='lat' dir='ltr'>hanc</span> <span class='ocrx_word' id='word_1_8' title='bbox 636 299 797 360; x_wconf 77' lang='lat' dir='ltr'>possis,</span> <span class='ocrx_word' id='word_1_9' title='bbox 820 298 981 360; x_wconf 84' lang='lat' dir='ltr'>possis,</span> <span class='ocrx_word' id='word_1_10' title='bbox 1007 295 1199 355; x_wconf 82' lang='lat' dir='ltr'>Colline,</span> <span class='ocrx_word' id='word_1_11' title='bbox 1224 314 1304 343; x_wconf 82' lang='lat' dir='ltr'>nec</span> <span class='ocrx_word' id='word_1_12' title='bbox 1331 296 1448 343; x_wconf 84' lang='lat' dir='ltr'>illam</span> <span class='ocrx_word' id='word_1_13' title='bbox 1472 316 1480 341; x_wconf 89' lang='lat'><strong>:</strong></span> 
     </span>
     <span class='ocr_line' id='line_1_4' title="bbox 311 366 1167 430; baseline -0.005 -15"><span class='ocrx_word' id='word_1_14' title='bbox 311 369 461 415; x_wconf 85' lang='lat' dir='ltr'>Altera</span> <span class='ocrx_word' id='word_1_15' title='bbox 486 368 670 415; x_wconf 85' lang='lat' dir='ltr'>ridicula</span> <span class='ocrx_word' id='word_1_16' title='bbox 690 379 778 426; x_wconf 79' lang='lat' dir='ltr'>est,</span> <span class='ocrx_word' id='word_1_17' title='bbox 799 369 935 414; x_wconf 84' lang='lat' dir='ltr'>altera</span> <span class='ocrx_word' id='word_1_18' title='bbox 956 366 1167 430; x_wconf 84' lang='lat' dir='ltr'>putidula.</span> 
     </span>
    </p>
   </div>
   <div class='ocr_carea' id='block_1_4' title="bbox 170 507 855 1301">
    <p class='ocr_par' dir='ltr' id='par_1_4' title="bbox 170 507 855 1301">
     <span class='ocr_line' id='line_1_5' title="bbox 228 507 851 550; baseline -0.002 -7"><span class='ocrx_word' id='word_1_19' title='bbox 228 514 261 550; x_wconf 73' lang='grc'>4.</span> <span class='ocrx_word' id='word_1_20' title='bbox 293 510 409 543; x_wconf 68' lang='lat' dir='ltr'>Altera</span> <span class='ocrx_word' id='word_1_21' title='bbox 442 509 577 542; x_wconf 79' lang='lat' dir='ltr'>ridicula</span> <span class='ocrx_word' id='word_1_22' title='bbox 604 517 660 543; x_wconf 81' lang='lat' dir='ltr'>est.</span> <span class='ocrx_word' id='word_1_23' title='bbox 688 507 851 542; x_wconf 75' lang='lat' dir='ltr'>Ridicula</span> 
     </span>
     <span class='ocr_line' id='line_1_6' title="bbox 173 562 848 608; baseline -0.001 -12"><span class='ocrx_word' id='word_1_24' title='bbox 173 570 223 596; x_wconf 77' lang='lat' dir='ltr'>est</span> <span class='ocrx_word' id='word_1_25' title='bbox 242 563 399 596; x_wconf 85' lang='lat' dir='ltr'>Caerellia</span> <span class='ocrx_word' id='word_1_26' title='bbox 418 574 499 596; x_wconf 89' lang='lat' dir='ltr'>cum</span> <span class='ocrx_word' id='word_1_27' title='bbox 515 575 575 596; x_wconf 86' lang='lat' dir='ltr'>sua</span> <span class='ocrx_word' id='word_1_28' title='bbox 589 562 646 595; x_wconf 85' lang='lat' dir='ltr'>illa</span> <span class='ocrx_word' id='word_1_29' title='bbox 660 562 848 608; x_wconf 82' lang='lat' dir='ltr'>gravitate3</span> 
     </span>
     <span class='ocr_line' id='line_1_7' title="bbox 172 614 852 661; baseline -0.001 -12"><span class='ocrx_word' id='word_1_30' title='bbox 172 616 285 649; x_wconf 77' lang='lat' dir='ltr'>Gellia</span> <span class='ocrx_word' id='word_1_31' title='bbox 303 615 424 661; x_wconf 86' lang='lat' dir='ltr'>inepte</span> <span class='ocrx_word' id='word_1_32' title='bbox 442 614 590 649; x_wconf 83' lang='lat' dir='ltr'>delicata</span> <span class='ocrx_word' id='word_1_33' title='bbox 611 628 692 650; x_wconf 84' lang='lat' dir='ltr'>cum</span> <span class='ocrx_word' id='word_1_34' title='bbox 711 616 775 649; x_wconf 87' lang='lat' dir='ltr'>ista</span> <span class='ocrx_word' id='word_1_35' title='bbox 790 627 852 648; x_wconf 82' lang='lat' dir='ltr'>sua</span> 
     </span>
     <span class='ocr_line' id='line_1_8' title="bbox 171 668 852 703; baseline 0 -2"><span class='ocrx_word' id='word_1_36' title='bbox 171 668 420 703; x_wconf 77' lang='lat' dir='ltr'>concinnitate.</span> <span class='ocrx_word' id='word_1_37' title='bbox 454 669 483 701; x_wconf 92' lang='lat' dir='ltr'>E</span> <span class='ocrx_word' id='word_1_38' title='bbox 519 669 696 703; x_wconf 85' lang='lat' dir='ltr'>contrario</span> <span class='ocrx_word' id='word_1_39' title='bbox 735 677 852 702; x_wconf 87' lang='lat' dir='ltr'>autem</span> 
     </span>
     <span class='ocr_line' id='line_1_9' title="bbox 171 721 849 768; baseline 0 -13"><span class='ocrx_word' id='word_1_40' title='bbox 171 722 220 755; x_wconf 89' lang='lat' dir='ltr'>sic</span> <span class='ocrx_word' id='word_1_41' title='bbox 237 721 492 768; x_wconf 85' lang='lat' dir='ltr'>explicathunc</span> <span class='ocrx_word' id='word_1_42' title='bbox 506 721 621 756; x_wconf 87' lang='lat' dir='ltr'>locum</span> <span class='ocrx_word' id='word_1_43' title='bbox 637 722 849 756; x_wconf 86' lang='lat' dir='ltr'>Farnabius:</span> 
     </span>
     <span class='ocr_line' id='line_1_10' title="bbox 171 775 852 822; baseline 0 -13"><span class='ocrx_word' id='word_1_44' title='bbox 171 775 287 809; x_wconf 78' lang='lat' dir='ltr'>Altera</span> <span class='ocrx_word' id='word_1_45' title='bbox 304 775 438 808; x_wconf 79' lang='lat' dir='ltr'>ridicula</span> <span class='ocrx_word' id='word_1_46' title='bbox 457 783 514 816; x_wconf 80' lang='lat' dir='ltr'>est,</span> <span class='ocrx_word' id='word_1_47' title='bbox 534 775 648 809; x_wconf 89' lang='lat' dir='ltr'>Gellia</span> <span class='ocrx_word' id='word_1_48' title='bbox 662 802 670 817; x_wconf 88' lang='lat'><strong>,</strong></span> <span class='ocrx_word' id='word_1_49' title='bbox 682 788 759 822; x_wconf 88' lang='lat' dir='ltr'>quae</span> <span class='ocrx_word' id='word_1_50' title='bbox 777 775 852 809; x_wconf 88' lang='lat' dir='ltr'>ani-</span> 
     </span>
     <span class='ocr_line' id='line_1_11' title="bbox 171 828 852 875; baseline 0.001 -14"><span class='ocrx_word' id='word_1_51' title='bbox 171 828 253 861; x_wconf 83' lang='lat' dir='ltr'>cula</span> <span class='ocrx_word' id='word_1_52' title='bbox 270 828 440 874; x_wconf 84' lang='lat' dir='ltr'>capularis</span> <span class='ocrx_word' id='word_1_53' title='bbox 452 854 461 870; x_wconf 94' lang='lat'><em>‚</em></span> <span class='ocrx_word' id='word_1_54' title='bbox 476 841 600 862; x_wconf 86' lang='lat' dir='ltr'>vocem</span> <span class='ocrx_word' id='word_1_55' title='bbox 615 837 649 862; x_wconf 88' lang='lat' dir='ltr'>et</span> <span class='ocrx_word' id='word_1_56' title='bbox 667 837 781 875; x_wconf 86' lang='lat' dir='ltr'>gestus</span> <span class='ocrx_word' id='word_1_57' title='bbox 801 829 852 862; x_wconf 86' lang='lat' dir='ltr'>ef-</span> 
     </span>
     <span class='ocr_line' id='line_1_12' title="bbox 171 881 848 928; baseline 0.001 -14"><span class='ocrx_word' id='word_1_58' title='bbox 171 881 273 926; x_wconf 87' lang='lat' dir='ltr'>fingit</span> <span class='ocrx_word' id='word_1_59' title='bbox 290 881 414 927; x_wconf 82' lang='lat' dir='ltr'>puellae</span> <span class='ocrx_word' id='word_1_60' title='bbox 428 893 436 915; x_wconf 91' lang='lat'>:</span> <span class='ocrx_word' id='word_1_61' title='bbox 458 882 560 914; x_wconf 71' lang='lat' dir='ltr'>altera</span> <span class='ocrx_word' id='word_1_62' title='bbox 582 895 667 916; x_wconf 86' lang='lat' dir='ltr'>vero</span> <span class='ocrx_word' id='word_1_63' title='bbox 679 882 828 928; x_wconf 78' lang='lat' dir='ltr'>putidula</span> <span class='ocrx_word' id='word_1_64' title='bbox 839 909 848 923; x_wconf 88' lang='lat'>‚</span> 
     </span>
     <span class='ocr_line' id='line_1_13' title="bbox 171 934 852 981; baseline 0 -12"><span class='ocrx_word' id='word_1_65' title='bbox 171 934 347 975; x_wconf 87' lang='lat' dir='ltr'>Caerellia,</span> <span class='ocrx_word' id='word_1_66' title='bbox 375 947 452 980; x_wconf 87' lang='lat' dir='ltr'>quae</span> <span class='ocrx_word' id='word_1_67' title='bbox 482 935 599 981; x_wconf 82' lang='lat' dir='ltr'>puella</span> <span class='ocrx_word' id='word_1_68' title='bbox 610 960 619 976; x_wconf 90' lang='lat'>‚</span> <span class='ocrx_word' id='word_1_69' title='bbox 646 936 852 981; x_wconf 86' lang='lat' dir='ltr'>gravitatem</span> 
     </span>
     <span class='ocr_line' id='line_1_14' title="bbox 172 987 852 1031; baseline 0.004 -11"><span class='ocrx_word' id='word_1_70' title='bbox 172 987 336 1021; x_wconf 83' lang='lat' dir='ltr'>affectans</span> <span class='ocrx_word' id='word_1_71' title='bbox 364 988 491 1021; x_wconf 80' lang='lat' dir='ltr'>anilem</span> <span class='ocrx_word' id='word_1_72' title='bbox 508 1014 518 1031; x_wconf 90' lang='lat'><strong><em>‚</em></strong></span> <span class='ocrx_word' id='word_1_73' title='bbox 549 1001 585 1022; x_wconf 86' lang='lat' dir='ltr'>se</span> <span class='ocrx_word' id='word_1_74' title='bbox 622 988 764 1023; x_wconf 86' lang='lat' dir='ltr'>fastidio</span> <span class='ocrx_word' id='word_1_75' title='bbox 792 1002 852 1023; x_wconf 88' lang='lat' dir='ltr'>ex-</span> 
     </span>
     <span class='ocr_line' id='line_1_15' title="bbox 170 1040 847 1088; baseline 0.004 -15"><span class='ocrx_word' id='word_1_76' title='bbox 170 1040 285 1087; x_wconf 85' lang='lat' dir='ltr'>ponit.</span> <span class='ocrx_word' id='word_1_77' title='bbox 301 1040 420 1074; x_wconf 75' lang='lat' dir='ltr'>Putidi</span> <span class='ocrx_word' id='word_1_78' title='bbox 435 1050 469 1074; x_wconf 89' lang='lat' dir='ltr'>et</span> <span class='ocrx_word' id='word_1_79' title='bbox 487 1041 643 1088; x_wconf 83' lang='lat' dir='ltr'>putiduli</span> <span class='ocrx_word' id='word_1_80' title='bbox 661 1041 847 1082; x_wconf 83' lang='lat' dir='ltr'>dicuntur,</span> 
     </span>
     <span class='ocr_line' id='line_1_16' title="bbox 172 1093 853 1141; baseline 0.004 -15"><span class='ocrx_word' id='word_1_81' title='bbox 172 1093 234 1139; x_wconf 89' lang='lat' dir='ltr'>qui</span> <span class='ocrx_word' id='word_1_82' title='bbox 255 1093 321 1127; x_wconf 88' lang='lat' dir='ltr'>sibi</span> <span class='ocrx_word' id='word_1_83' title='bbox 342 1094 409 1140; x_wconf 88' lang='lat' dir='ltr'>ipsi</span> <span class='ocrx_word' id='word_1_84' title='bbox 429 1093 637 1141; x_wconf 83' lang='lat' dir='ltr'>displicent:</span> <span class='ocrx_word' id='word_1_85' title='bbox 657 1096 726 1129; x_wconf 91' lang='lat' dir='ltr'>hoc</span> <span class='ocrx_word' id='word_1_86' title='bbox 753 1096 853 1130; x_wconf 83' lang='lat' dir='ltr'>Cice-</span> 
     </span>
     <span class='ocr_line' id='line_1_17' title="bbox 172 1144 851 1195; baseline 0.003 -16"><span class='ocrx_word' id='word_1_87' title='bbox 172 1159 214 1179; x_wconf 84' lang='lat' dir='ltr'>ro</span> <span class='ocrx_word' id='word_1_88' title='bbox 229 1146 382 1192; x_wconf 78' lang='lat' dir='ltr'>quodam</span> <span class='ocrx_word' id='word_1_89' title='bbox 401 1147 438 1180; x_wconf 84' lang='lat' dir='ltr'>in</span> <span class='ocrx_word' id='word_1_90' title='bbox 456 1149 534 1182; x_wconf 89' lang='lat' dir='ltr'>loco</span> <span class='ocrx_word' id='word_1_91' title='bbox 549 1144 594 1190; x_wconf 45' lang='lat'>:201</span> <span class='ocrx_word' id='word_1_92' title='bbox 611 1148 851 1195; x_wconf 84' lang='lat' dir='ltr'>Displiceham</span> 
     </span>
     <span class='ocr_line' id='line_1_18' title="bbox 172 1200 848 1248; baseline 0.006 -16"><span class='ocrx_word' id='word_1_93' title='bbox 172 1200 282 1234; x_wconf 87' lang='lat' dir='ltr'>mihi:</span> <span class='ocrx_word' id='word_1_94' title='bbox 299 1201 379 1233; x_wconf 85' lang='lat' dir='ltr'>alibi</span> <span class='ocrx_word' id='word_1_95' title='bbox 393 1200 500 1235; x_wconf 86' lang='lat' dir='ltr'>dixit:</span> <span class='ocrx_word' id='word_1_96' title='bbox 518 1214 612 1234; x_wconf 85' lang='lat' dir='ltr'>eram</span> <span class='ocrx_word' id='word_1_97' title='bbox 626 1202 823 1248; x_wconf 81' lang='lat' dir='ltr'>pudituluS.</span> <span class='ocrx_word' id='word_1_98' title='bbox 834 1219 848 1232; x_wconf 74' lang='grc' dir='ltr'>ιι</span> 
     </span>
     <span class='ocr_line' id='line_1_19' title="bbox 174 1252 855 1301; baseline 0.004 -15"><span class='ocrx_word' id='word_1_99' title='bbox 174 1252 295 1294; x_wconf 87' lang='lat' dir='ltr'>Quum</span> <span class='ocrx_word' id='word_1_100' title='bbox 325 1262 441 1288; x_wconf 87' lang='lat' dir='ltr'>autem</span> <span class='ocrx_word' id='word_1_101' title='bbox 470 1255 658 1301; x_wconf 87' lang='lat' dir='ltr'>quisquam</span> <span class='ocrx_word' id='word_1_102' title='bbox 691 1255 759 1290; x_wconf 85' lang='lat' dir='ltr'>sibi</span> <span class='ocrx_word' id='word_1_103' title='bbox 786 1254 855 1290; x_wconf 83' lang='lat' dir='ltr'>dis-</span> 
     </span>
    </p>
   </div>
   <div class='ocr_carea' id='block_1_5' title="bbox 909 507 1593 1302">
    <p class='ocr_par' dir='ltr' id='par_1_5' title="bbox 909 507 1593 1302">
     <span class='ocr_line' id='line_1_20' title="bbox 909 507 1588 555; baseline 0.001 -14"><span class='ocrx_word' id='word_1_104' title='bbox 909 509 1038 555; x_wconf 81' lang='lat' dir='ltr'>plicet,</span> <span class='ocrx_word' id='word_1_105' title='bbox 1059 507 1236 541; x_wconf 84' lang='lat' dir='ltr'>contrahit</span> <span class='ocrx_word' id='word_1_106' title='bbox 1263 508 1416 542; x_wconf 84' lang='lat' dir='ltr'>frontem</span> <span class='ocrx_word' id='word_1_107' title='bbox 1439 515 1473 541; x_wconf 89' lang='lat' dir='ltr'>et</span> <span class='ocrx_word' id='word_1_108' title='bbox 1494 515 1588 542; x_wconf 84' lang='lat' dir='ltr'>caret</span> 
     </span>
     <span class='ocr_line' id='line_1_21' title="bbox 910 561 1590 606; baseline 0 -12"><span class='ocrx_word' id='word_1_109' title='bbox 910 561 1008 595; x_wconf 89' lang='lat' dir='ltr'>omni</span> <span class='ocrx_word' id='word_1_110' title='bbox 1031 561 1205 595; x_wconf 82' lang='lat' dir='ltr'>hilaritate</span> <span class='ocrx_word' id='word_1_111' title='bbox 1227 574 1235 594; x_wconf 90' lang='lat'><strong>:</strong></span> <span class='ocrx_word' id='word_1_112' title='bbox 1256 569 1291 595; x_wconf 88' lang='lat' dir='ltr'>et</span> <span class='ocrx_word' id='word_1_113' title='bbox 1310 569 1498 606; x_wconf 83' lang='lat' dir='ltr'>propterea</span> <span class='ocrx_word' id='word_1_114' title='bbox 1513 588 1521 604; x_wconf 86' lang='lat'>‚</span> <span class='ocrx_word' id='word_1_115' title='bbox 1543 562 1590 595; x_wconf 83' lang='lat' dir='ltr'>ait</span> 
     </span>
     <span class='ocr_line' id='line_1_22' title="bbox 910 614 1589 661; baseline -0.001 -13"><span class='ocrx_word' id='word_1_116' title='bbox 910 623 1038 661; x_wconf 89' lang='lat' dir='ltr'>poeta,</span> <span class='ocrx_word' id='word_1_117' title='bbox 1061 614 1205 648; x_wconf 85' lang='lat' dir='ltr'>alteram</span> <span class='ocrx_word' id='word_1_118' title='bbox 1234 614 1416 648; x_wconf 86' lang='lat' dir='ltr'>mulierem</span> <span class='ocrx_word' id='word_1_119' title='bbox 1444 615 1589 660; x_wconf 77' lang='lat' dir='ltr'>cupien-</span> 
     </span>
     <span class='ocr_line' id='line_1_23' title="bbox 911 666 1590 714; baseline -0.003 -12"><span class='ocrx_word' id='word_1_120' title='bbox 911 677 983 702; x_wconf 88' lang='lat' dir='ltr'>tem</span> <span class='ocrx_word' id='word_1_121' title='bbox 1001 666 1112 702; x_wconf 86' lang='lat' dir='ltr'>videri</span> <span class='ocrx_word' id='word_1_122' title='bbox 1130 668 1282 714; x_wconf 84' lang='lat' dir='ltr'>puellam</span> <span class='ocrx_word' id='word_1_123' title='bbox 1294 694 1303 710; x_wconf 90' lang='lat'>,</span> <span class='ocrx_word' id='word_1_124' title='bbox 1325 666 1414 701; x_wconf 82' lang='lat' dir='ltr'>adeo</span> <span class='ocrx_word' id='word_1_125' title='bbox 1437 667 1563 713; x_wconf 81' lang='lat' dir='ltr'>gestire</span> <span class='ocrx_word' id='word_1_126' title='bbox 1580 694 1590 709; x_wconf 87' lang='lat'>,</span> 
     </span>
     <span class='ocr_line' id='line_1_24' title="bbox 911 721 1590 767; baseline -0.003 -12"><span class='ocrx_word' id='word_1_127' title='bbox 911 731 954 756; x_wconf 90' lang='lat' dir='ltr'>ut</span> <span class='ocrx_word' id='word_1_128' title='bbox 970 721 1013 755; x_wconf 88' lang='lat' dir='ltr'>sit</span> <span class='ocrx_word' id='word_1_129' title='bbox 1036 721 1170 754; x_wconf 81' lang='lat' dir='ltr'>ridicula</span> <span class='ocrx_word' id='word_1_130' title='bbox 1193 730 1226 755; x_wconf 86' lang='lat' dir='ltr'>et</span> <span class='ocrx_word' id='word_1_131' title='bbox 1244 734 1316 755; x_wconf 84' lang='lat' dir='ltr'>nou</span> <span class='ocrx_word' id='word_1_132' title='bbox 1334 721 1452 767; x_wconf 83' lang='lat' dir='ltr'>puella</span> <span class='ocrx_word' id='word_1_133' title='bbox 1467 734 1476 762; x_wconf 84' lang='lat'>3</span> <span class='ocrx_word' id='word_1_134' title='bbox 1506 722 1590 754; x_wconf 86' lang='lat' dir='ltr'>alte-</span> 
     </span>
     <span class='ocr_line' id='line_1_25' title="bbox 910 774 1589 821; baseline -0.003 -12"><span class='ocrx_word' id='word_1_135' title='bbox 910 788 986 809; x_wconf 87' lang='lat' dir='ltr'>ram</span> <span class='ocrx_word' id='word_1_136' title='bbox 1005 775 1208 821; x_wconf 82' lang='lat' dir='ltr'>cupientem</span> <span class='ocrx_word' id='word_1_137' title='bbox 1229 774 1342 808; x_wconf 82' lang='lat' dir='ltr'>videri</span> <span class='ocrx_word' id='word_1_138' title='bbox 1364 787 1469 808; x_wconf 86' lang='lat' dir='ltr'>anum</span> <span class='ocrx_word' id='word_1_139' title='bbox 1484 799 1495 815; x_wconf 58' lang='lat'><strong>³</strong></span> <span class='ocrx_word' id='word_1_140' title='bbox 1515 787 1589 807; x_wconf 86' lang='lat' dir='ltr'>non</span> 
     </span>
     <span class='ocr_line' id='line_1_26' title="bbox 911 827 1587 873; baseline -0.003 -11"><span class='ocrx_word' id='word_1_141' title='bbox 911 829 1025 862; x_wconf 85' lang='lat' dir='ltr'>solum</span> <span class='ocrx_word' id='word_1_142' title='bbox 1041 827 1155 862; x_wconf 88' lang='lat' dir='ltr'>videri</span> <span class='ocrx_word' id='word_1_143' title='bbox 1174 841 1289 869; x_wconf 88' lang='lat' dir='ltr'>anum,</span> <span class='ocrx_word' id='word_1_144' title='bbox 1307 827 1366 862; x_wconf 87' lang='lat' dir='ltr'>sed</span> <span class='ocrx_word' id='word_1_145' title='bbox 1385 828 1563 873; x_wconf 74' lang='lat' dir='ltr'>putidulum</span> <span class='ocrx_word' id='word_1_146' title='bbox 1579 855 1587 868; x_wconf 90' lang='lat'>,</span> 
     </span>
     <span class='ocr_line' id='line_1_27' title="bbox 911 880 1590 928; baseline -0.001 -13"><span class='ocrx_word' id='word_1_147' title='bbox 911 881 950 916; x_wconf 88' lang='lat' dir='ltr'>id</span> <span class='ocrx_word' id='word_1_148' title='bbox 977 890 1048 922; x_wconf 85' lang='lat' dir='ltr'>est,</span> <span class='ocrx_word' id='word_1_149' title='bbox 1070 894 1166 928; x_wconf 68' lang='lat' dir='ltr'>quae,</span> <span class='ocrx_word' id='word_1_150' title='bbox 1189 894 1254 927; x_wconf 86' lang='lat' dir='ltr'>per</span> <span class='ocrx_word' id='word_1_151' title='bbox 1274 880 1455 916; x_wconf 81' lang='lat' dir='ltr'>fastidium</span> <span class='ocrx_word' id='word_1_152' title='bbox 1477 889 1511 914; x_wconf 72' lang='lat' dir='ltr'>et</span> <span class='ocrx_word' id='word_1_153' title='bbox 1531 889 1590 914; x_wconf 87' lang='lat' dir='ltr'>tae-</span> 
     </span>
     <span class='ocr_line' id='line_1_28' title="bbox 912 934 1592 982; baseline -0.003 -12"><span class='ocrx_word' id='word_1_154' title='bbox 912 935 963 970; x_wconf 89' lang='lat' dir='ltr'>dii</span> <span class='ocrx_word' id='word_1_155' title='bbox 978 934 1222 982; x_wconf 82' lang='lat' dir='ltr'>gravedinem,</span> <span class='ocrx_word' id='word_1_156' title='bbox 1239 934 1415 982; x_wconf 88' lang='lat' dir='ltr'>quoslibet</span> <span class='ocrx_word' id='word_1_157' title='bbox 1428 936 1592 981; x_wconf 87' lang='lat' dir='ltr'>proprios</span> 
     </span>
     <span class='ocr_line' id='line_1_29' title="bbox 912 988 1592 1035; baseline -0.003 -12"><span class='ocrx_word' id='word_1_158' title='bbox 912 989 1004 1023; x_wconf 86' lang='lat' dir='ltr'>aetati</span> <span class='ocrx_word' id='word_1_159' title='bbox 1031 989 1181 1035; x_wconf 81' lang='lat' dir='ltr'>juvenili</span> <span class='ocrx_word' id='word_1_160' title='bbox 1207 989 1345 1034; x_wconf 81' lang='lat' dir='ltr'>lepores</span> <span class='ocrx_word' id='word_1_161' title='bbox 1379 996 1413 1022; x_wconf 88' lang='lat' dir='ltr'>et</span> <span class='ocrx_word' id='word_1_162' title='bbox 1449 988 1592 1022; x_wconf 87' lang='lat' dir='ltr'>festivos</span> 
     </span>
     <span class='ocr_line' id='line_1_30' title="bbox 911 1041 1592 1088; baseline -0.003 -12"><span class='ocrx_word' id='word_1_163' title='bbox 911 1054 1028 1076; x_wconf 91' lang='lat' dir='ltr'>mores</span> <span class='ocrx_word' id='word_1_164' title='bbox 1049 1043 1206 1088; x_wconf 74' lang='lat' dir='ltr'>respuit,</span> <span class='ocrx_word' id='word_1_165' title='bbox 1234 1050 1274 1075; x_wconf 87' lang='lat' dir='ltr'>ut</span> <span class='ocrx_word' id='word_1_166' title='bbox 1302 1041 1466 1076; x_wconf 79' lang='lat' dir='ltr'>videatur</span> <span class='ocrx_word' id='word_1_167' title='bbox 1486 1054 1592 1079; x_wconf 80' lang='lat' dir='ltr'>anus,</span> 
     </span>
     <span class='ocr_line' id='line_1_31' title="bbox 911 1095 1592 1142; baseline -0.004 -12"><span class='ocrx_word' id='word_1_168' title='bbox 911 1109 977 1142; x_wconf 86' lang='lat' dir='ltr'>per</span> <span class='ocrx_word' id='word_1_169' title='bbox 999 1109 1034 1130; x_wconf 82' lang='lat' dir='ltr'>se</span> <span class='ocrx_word' id='word_1_170' title='bbox 1054 1095 1217 1141; x_wconf 80' lang='lat' dir='ltr'>putidula</span> <span class='ocrx_word' id='word_1_171' title='bbox 1237 1108 1302 1129; x_wconf 82' lang='lat' dir='ltr'>res.</span> <span class='ocrx_word' id='word_1_172' title='bbox 1325 1096 1448 1128; x_wconf 76' lang='lat' dir='ltr'>Domit.</span> <span class='ocrx_word' id='word_1_173' title='bbox 1473 1095 1592 1128; x_wconf 82' lang='lat' dir='ltr'>Rami-</span> 
     </span>
     <span class='ocr_line' id='line_1_32' title="bbox 912 1148 1593 1195; baseline -0.003 -12"><span class='ocrx_word' id='word_1_174' title='bbox 912 1149 1022 1183; x_wconf 87' lang='lat' dir='ltr'>resius</span> <span class='ocrx_word' id='word_1_175' title='bbox 1035 1149 1184 1195; x_wconf 82' lang='lat' dir='ltr'>explicat</span> <span class='ocrx_word' id='word_1_176' title='bbox 1199 1149 1365 1195; x_wconf 79' lang='lat' dir='ltr'>putidum,</span> <span class='ocrx_word' id='word_1_177' title='bbox 1384 1148 1479 1194; x_wconf 81' lang='lat' dir='ltr'>quod</span> <span class='ocrx_word' id='word_1_178' title='bbox 1500 1148 1593 1193; x_wconf 77' lang='lat' dir='ltr'>cogit</span> 
     </span>
     <span class='ocr_line' id='line_1_33' title="bbox 913 1201 1592 1246; baseline -0.003 -11"><span class='ocrx_word' id='word_1_179' title='bbox 913 1215 977 1236; x_wconf 86' lang='lat' dir='ltr'>nos</span> <span class='ocrx_word' id='word_1_180' title='bbox 999 1211 1157 1236; x_wconf 85' lang='lat' dir='ltr'>avertere</span> <span class='ocrx_word' id='word_1_181' title='bbox 1175 1203 1333 1246; x_wconf 83' lang='lat' dir='ltr'>vultum,</span> <span class='ocrx_word' id='word_1_182' title='bbox 1355 1210 1390 1236; x_wconf 90' lang='lat' dir='ltr'>et</span> <span class='ocrx_word' id='word_1_183' title='bbox 1412 1201 1521 1236; x_wconf 74' lang='lat' dir='ltr'>veluti</span> <span class='ocrx_word' id='word_1_184' title='bbox 1543 1202 1592 1234; x_wconf 82' lang='lat' dir='ltr'>fa-</span> 
     </span>
     <span class='ocr_line' id='line_1_34' title="bbox 914 1255 1208 1302; baseline 0.003 -13"><span class='ocrx_word' id='word_1_185' title='bbox 914 1255 1063 1290; x_wconf 84' lang='lat' dir='ltr'>stidium</span> <span class='ocrx_word' id='word_1_186' title='bbox 1085 1256 1208 1302; x_wconf 86' lang='lat' dir='ltr'>gignit.</span> 
     </span>
    </p>
   </div>
   <div class='ocr_carea' id='block_1_6' title="bbox 789 1392 973 1448">
    <p class='ocr_par' dir='ltr' id='par_1_6' title="bbox 789 1392 973 1448">
     <span class='ocr_line' id='line_1_35' title="bbox 789 1392 973 1448; baseline 0.005 -1"><span class='ocrx_word' id='word_1_187' title='bbox 789 1392 973 1448; x_wconf 87' lang='lat' dir='ltr'>XXI.</span> 
     </span>
    </p>
   </div>
   <div class='ocr_carea' id='block_1_7' title="bbox 732 1526 1038 1577">
    <p class='ocr_par' dir='ltr' id='par_1_7' title="bbox 732 1526 1038 1577">
     <span class='ocr_line' id='line_1_36' title="bbox 732 1526 1038 1577; baseline 0 -3"><span class='ocrx_word' id='word_1_188' title='bbox 732 1546 798 1574; x_wconf 85' lang='lat' dir='ltr'>DE</span> <span class='ocrx_word' id='word_1_189' title='bbox 837 1526 1038 1577; x_wconf 45' lang='lat' dir='ltr'>SELIOJ‘</span> 
     </span>
    </p>
   </div>
   <div class='ocr_carea' id='block_1_8' title="bbox 386 1671 1391 1874">
    <p class='ocr_par' dir='ltr' id='par_1_8' title="bbox 386 1671 1391 1874">
     <span class='ocr_line' id='line_1_37' title="bbox 386 1671 1205 1727; baseline 0.004 -13"><span class='ocrx_word' id='word_1_190' title='bbox 386 1671 580 1715; x_wconf 80' lang='lat' dir='ltr'>NULLOS</span> <span class='ocrx_word' id='word_1_191' title='bbox 610 1688 702 1716; x_wconf 81' lang='lat' dir='ltr'>esse</span> <span class='ocrx_word' id='word_1_192' title='bbox 727 1673 871 1727; x_wconf 81' lang='lat' dir='ltr'>Deos,</span> <span class='ocrx_word' id='word_1_193' title='bbox 896 1672 1025 1717; x_wconf 77' lang='lat' dir='ltr'>inane</span> <span class='ocrx_word' id='word_1_194' title='bbox 1051 1671 1205 1718; x_wconf 83' lang='lat' dir='ltr'>caelum</span> 
     </span>
     <span class='ocr_line' id='line_1_38' title="bbox 386 1741 1282 1805; baseline 0.006 -22"><span class='ocrx_word' id='word_1_195' title='bbox 386 1741 591 1784; x_wconf 82' lang='lat' dir='ltr'>Affirmat</span> <span class='ocrx_word' id='word_1_196' title='bbox 614 1741 773 1798; x_wconf 80' lang='lat' dir='ltr'>Selius,</span> <span class='ocrx_word' id='word_1_197' title='bbox 800 1743 1067 1804; x_wconf 79' lang='lat' dir='ltr'>probatque3</span> <span class='ocrx_word' id='word_1_198' title='bbox 1093 1744 1212 1805; x_wconf 83' lang='lat' dir='ltr'>quod</span> <span class='ocrx_word' id='word_1_199' title='bbox 1238 1761 1282 1788; x_wconf 81' lang='lat' dir='ltr'>se</span> 
     </span>
     <span class='ocr_line' id='line_1_39' title="bbox 389 1812 1391 1874; baseline 0.005 -20"><span class='ocrx_word' id='word_1_200' title='bbox 389 1813 570 1856; x_wconf 78' lang='lat' dir='ltr'>Factum</span> <span class='ocrx_word' id='word_1_201' title='bbox 586 1848 597 1868; x_wconf 81' lang='lat'>‚</span> <span class='ocrx_word' id='word_1_202' title='bbox 622 1812 727 1856; x_wconf 80' lang='lat' dir='ltr'>(lum</span> <span class='ocrx_word' id='word_1_203' title='bbox 756 1824 888 1874; x_wconf 65' lang='lat' dir='ltr'>negat</span> <span class='ocrx_word' id='word_1_204' title='bbox 915 1815 1002 1858; x_wconf 88' lang='lat' dir='ltr'>hoc</span> <span class='ocrx_word' id='word_1_205' title='bbox 1024 1850 1035 1870; x_wconf 82' lang='lat'>‚</span> <span class='ocrx_word' id='word_1_206' title='bbox 1053 1815 1172 1858; x_wconf 81' lang='lat' dir='ltr'>videt</span> <span class='ocrx_word' id='word_1_207' title='bbox 1201 1815 1391 1859; x_wconf 80' lang='lat' dir='ltr'>beatum.</span> 
     </span>
    </p>
   </div>
   <div class='ocr_carea' id='block_1_9' title="bbox 176 1952 861 2477">
    <p class='ocr_par' dir='ltr' id='par_1_9' title="bbox 176 1952 857 2259">
     <span class='ocr_line' id='line_1_40' title="bbox 230 1952 854 2005; baseline 0.002 -13"><span class='ocrx_word' id='word_1_208' title='bbox 230 1952 244 1967; x_wconf 57' lang='lat'>⁴*</span> <span class='ocrx_word' id='word_1_209' title='bbox 262 1957 454 2004; x_wconf 76' lang='lat' dir='ltr'>Cujusdaln</span> <span class='ocrx_word' id='word_1_210' title='bbox 475 1958 560 1992; x_wconf 78' lang='lat' dir='ltr'>Selii</span> <span class='ocrx_word' id='word_1_211' title='bbox 585 1968 677 1993; x_wconf 82' lang='lat' dir='ltr'>taxat</span> <span class='ocrx_word' id='word_1_212' title='bbox 695 1959 854 2005; x_wconf 82' lang='lat' dir='ltr'>impieta-</span> 
     </span>
     <span class='ocr_line' id='line_1_41' title="bbox 177 2011 857 2058; baseline 0.006 -15"><span class='ocrx_word' id='word_1_213' title='bbox 177 2019 248 2044; x_wconf 85' lang='lat' dir='ltr'>tem</span> <span class='ocrx_word' id='word_1_214' title='bbox 270 2037 279 2051; x_wconf 90' lang='lat'>,</span> <span class='ocrx_word' id='word_1_215' title='bbox 316 2011 376 2056; x_wconf 87' lang='lat' dir='ltr'>qui</span> <span class='ocrx_word' id='word_1_216' title='bbox 407 2024 488 2045; x_wconf 87' lang='lat' dir='ltr'>cum</span> <span class='ocrx_word' id='word_1_217' title='bbox 521 2012 673 2058; x_wconf 86' lang='lat' dir='ltr'>Diagora</span> <span class='ocrx_word' id='word_1_218' title='bbox 707 2015 857 2058; x_wconf 84' lang='lat' dir='ltr'>negabat</span> 
     </span>
     <span class='ocr_line' id='line_1_42' title="bbox 176 2063 856 2112; baseline 0.006 -16"><span class='ocrx_word' id='word_1_219' title='bbox 176 2064 267 2097; x_wconf 90' lang='lat' dir='ltr'>ullos</span> <span class='ocrx_word' id='word_1_220' title='bbox 294 2076 367 2097; x_wconf 82' lang='lat' dir='ltr'>esse</span> <span class='ocrx_word' id='word_1_221' title='bbox 388 2063 496 2106; x_wconf 81' lang='lat' dir='ltr'>deos3</span> <span class='ocrx_word' id='word_1_222' title='bbox 521 2074 555 2098; x_wconf 89' lang='lat' dir='ltr'>et</span> <span class='ocrx_word' id='word_1_223' title='bbox 576 2066 683 2112; x_wconf 81' lang='lat' dir='ltr'>magis</span> <span class='ocrx_word' id='word_1_224' title='bbox 711 2066 856 2112; x_wconf 81' lang='lat' dir='ltr'>impiam</span> 
     </span>
     <span class='ocr_line' id='line_1_43' title="bbox 178 2116 856 2164; baseline 0.009 -16"><span class='ocrx_word' id='word_1_225' title='bbox 178 2116 372 2151; x_wconf 82' lang='lat' dir='ltr'>adducebat</span> <span class='ocrx_word' id='word_1_226' title='bbox 402 2118 519 2164; x_wconf 82' lang='lat' dir='ltr'>impiae</span> <span class='ocrx_word' id='word_1_227' title='bbox 542 2120 724 2153; x_wconf 58' lang='lat' dir='ltr'>sententiae</span> <span class='ocrx_word' id='word_1_228' title='bbox 747 2121 856 2154; x_wconf 74' lang='lat' dir='ltr'>ratio-</span> 
     </span>
     <span class='ocr_line' id='line_1_44' title="bbox 177 2170 856 2218; baseline 0.009 -17"><span class='ocrx_word' id='word_1_229' title='bbox 177 2182 257 2202; x_wconf 85' lang='lat' dir='ltr'>nem</span> <span class='ocrx_word' id='word_1_230' title='bbox 272 2195 280 2211; x_wconf 90' lang='lat'>,</span> <span class='ocrx_word' id='word_1_231' title='bbox 299 2170 394 2216; x_wconf 90' lang='lat' dir='ltr'>quod</span> <span class='ocrx_word' id='word_1_232' title='bbox 419 2170 506 2204; x_wconf 86' lang='lat' dir='ltr'>dum</span> <span class='ocrx_word' id='word_1_233' title='bbox 532 2181 675 2218; x_wconf 81' lang='lat' dir='ltr'>negaret</span> <span class='ocrx_word' id='word_1_234' title='bbox 694 2171 777 2206; x_wconf 79' lang='lat' dir='ltr'>deos</span> <span class='ocrx_word' id='word_1_235' title='bbox 791 2200 800 2216; x_wconf 94' lang='lat'>‚</span> <span class='ocrx_word' id='word_1_236' title='bbox 821 2187 856 2207; x_wconf 83' lang='lat' dir='ltr'>se</span> 
     </span>
     <span class='ocr_line' id='line_1_45' title="bbox 179 2221 739 2259; baseline 0.007 -4"><span class='ocrx_word' id='word_1_237' title='bbox 179 2221 325 2256; x_wconf 76' lang='lat' dir='ltr'>divitem</span> <span class='ocrx_word' id='word_1_238' title='bbox 348 2224 481 2256; x_wconf 85' lang='lat' dir='ltr'>factum</span> <span class='ocrx_word' id='word_1_239' title='bbox 503 2237 575 2258; x_wconf 89' lang='lat' dir='ltr'>esse</span> <span class='ocrx_word' id='word_1_240' title='bbox 592 2224 739 2259; x_wconf 81' lang='lat' dir='ltr'>videret.</span> 
     </span>
    </p>

    <p class='ocr_par' dir='ltr' id='par_1_10' title="bbox 178 2276 857 2417">
     <span class='ocr_line' id='line_1_46' title="bbox 231 2276 857 2313; baseline 0.01 -6"><span class='ocrx_word' id='word_1_241' title='bbox 231 2295 285 2300; x_wconf 94' lang='lat'>—-</span> <span class='ocrx_word' id='word_1_242' title='bbox 302 2277 354 2308; x_wconf 83' lang='lat' dir='ltr'>De</span> <span class='ocrx_word' id='word_1_243' title='bbox 376 2276 465 2310; x_wconf 76' lang='lat' dir='ltr'>Celio</span> <span class='ocrx_word' id='word_1_244' title='bbox 486 2286 536 2311; x_wconf 84' lang='lat' dir='ltr'>est</span> <span class='ocrx_word' id='word_1_245' title='bbox 560 2279 688 2312; x_wconf 87' lang='lat' dir='ltr'>lemma</span> <span class='ocrx_word' id='word_1_246' title='bbox 715 2278 751 2312; x_wconf 87' lang='lat' dir='ltr'>in</span> <span class='ocrx_word' id='word_1_247' title='bbox 776 2279 857 2313; x_wconf 88' lang='lat' dir='ltr'>Ald.</span> 
     </span>
     <span class='ocr_line' id='line_1_47' title="bbox 178 2328 857 2376; baseline 0.01 -16"><span class='ocrx_word' id='word_1_248' title='bbox 178 2328 278 2361; x_wconf 86' lang='lat' dir='ltr'>Junt.</span> <span class='ocrx_word' id='word_1_249' title='bbox 299 2329 413 2363; x_wconf 89' lang='lat' dir='ltr'>Colin.</span> <span class='ocrx_word' id='word_1_250' title='bbox 431 2339 498 2364; x_wconf 85' lang='lat' dir='ltr'>etc.</span> <span class='ocrx_word' id='word_1_251' title='bbox 514 2332 566 2363; x_wconf 82' lang='lat' dir='ltr'>De</span> <span class='ocrx_word' id='word_1_252' title='bbox 587 2332 683 2376; x_wconf 74' lang='lat' dir='ltr'>Segia</span> <span class='ocrx_word' id='word_1_253' title='bbox 700 2332 737 2365; x_wconf 87' lang='lat' dir='ltr'>in</span> <span class='ocrx_word' id='word_1_254' title='bbox 754 2331 857 2367; x_wconf 84' lang='lat' dir='ltr'>codd.</span> 
     </span>
     <span class='ocr_line' id='line_1_48' title="bbox 180 2380 495 2417; baseline 0.013 -4"><span class='ocrx_word' id='word_1_255' title='bbox 180 2380 336 2415; x_wconf 88' lang='lat' dir='ltr'>Florent.</span> <span class='ocrx_word' id='word_1_256' title='bbox 355 2390 390 2415; x_wconf 87' lang='lat' dir='ltr'>et</span> <span class='ocrx_word' id='word_1_257' title='bbox 411 2383 495 2417; x_wconf 69' lang='lat' dir='ltr'>Vat.</span> 
     </span>
    </p>

    <p class='ocr_par' dir='ltr' id='par_1_11' title="bbox 240 2435 861 2477">
     <span class='ocr_line' id='line_1_49' title="bbox 240 2435 861 2477; baseline 0.01 -11"><span class='ocrx_word' id='word_1_258' title='bbox 240 2446 270 2467; x_wconf 90' lang='lat'>1.</span> <span class='ocrx_word' id='word_1_259' title='bbox 302 2435 401 2468; x_wconf 79' lang='lat' dir='ltr'>Inane</span> <span class='ocrx_word' id='word_1_260' title='bbox 436 2436 555 2469; x_wconf 68' lang='lat' dir='ltr'>caelum.</span> <span class='ocrx_word' id='word_1_261' title='bbox 589 2436 666 2471; x_wconf 88' lang='lat' dir='ltr'>Hoc</span> <span class='ocrx_word' id='word_1_262' title='bbox 701 2446 769 2477; x_wconf 82' lang='lat' dir='ltr'>est,</span> <span class='ocrx_word' id='word_1_263' title='bbox 795 2437 861 2472; x_wconf 83' lang='lat' dir='ltr'>diis</span> 
     </span>
    </p>
   </div>
   <div class='ocr_carea' id='block_1_10' title="bbox 914 1961 1598 2486">
    <p class='ocr_par' dir='ltr' id='par_1_12' title="bbox 914 1961 1594 2060">
     <span class='ocr_line' id='line_1_50' title="bbox 914 1961 1594 2003; baseline 0.003 -10"><span class='ocrx_word' id='word_1_264' title='bbox 914 1973 1082 2003; x_wconf 77' lang='lat' dir='ltr'>vacuum,</span> <span class='ocrx_word' id='word_1_265' title='bbox 1108 1961 1163 1994; x_wconf 75' lang='lat' dir='ltr'>vel</span> <span class='ocrx_word' id='word_1_266' title='bbox 1192 1974 1268 1995; x_wconf 89' lang='lat' dir='ltr'>rem</span> <span class='ocrx_word' id='word_1_267' title='bbox 1290 1962 1565 1995; x_wconf 75' lang='lat' dir='ltr'>commentitiam</span> <span class='ocrx_word' id='word_1_268' title='bbox 1586 1989 1594 2003; x_wconf 90' lang='lat'>,</span> 
     </span>
     <span class='ocr_line' id='line_1_51' title="bbox 915 2014 1330 2060; baseline 0.005 -14"><span class='ocrx_word' id='word_1_269' title='bbox 915 2022 955 2047; x_wconf 90' lang='lat' dir='ltr'>ut</span> <span class='ocrx_word' id='word_1_270' title='bbox 976 2014 1225 2060; x_wconf 75' lang='lat' dir='ltr'>interpretatus</span> <span class='ocrx_word' id='word_1_271' title='bbox 1242 2028 1330 2048; x_wconf 88' lang='lat' dir='ltr'>sum.</span> 
     </span>
    </p>

    <p class='ocr_par' dir='ltr' id='par_1_13' title="bbox 915 2067 1598 2486">
     <span class='ocr_line' id='line_1_52' title="bbox 969 2067 1596 2102; baseline 0 -1"><span class='ocrx_word' id='word_1_272' title='bbox 969 2067 1004 2101; x_wconf 81' lang='grc'>3.</span> <span class='ocrx_word' id='word_1_273' title='bbox 1028 2068 1127 2100; x_wconf 65' lang='lat' dir='ltr'>sidet</span> <span class='ocrx_word' id='word_1_274' title='bbox 1151 2069 1285 2102; x_wconf 75' lang='lat' dir='ltr'>beatum.</span> <span class='ocrx_word' id='word_1_275' title='bbox 1307 2068 1420 2101; x_wconf 80' lang='lat' dir='ltr'>Multa</span> <span class='ocrx_word' id='word_1_276' title='bbox 1446 2068 1481 2101; x_wconf 88' lang='lat' dir='ltr'>in</span> <span class='ocrx_word' id='word_1_277' title='bbox 1506 2068 1596 2102; x_wconf 82' lang='lat' dir='ltr'>hanc</span> 
     </span>
     <span class='ocr_line' id='line_1_53' title="bbox 915 2120 1596 2167; baseline 0.003 -14"><span class='ocrx_word' id='word_1_278' title='bbox 915 2121 1123 2154; x_wconf 84' lang='lat' dir='ltr'>sententiam</span> <span class='ocrx_word' id='word_1_279' title='bbox 1140 2120 1222 2154; x_wconf 79' lang='lat' dir='ltr'>vide</span> <span class='ocrx_word' id='word_1_280' title='bbox 1238 2121 1331 2167; x_wconf 79' lang='lat' dir='ltr'>apud</span> <span class='ocrx_word' id='word_1_281' title='bbox 1353 2122 1518 2155; x_wconf 81' lang='lat' dir='ltr'>Senecam</span> <span class='ocrx_word' id='word_1_282' title='bbox 1534 2123 1596 2155; x_wconf 89' lang='lat' dir='ltr'>lib.</span> 
     </span>
     <span class='ocr_line' id='line_1_54' title="bbox 922 2174 1595 2215; baseline 0.001 -8"><span class='ocrx_word' id='word_1_283' title='bbox 922 2191 936 2203; x_wconf 70' lang='grc' dir='ltr'><strong>α</strong></span> <span class='ocrx_word' id='word_1_284' title='bbox 959 2174 1077 2215; x_wconf 84' lang='lat' dir='ltr'>Quare</span> <span class='ocrx_word' id='word_1_285' title='bbox 1093 2175 1196 2208; x_wconf 81' lang='lat' dir='ltr'>bonis</span> <span class='ocrx_word' id='word_1_286' title='bbox 1211 2175 1296 2208; x_wconf 74' lang='lat' dir='ltr'>viris</span> <span class='ocrx_word' id='word_1_287' title='bbox 1314 2176 1402 2208; x_wconf 84' lang='lat' dir='ltr'>mala</span> <span class='ocrx_word' id='word_1_288' title='bbox 1415 2174 1574 2208; x_wconf 79' lang='lat' dir='ltr'>accidant</span> <span class='ocrx_word' id='word_1_289' title='bbox 1586 2201 1595 2214; x_wconf 88' lang='lat'><em>‚</em></span> 
     </span>
     <span class='ocr_line' id='line_1_55' title="bbox 917 2227 1597 2273; baseline 0.003 -14"><span class='ocrx_word' id='word_1_290' title='bbox 917 2240 1029 2272; x_wconf 85' lang='lat' dir='ltr'>quum</span> <span class='ocrx_word' id='word_1_291' title='bbox 1065 2229 1109 2261; x_wconf 89' lang='lat' dir='ltr'>sit</span> <span class='ocrx_word' id='word_1_292' title='bbox 1135 2228 1372 2273; x_wconf 81' lang='lat' dir='ltr'>providentia.</span> <span class='ocrx_word' id='word_1_293' title='bbox 1401 2246 1415 2258; x_wconf 88' lang='lat'>»</span> <span class='ocrx_word' id='word_1_294' title='bbox 1448 2227 1539 2261; x_wconf 74' lang='lat' dir='ltr'>Vide</span> <span class='ocrx_word' id='word_1_295' title='bbox 1564 2237 1597 2262; x_wconf 83' lang='lat' dir='ltr'>et</span> 
     </span>
     <span class='ocr_line' id='line_1_56' title="bbox 917 2280 1598 2321; baseline 0 -7"><span class='ocrx_word' id='word_1_296' title='bbox 917 2281 1031 2314; x_wconf 84' lang='lat' dir='ltr'>Cicer.</span> <span class='ocrx_word' id='word_1_297' title='bbox 1048 2282 1101 2313; x_wconf 80' lang='grc' dir='ltr'>ΙΙΙ</span> <span class='ocrx_word' id='word_1_298' title='bbox 1114 2307 1123 2321; x_wconf 90' lang='grc'><em>,</em></span> <span class='ocrx_word' id='word_1_299' title='bbox 1136 2281 1179 2314; x_wconf 90' lang='lat' dir='ltr'>de</span> <span class='ocrx_word' id='word_1_300' title='bbox 1194 2290 1318 2314; x_wconf 81' lang='lat' dir='ltr'>natura</span> <span class='ocrx_word' id='word_1_301' title='bbox 1332 2283 1437 2314; x_wconf 88' lang='lat' dir='ltr'>Deor.</span> <span class='ocrx_word' id='word_1_302' title='bbox 1451 2280 1495 2314; x_wconf 88' lang='lat' dir='ltr'>de</span> <span class='ocrx_word' id='word_1_303' title='bbox 1510 2283 1598 2314; x_wconf 81' lang='lat' dir='ltr'>Har—</span> 
     </span>
     <span class='ocr_line' id='line_1_57' title="bbox 918 2334 1596 2379; baseline 0.003 -14"><span class='ocrx_word' id='word_1_304' title='bbox 918 2334 998 2379; x_wconf 84' lang='lat' dir='ltr'>palo</span> <span class='ocrx_word' id='word_1_305' title='bbox 1021 2343 1055 2367; x_wconf 90' lang='lat' dir='ltr'>et</span> <span class='ocrx_word' id='word_1_306' title='bbox 1083 2335 1267 2378; x_wconf 66' lang='lat' dir='ltr'>Dionysio.</span> <span class='ocrx_word' id='word_1_307' title='bbox 1290 2356 1341 2362; x_wconf 87' lang='lat'>——</span> <span class='ocrx_word' id='word_1_308' title='bbox 1365 2335 1510 2368; x_wconf 72' lang='lat' dir='ltr'>Beatum.</span> <span class='ocrx_word' id='word_1_309' title='bbox 1535 2336 1596 2367; x_wconf 85' lang='lat' dir='ltr'>Di-</span> 
     </span>
     <span class='ocr_line' id='line_1_58' title="bbox 920 2386 1596 2433; baseline 0.001 -14"><span class='ocrx_word' id='word_1_310' title='bbox 920 2387 1042 2420; x_wconf 87' lang='lat' dir='ltr'>vitem.</span> <span class='ocrx_word' id='word_1_311' title='bbox 1061 2386 1153 2420; x_wconf 85' lang='lat' dir='ltr'>Vide</span> <span class='ocrx_word' id='word_1_312' title='bbox 1168 2388 1231 2421; x_wconf 83' lang='lat' dir='ltr'>lib.</span> <span class='ocrx_word' id='word_1_313' title='bbox 1245 2388 1334 2420; x_wconf 81' lang='lat' dir='ltr'>VIII</span> <span class='ocrx_word' id='word_1_314' title='bbox 1345 2414 1354 2429; x_wconf 80' lang='lat'>,</span> <span class='ocrx_word' id='word_1_315' title='bbox 1372 2388 1483 2433; x_wconf 84' lang='lat' dir='ltr'>epigr.</span> <span class='ocrx_word' id='word_1_316' title='bbox 1499 2400 1596 2428; x_wconf 80' lang='lat' dir='ltr'>XL¹13</span> 
     </span>
     <span class='ocr_line' id='line_1_59' title="bbox 921 2439 1475 2486; baseline 0.004 -14"><span class='ocrx_word' id='word_1_317' title='bbox 921 2439 982 2474; x_wconf 82' lang='lat' dir='ltr'>lib.</span> <span class='ocrx_word' id='word_1_318' title='bbox 1001 2441 1034 2472; x_wconf 87' lang='lat' dir='ltr'><strong>X</strong></span> <span class='ocrx_word' id='word_1_319' title='bbox 1047 2465 1055 2481; x_wconf 89' lang='lat'>‚</span> <span class='ocrx_word' id='word_1_320' title='bbox 1076 2440 1185 2486; x_wconf 83' lang='lat' dir='ltr'>epigr·</span> <span class='ocrx_word' id='word_1_321' title='bbox 1210 2453 1332 2474; x_wconf 64' lang='lat' dir='ltr'>Lxxxn</span> <span class='ocrx_word' id='word_1_322' title='bbox 1345 2467 1354 2482; x_wconf 87' lang='lat'>‚</span> <span class='ocrx_word' id='word_1_323' title='bbox 1376 2454 1424 2474; x_wconf 84' lang='lat' dir='ltr'>vs.</span> <span class='ocrx_word' id='word_1_324' title='bbox 1444 2441 1475 2474; x_wconf 89' lang='lat'>5.</span> 
     </span>
    </p>
   </div>
  </div>
 </body>
</html>
