<?xml version="1.0" encoding="UTF-8"?>
<!DOCTYPE html PUBLIC "-//W3C//DTD XHTML 1.0 Transitional//EN"
    "http://www.w3.org/TR/xhtml1/DTD/xhtml1-transitional.dtd">
<html xmlns="http://www.w3.org/1999/xhtml" xml:lang="en" lang="en">
 <head>
  <title>
</title>
<meta http-equiv="Content-Type" content="text/html;charset=utf-8" />
  <meta name='ocr-system' content='tesseract 3.04.00' />
  <meta name='ocr-capabilities' content='ocr_page ocr_carea ocr_par ocr_line ocrx_word'/>
</head>
<body>
  <div class='ocr_page' id='page_1' title='image "./epigrammata01martuoft_0252.png"; bbox 0 0 2061 3288; ppageno 0'>
   <div class='ocr_carea' id='block_1_1' title="bbox 436 246 501 291">
    <p class='ocr_par' dir='ltr' id='par_1_1' title="bbox 436 246 501 291">
     <span class='ocr_line' id='line_1_1' title="bbox 436 246 501 291; baseline 0 -16"><span class='ocrx_word' id='word_1_1' title='bbox 436 246 501 291; x_wconf 76' lang='lat'>90</span> 
     </span>
    </p>
   </div>
   <div class='ocr_carea' id='block_1_2' title="bbox 435 316 1112 469">
    <p class='ocr_par' dir='ltr' id='par_1_2' title="bbox 435 316 1112 469">
     <span class='ocr_line' id='line_1_2' title="bbox 435 316 1111 364; baseline 0.001 -14"><span class='ocrx_word' id='word_1_2' title='bbox 435 326 469 350; x_wconf 90' lang='lat' dir='ltr'>et</span> <span class='ocrx_word' id='word_1_3' title='bbox 486 316 621 350; x_wconf 86' lang='lat' dir='ltr'>inutilis</span> <span class='ocrx_word' id='word_1_4' title='bbox 644 317 819 363; x_wconf 80' lang='lat' dir='ltr'><strong>supersit,</strong></span> <span class='ocrx_word' id='word_1_5' title='bbox 845 318 952 352; x_wconf 89' lang='lat' dir='ltr'>nullis</span> <span class='ocrx_word' id='word_1_6' title='bbox 973 318 1111 364; x_wconf 88' lang='lat' dir='ltr'>scriptis</span> 
     </span>
     <span class='ocr_line' id='line_1_3' title="bbox 435 363 1112 415; baseline 0 -11"><span class='ocrx_word' id='word_1_7' title='bbox 435 370 646 404; x_wconf 82' lang='lat' dir='ltr'>carminibus</span> <span class='ocrx_word' id='word_1_8' title='bbox 676 363 826 415; x_wconf 85' lang='lat' dir='ltr'>(gallice</span> <span class='ocrx_word' id='word_1_9' title='bbox 849 384 858 405; x_wconf 76' lang='grc' dir='ltr'><strong><em>ε</em></strong></span> <span class='ocrx_word' id='word_1_10' title='bbox 885 383 930 404; x_wconf 90' lang='lat' dir='ltr'>ne</span> <span class='ocrx_word' id='word_1_11' title='bbox 960 370 1112 405; x_wconf 88' lang='lat' dir='ltr'>derelin-</span> 
     </span>
     <span class='ocr_line' id='line_1_4' title="bbox 436 419 1112 469; baseline 0.003 -13"><span class='ocrx_word' id='word_1_12' title='bbox 436 431 589 469; x_wconf 82' lang='lat' dir='ltr'>quantur</span> <span class='ocrx_word' id='word_1_13' title='bbox 608 423 742 469; x_wconf 74' lang='lat' dir='ltr'>paginae</span> <span class='ocrx_word' id='word_1_14' title='bbox 767 438 804 457; x_wconf 79' lang='lat' dir='ltr'>en</span> <span class='ocrx_word' id='word_1_15' title='bbox 824 424 916 457; x_wconf 78' lang='lat' dir='ltr'>blanc</span> <span class='ocrx_word' id='word_1_16' title='bbox 932 419 946 467; x_wconf 79' lang='grc'>)</span> <span class='ocrx_word' id='word_1_17' title='bbox 964 451 972 465; x_wconf 86' lang='grc'>,</span> <span class='ocrx_word' id='word_1_18' title='bbox 997 425 1112 458; x_wconf 86' lang='lat' dir='ltr'>imita-</span> 
     </span>
    </p>
   </div>
   <div class='ocr_carea' id='block_1_3' title="bbox 810 232 1469 276">
    <p class='ocr_par' dir='ltr' id='par_1_3' title="bbox 810 232 1469 276">
     <span class='ocr_line' id='line_1_5' title="bbox 810 232 1469 276; baseline 0.003 -2"><span class='ocrx_word' id='word_1_19' title='bbox 810 232 872 274; x_wconf 90' lang='grc' dir='ltr'>Μ.</span> <span class='ocrx_word' id='word_1_20' title='bbox 896 232 1037 275; x_wconf 83' lang='lat' dir='ltr'><strong>VAL.</strong></span> <span class='ocrx_word' id='word_1_21' title='bbox 1077 232 1469 276; x_wconf 86' lang='lat' dir='ltr'><strong>MARTIALIS</strong></span> 
     </span>
    </p>
   </div>
   <div class='ocr_carea' id='block_1_4' title="bbox 1170 316 1852 471">
    <p class='ocr_par' dir='ltr' id='par_1_4' title="bbox 1170 316 1852 471">
     <span class='ocr_line' id='line_1_6' title="bbox 1170 316 1848 364; baseline 0 -12"><span class='ocrx_word' id='word_1_22' title='bbox 1170 320 1320 364; x_wconf 86' lang='lat' dir='ltr'>repetit,</span> <span class='ocrx_word' id='word_1_23' title='bbox 1341 319 1490 352; x_wconf 86' lang='lat' dir='ltr'>maxime</span> <span class='ocrx_word' id='word_1_24' title='bbox 1514 330 1598 352; x_wconf 86' lang='lat' dir='ltr'>vero</span> <span class='ocrx_word' id='word_1_25' title='bbox 1624 319 1676 353; x_wconf 83' lang='grc' dir='ltr'>τὸν</span> <span class='ocrx_word' id='word_1_26' title='bbox 1697 316 1730 352; x_wconf 74' lang='grc' dir='ltr'>δ’</span> <span class='ocrx_word' id='word_1_27' title='bbox 1757 319 1848 352; x_wconf 84' lang='grc' dir='ltr'>ἀπα-</span> 
     </span>
     <span class='ocr_line' id='line_1_7' title="bbox 1171 370 1847 418; baseline 0 -13"><span class='ocrx_word' id='word_1_28' title='bbox 1171 371 1360 418; x_wconf 66' lang='grc' dir='ltr'>μειὲόμενος</span> <span class='ocrx_word' id='word_1_29' title='bbox 1376 398 1386 413; x_wconf 88' lang='lat'><em>‚</em></span> <span class='ocrx_word' id='word_1_30' title='bbox 1413 370 1512 418; x_wconf 90' lang='lat' dir='ltr'>quod</span> <span class='ocrx_word' id='word_1_31' title='bbox 1538 371 1708 417; x_wconf 84' lang='lat' dir='ltr'>Virgilius</span> <span class='ocrx_word' id='word_1_32' title='bbox 1738 372 1847 405; x_wconf 87' lang='lat' dir='ltr'>inter-</span> 
     </span>
     <span class='ocr_line' id='line_1_8' title="bbox 1172 426 1852 471; baseline 0 -13"><span class='ocrx_word' id='word_1_33' title='bbox 1172 434 1326 471; x_wconf 84' lang='lat' dir='ltr'>pretatus</span> <span class='ocrx_word' id='word_1_34' title='bbox 1341 451 1351 468; x_wconf 93' lang='lat'><strong>,</strong></span> <span class='ocrx_word' id='word_1_35' title='bbox 1373 426 1474 470; x_wconf 79' lang='lat' dir='ltr'>Quem</span> <span class='ocrx_word' id='word_1_36' title='bbox 1495 433 1616 458; x_wconf 77' lang='lat' dir='ltr'>contra.</span> <span class='ocrx_word' id='word_1_37' title='bbox 1639 426 1691 458; x_wconf 87' lang='lat' dir='ltr'>Ita</span> <span class='ocrx_word' id='word_1_38' title='bbox 1711 436 1774 470; x_wconf 80' lang='lat' dir='ltr'>ego</span> <span class='ocrx_word' id='word_1_39' title='bbox 1793 437 1852 458; x_wconf 84' lang='lat' dir='ltr'>sae-</span> 
     </span>
    </p>
   </div>
   <div class='ocr_carea' id='block_1_5' title="bbox 436 476 1848 524">
    <p class='ocr_par' dir='ltr' id='par_1_5' title="bbox 436 476 1848 524">
     <span class='ocr_line' id='line_1_9' title="bbox 436 476 1848 524; baseline 0.001 -15"><span class='ocrx_word' id='word_1_40' title='bbox 436 477 503 509; x_wconf 87' lang='lat' dir='ltr'>bor</span> <span class='ocrx_word' id='word_1_41' title='bbox 530 476 723 510; x_wconf 85' lang='lat' dir='ltr'>Homerum</span> <span class='ocrx_word' id='word_1_42' title='bbox 744 503 753 518; x_wconf 82' lang='lat'>‚</span> <span class='ocrx_word' id='word_1_43' title='bbox 782 478 843 523; x_wconf 88' lang='lat' dir='ltr'>qui</span> <span class='ocrx_word' id='word_1_44' title='bbox 867 478 992 523; x_wconf 84' lang='lat' dir='ltr'>saepius</span> <span class='ocrx_word' id='word_1_45' title='bbox 1017 477 1112 511; x_wconf 80' lang='lat' dir='ltr'>idem</span> <span class='ocrx_word' id='word_1_46' title='bbox 1171 479 1252 524; x_wconf 88' lang='lat' dir='ltr'>pius</span> <span class='ocrx_word' id='word_1_47' title='bbox 1264 491 1410 513; x_wconf 82' lang='lat' dir='ltr'>recurro</span> <span class='ocrx_word' id='word_1_48' title='bbox 1423 477 1466 511; x_wconf 88' lang='lat' dir='ltr'>ad</span> <span class='ocrx_word' id='word_1_49' title='bbox 1478 478 1616 511; x_wconf 88' lang='lat' dir='ltr'>leonem</span> <span class='ocrx_word' id='word_1_50' title='bbox 1634 486 1668 511; x_wconf 91' lang='lat' dir='ltr'>et</span> <span class='ocrx_word' id='word_1_51' title='bbox 1681 478 1848 523; x_wconf 89' lang='lat' dir='ltr'>leporem.</span> 
     </span>
    </p>
   </div>
   <div class='ocr_carea' id='block_1_6' title="bbox 1008 613 1282 669">
    <p class='ocr_par' dir='ltr' id='par_1_6' title="bbox 1008 613 1282 669">
     <span class='ocr_line' id='line_1_10' title="bbox 1008 613 1282 669; baseline 0.004 -1"><span class='ocrx_word' id='word_1_52' title='bbox 1008 613 1282 669; x_wconf 86' lang='lat' dir='ltr'><strong>XLVII.</strong></span> 
     </span>
    </p>
   </div>
   <div class='ocr_carea' id='block_1_7' title="bbox 930 737 1368 788">
    <p class='ocr_par' dir='ltr' id='par_1_7' title="bbox 930 737 1368 788">
     <span class='ocr_line' id='line_1_11' title="bbox 930 737 1368 788; baseline 0.002 -3"><span class='ocrx_word' id='word_1_53' title='bbox 930 758 1004 786; x_wconf 74' lang='lat' dir='ltr'>AD</span> <span class='ocrx_word' id='word_1_54' title='bbox 1042 737 1368 788; x_wconf 47' lang='grc' dir='ltr'>ΗΕΒΥΙᾸΙΜῘι</span> 
     </span>
    </p>
   </div>
   <div class='ocr_carea' id='block_1_8' title="bbox 510 883 1751 1158">
    <p class='ocr_par' dir='ltr' id='par_1_8' title="bbox 510 883 1751 1158">
     <span class='ocr_line' id='line_1_12' title="bbox 511 883 1751 946; baseline 0 -18"><span class='ocrx_word' id='word_1_55' title='bbox 511 884 663 940; x_wconf 81' lang='lat' dir='ltr'><strong>QUUM</strong></span> <span class='ocrx_word' id='word_1_56' title='bbox 686 883 791 927; x_wconf 80' lang='lat' dir='ltr'>(licis</span> <span class='ocrx_word' id='word_1_57' title='bbox 818 901 1031 945; x_wconf 78' lang='lat' dir='ltr'>propero,</span> <span class='ocrx_word' id='word_1_58' title='bbox 1053 884 1121 928; x_wconf 80' lang='lat' dir='ltr'>fac</span> <span class='ocrx_word' id='word_1_59' title='bbox 1144 885 1177 929; x_wconf 86' lang='lat' dir='ltr'>si</span> <span class='ocrx_word' id='word_1_60' title='bbox 1206 885 1335 941; x_wconf 82' lang='lat' dir='ltr'>facis,</span> <span class='ocrx_word' id='word_1_61' title='bbox 1360 884 1550 946; x_wconf 75' lang='lat' dir='ltr'>Hedyle,</span> <span class='ocrx_word' id='word_1_62' title='bbox 1573 885 1751 946; x_wconf 84' lang='lat' dir='ltr'>languet</span> 
     </span>
     <span class='ocr_line' id='line_1_13' title="bbox 580 955 1482 1009; baseline 0.002 -12"><span class='ocrx_word' id='word_1_63' title='bbox 580 955 809 1009; x_wconf 79' lang='lat' dir='ltr'>Protinus,</span> <span class='ocrx_word' id='word_1_64' title='bbox 836 964 879 998; x_wconf 79' lang='lat' dir='ltr'>et</span> <span class='ocrx_word' id='word_1_65' title='bbox 905 965 1045 999; x_wconf 77' lang='lat' dir='ltr'>cessat</span> <span class='ocrx_word' id='word_1_66' title='bbox 1072 955 1294 1000; x_wconf 86' lang='lat' dir='ltr'>debilitata</span> <span class='ocrx_word' id='word_1_67' title='bbox 1318 958 1482 1000; x_wconf 90' lang='lat' dir='ltr'>Venus.</span> 
     </span>
     <span class='ocr_line' id='line_1_14' title="bbox 510 1025 1493 1086; baseline 0.002 -18"><span class='ocrx_word' id='word_1_68' title='bbox 510 1027 779 1086; x_wconf 75' lang='lat' dir='ltr'>Exspectare</span> <span class='ocrx_word' id='word_1_69' title='bbox 803 1025 939 1086; x_wconf 82' lang='lat' dir='ltr'>jube:</span> <span class='ocrx_word' id='word_1_70' title='bbox 963 1026 1156 1070; x_wconf 74' lang='lat' dir='ltr'>velocius</span> <span class='ocrx_word' id='word_1_71' title='bbox 1186 1027 1259 1071; x_wconf 89' lang='lat' dir='ltr'>ibo</span> <span class='ocrx_word' id='word_1_72' title='bbox 1288 1036 1493 1071; x_wconf 85' lang='lat' dir='ltr'>retentus.</span> 
     </span>
     <span class='ocr_line' id='line_1_15' title="bbox 582 1095 1720 1158; baseline 0 -19"><span class='ocrx_word' id='word_1_73' title='bbox 582 1095 771 1156; x_wconf 71' lang='lat' dir='ltr'>Hedyle,</span> <span class='ocrx_word' id='word_1_74' title='bbox 804 1098 837 1140; x_wconf 88' lang='lat' dir='ltr'>si</span> <span class='ocrx_word' id='word_1_75' title='bbox 862 1113 1099 1158; x_wconf 84' lang='lat' dir='ltr'>properas,</span> <span class='ocrx_word' id='word_1_76' title='bbox 1128 1097 1197 1141; x_wconf 88' lang='lat' dir='ltr'>dic</span> <span class='ocrx_word' id='word_1_77' title='bbox 1226 1098 1357 1154; x_wconf 81' lang='lat' dir='ltr'>mihi,</span> <span class='ocrx_word' id='word_1_78' title='bbox 1387 1114 1442 1141; x_wconf 90' lang='lat' dir='ltr'>ne</span> <span class='ocrx_word' id='word_1_79' title='bbox 1472 1113 1720 1158; x_wconf 85' lang='lat' dir='ltr'>properem.</span> 
     </span>
    </p>
   </div>
   <div class='ocr_carea' id='block_1_9' title="bbox 442 1229 1130 2238">
    <p class='ocr_par' dir='ltr' id='par_1_9' title="bbox 442 1229 1123 1595">
     <span class='ocr_line' id='line_1_16' title="bbox 494 1229 1119 1268; baseline 0.002 -1"><span class='ocrx_word' id='word_1_80' title='bbox 494 1229 725 1267; x_wconf 74' lang='lat' dir='ltr'>*Inscrihitur</span> <span class='ocrx_word' id='word_1_81' title='bbox 736 1235 772 1267; x_wconf 92' lang='lat' dir='ltr'>in</span> <span class='ocrx_word' id='word_1_82' title='bbox 785 1236 910 1268; x_wconf 87' lang='lat' dir='ltr'>Venet.</span> <span class='ocrx_word' id='word_1_83' title='bbox 924 1234 1004 1268; x_wconf 86' lang='lat' dir='ltr'>Ald.</span> <span class='ocrx_word' id='word_1_84' title='bbox 1020 1236 1119 1268; x_wconf 86' lang='lat' dir='ltr'>Junt.</span> 
     </span>
     <span class='ocr_line' id='line_1_17' title="bbox 442 1287 1123 1333; baseline 0 -11"><span class='ocrx_word' id='word_1_85' title='bbox 442 1287 581 1333; x_wconf 70' lang='lat' dir='ltr'>Gryph.</span> <span class='ocrx_word' id='word_1_86' title='bbox 609 1288 724 1322; x_wconf 87' lang='lat' dir='ltr'>Colin.</span> <span class='ocrx_word' id='word_1_87' title='bbox 756 1289 943 1322; x_wconf 84' lang='lat' dir='ltr'>Pulmann.</span> <span class='ocrx_word' id='word_1_88' title='bbox 979 1289 1123 1322; x_wconf 81' lang='lat' dir='ltr'>Junian.</span> 
     </span>
     <span class='ocr_line' id='line_1_18' title="bbox 444 1341 1122 1386; baseline 0 -12"><span class='ocrx_word' id='word_1_89' title='bbox 444 1342 576 1386; x_wconf 78' lang='lat' dir='ltr'>Delph.</span> <span class='ocrx_word' id='word_1_90' title='bbox 591 1341 684 1382; x_wconf 83' lang='lat' dir='ltr'>aliis,</span> <span class='ocrx_word' id='word_1_91' title='bbox 703 1342 763 1375; x_wconf 83' lang='lat' dir='ltr'>Ad</span> <span class='ocrx_word' id='word_1_92' title='bbox 779 1341 950 1382; x_wconf 82' lang='lat' dir='ltr'>AEdilum3</span> <span class='ocrx_word' id='word_1_93' title='bbox 971 1342 1044 1374; x_wconf 81' lang='lat' dir='ltr'>aliae</span> <span class='ocrx_word' id='word_1_94' title='bbox 1060 1342 1122 1374; x_wconf 87' lang='lat' dir='ltr'>ha·</span> 
     </span>
     <span class='ocr_line' id='line_1_19' title="bbox 443 1389 1120 1442; baseline 0 -15"><span class='ocrx_word' id='word_1_95' title='bbox 443 1395 529 1428; x_wconf 86' lang='lat' dir='ltr'>bent</span> <span class='ocrx_word' id='word_1_96' title='bbox 554 1395 614 1428; x_wconf 80' lang='lat' dir='ltr'>Ad</span> <span class='ocrx_word' id='word_1_97' title='bbox 639 1395 789 1428; x_wconf 64' lang='lat' dir='ltr'>AEclz&#39;lam</span> <span class='ocrx_word' id='word_1_98' title='bbox 812 1389 894 1438; x_wconf 80' lang='lat' dir='ltr'>(vel</span> <span class='ocrx_word' id='word_1_99' title='bbox 915 1393 1120 1442; x_wconf 53' lang='lat' dir='ltr'>Hedfflam),</span> 
     </span>
     <span class='ocr_line' id='line_1_20' title="bbox 447 1446 1122 1493; baseline 0.001 -13"><span class='ocrx_word' id='word_1_100' title='bbox 447 1446 545 1493; x_wconf 86' lang='lat' dir='ltr'>quod</span> <span class='ocrx_word' id='word_1_101' title='bbox 565 1460 688 1481; x_wconf 78' lang='lat' dir='ltr'>verum</span> <span class='ocrx_word' id='word_1_102' title='bbox 714 1460 786 1481; x_wconf 89' lang='lat' dir='ltr'>esse</span> <span class='ocrx_word' id='word_1_103' title='bbox 806 1447 990 1482; x_wconf 86' lang='lat' dir='ltr'>contendit</span> <span class='ocrx_word' id='word_1_104' title='bbox 1014 1449 1122 1481; x_wconf 73' lang='lat' dir='ltr'>Rami-</span> 
     </span>
     <span class='ocr_line' id='line_1_21' title="bbox 446 1500 1123 1541; baseline 0.001 -8"><span class='ocrx_word' id='word_1_105' title='bbox 446 1514 493 1533; x_wconf 77' lang='lat' dir='ltr'>res</span> <span class='ocrx_word' id='word_1_106' title='bbox 536 1500 573 1533; x_wconf 75' lang='lat' dir='ltr'>de</span> <span class='ocrx_word' id='word_1_107' title='bbox 612 1501 722 1533; x_wconf 71' lang='lat' dir='ltr'>Prculo</span> <span class='ocrx_word' id='word_1_108' title='bbox 738 1527 746 1541; x_wconf 95' lang='lat'><strong><em>,</em></strong></span> <span class='ocrx_word' id='word_1_109' title='bbox 777 1510 901 1535; x_wconf 86' lang='lat' dir='ltr'>contra</span> <span class='ocrx_word' id='word_1_110' title='bbox 931 1501 1123 1534; x_wconf 85' lang='lat' dir='ltr'>nitentibus</span> 
     </span>
     <span class='ocr_line' id='line_1_22' title="bbox 446 1554 1055 1595; baseline 0.002 -9"><span class='ocrx_word' id='word_1_111' title='bbox 446 1554 600 1587; x_wconf 88' lang='lat' dir='ltr'>Grutero</span> <span class='ocrx_word' id='word_1_112' title='bbox 614 1580 621 1592; x_wconf 85' lang='lat'><strong><em>‚</em></strong></span> <span class='ocrx_word' id='word_1_113' title='bbox 646 1554 851 1595; x_wconf 84' lang='lat' dir='ltr'>Gronovio‚</span> <span class='ocrx_word' id='word_1_114' title='bbox 871 1555 1055 1588; x_wconf 87' lang='lat' dir='ltr'>Scriverio.</span> 
     </span>
    </p>

    <p class='ocr_par' dir='ltr' id='par_1_10' title="bbox 447 1607 1130 2238">
     <span class='ocr_line' id='line_1_23' title="bbox 505 1607 1124 1653; baseline 0.002 -14"><span class='ocrx_word' id='word_1_115' title='bbox 505 1620 535 1640; x_wconf 89' lang='grc' dir='ltr'>Ι.</span> <span class='ocrx_word' id='word_1_116' title='bbox 560 1607 706 1653; x_wconf 60' lang='lat' dir='ltr'>Iledyle,</span> <span class='ocrx_word' id='word_1_117' title='bbox 730 1608 786 1640; x_wconf 88' lang='lat' dir='ltr'>vel</span> <span class='ocrx_word' id='word_1_118' title='bbox 805 1608 939 1643; x_wconf 82' lang='lat' dir='ltr'>AEdile‚</span> <span class='ocrx_word' id='word_1_119' title='bbox 965 1608 1041 1640; x_wconf 77' lang='lat' dir='ltr'>vult</span> <span class='ocrx_word' id='word_1_120' title='bbox 1058 1607 1124 1640; x_wconf 85' lang='lat' dir='ltr'>Pe-</span> 
     </span>
     <span class='ocr_line' id='line_1_24' title="bbox 447 1660 1123 1707; baseline -0.001 -14"><span class='ocrx_word' id='word_1_121' title='bbox 447 1669 524 1693; x_wconf 86' lang='lat' dir='ltr'>trus</span> <span class='ocrx_word' id='word_1_122' title='bbox 539 1660 732 1694; x_wconf 86' lang='lat' dir='ltr'>Scriverius</span> <span class='ocrx_word' id='word_1_123' title='bbox 744 1685 754 1701; x_wconf 91' lang='lat'>‚</span> <span class='ocrx_word' id='word_1_124' title='bbox 773 1661 830 1694; x_wconf 87' lang='lat' dir='ltr'>hic</span> <span class='ocrx_word' id='word_1_125' title='bbox 846 1670 880 1695; x_wconf 89' lang='lat' dir='ltr'>et</span> <span class='ocrx_word' id='word_1_126' title='bbox 895 1674 927 1694; x_wconf 85' lang='lat' dir='ltr'>v.</span> <span class='ocrx_word' id='word_1_127' title='bbox 946 1666 979 1701; x_wconf 74' lang='grc'>4.</span> <span class='ocrx_word' id='word_1_128' title='bbox 995 1661 1123 1707; x_wconf 54' lang='lat' dir='ltr'>slah-la</span> 
     </span>
     <span class='ocr_line' id='line_1_25' title="bbox 448 1713 1121 1759; baseline 0 -14"><span class='ocrx_word' id='word_1_129' title='bbox 448 1713 653 1747; x_wconf 88' lang='lat' dir='ltr'>Farnabius.</span> <span class='ocrx_word' id='word_1_130' title='bbox 673 1736 713 1741; x_wconf 90' lang='lat'>—-</span> <span class='ocrx_word' id='word_1_131' title='bbox 733 1714 837 1758; x_wconf 75' lang='lat' dir='ltr'>Quum</span> <span class='ocrx_word' id='word_1_132' title='bbox 866 1715 944 1746; x_wconf 77' lang='lat' dir='ltr'>dicis</span> <span class='ocrx_word' id='word_1_133' title='bbox 970 1727 1121 1759; x_wconf 78' lang='lat' dir='ltr'>propero,</span> 
     </span>
     <span class='ocr_line' id='line_1_26' title="bbox 449 1766 1125 1813; baseline 0.003 -14"><span class='ocrx_word' id='word_1_134' title='bbox 449 1778 506 1799; x_wconf 76' lang='lat' dir='ltr'>ecc.</span> <span class='ocrx_word' id='word_1_135' title='bbox 530 1766 687 1800; x_wconf 84' lang='lat' dir='ltr'>Omnino</span> <span class='ocrx_word' id='word_1_136' title='bbox 706 1776 824 1800; x_wconf 89' lang='lat' dir='ltr'>autem</span> <span class='ocrx_word' id='word_1_137' title='bbox 842 1768 969 1812; x_wconf 69' lang='lat' dir='ltr'>Hedyle</span> <span class='ocrx_word' id='word_1_138' title='bbox 981 1795 990 1807; x_wconf 89' lang='lat'><em>,</em></span> <span class='ocrx_word' id='word_1_139' title='bbox 1013 1767 1125 1813; x_wconf 56' lang='lat' dir='ltr'>Hedr‘</span> 
     </span>
     <span class='ocr_line' id='line_1_27' title="bbox 449 1820 1125 1866; baseline 0.003 -15"><span class='ocrx_word' id='word_1_140' title='bbox 449 1820 510 1851; x_wconf 79' lang='lat' dir='ltr'>lam</span> <span class='ocrx_word' id='word_1_141' title='bbox 538 1820 696 1854; x_wconf 80' lang='lat' dir='ltr'>fecerunt</span> <span class='ocrx_word' id='word_1_142' title='bbox 720 1820 814 1853; x_wconf 80' lang='lat' dir='ltr'>haud</span> <span class='ocrx_word' id='word_1_143' title='bbox 836 1820 944 1853; x_wconf 88' lang='lat' dir='ltr'>dubie</span> <span class='ocrx_word' id='word_1_144' title='bbox 957 1846 965 1861; x_wconf 85' lang='lat'>‚</span> <span class='ocrx_word' id='word_1_145' title='bbox 985 1820 1046 1866; x_wconf 89' lang='lat' dir='ltr'>qui</span> <span class='ocrx_word' id='word_1_146' title='bbox 1064 1820 1125 1853; x_wconf 85' lang='lat' dir='ltr'>fla-</span> 
     </span>
     <span class='ocr_line' id='line_1_28' title="bbox 449 1873 1126 1918; baseline 0.001 -13"><span class='ocrx_word' id='word_1_147' title='bbox 449 1873 574 1918; x_wconf 86' lang='lat' dir='ltr'>gitium</span> <span class='ocrx_word' id='word_1_148' title='bbox 594 1874 803 1907; x_wconf 84' lang='lat' dir='ltr'>imminuere</span> <span class='ocrx_word' id='word_1_149' title='bbox 825 1874 1025 1907; x_wconf 84' lang='lat' dir='ltr'>voluerunt.</span> <span class='ocrx_word' id='word_1_150' title='bbox 1050 1873 1105 1906; x_wconf 92' lang='lat' dir='ltr'>Sic</span> <span class='ocrx_word' id='word_1_151' title='bbox 1118 1899 1126 1913; x_wconf 88' lang='lat'><strong><em>,</em></strong></span> 
     </span>
     <span class='ocr_line' id='line_1_29' title="bbox 450 1925 1127 1971; baseline 0.001 -13"><span class='ocrx_word' id='word_1_152' title='bbox 450 1925 548 1971; x_wconf 87' lang='lat' dir='ltr'>quod</span> <span class='ocrx_word' id='word_1_153' title='bbox 567 1927 602 1959; x_wconf 89' lang='grc'>111</span> <span class='ocrx_word' id='word_1_154' title='bbox 622 1940 740 1960; x_wconf 81' lang='lat' dir='ltr'>aurem</span> <span class='ocrx_word' id='word_1_155' title='bbox 760 1927 826 1960; x_wconf 88' lang='lat' dir='ltr'>tibi</span> <span class='ocrx_word' id='word_1_156' title='bbox 851 1926 985 1960; x_wconf 86' lang='lat' dir='ltr'>dictum</span> <span class='ocrx_word' id='word_1_157' title='bbox 1007 1927 1069 1968; x_wconf 84' lang='lat' dir='ltr'>sit,</span> <span class='ocrx_word' id='word_1_158' title='bbox 1090 1927 1127 1959; x_wconf 90' lang='lat' dir='ltr'>in</span> 
     </span>
     <span class='ocr_line' id='line_1_30' title="bbox 449 1978 1128 2025; baseline -0.001 -13"><span class='ocrx_word' id='word_1_159' title='bbox 449 1978 527 2012; x_wconf 83' lang='lat' dir='ltr'>cod.</span> <span class='ocrx_word' id='word_1_160' title='bbox 552 1980 689 2012; x_wconf 87' lang='lat' dir='ltr'>Thuan.</span> <span class='ocrx_word' id='word_1_161' title='bbox 718 1980 934 2025; x_wconf 88' lang='lat' dir='ltr'>ubicumque</span> <span class='ocrx_word' id='word_1_162' title='bbox 958 1979 1128 2013; x_wconf 72' lang='lat' dir='ltr'>Martialis</span> 
     </span>
     <span class='ocr_line' id='line_1_31' title="bbox 450 2032 1128 2079; baseline 0 -14"><span class='ocrx_word' id='word_1_163' title='bbox 450 2032 635 2077; x_wconf 84' lang='lat' dir='ltr'>scripserat</span> <span class='ocrx_word' id='word_1_164' title='bbox 647 2046 765 2066; x_wconf 74' lang='lat' dir='ltr'>carmus</span> <span class='ocrx_word' id='word_1_165' title='bbox 775 2060 783 2073; x_wconf 91' lang='lat'><em>,</em></span> <span class='ocrx_word' id='word_1_166' title='bbox 802 2032 952 2079; x_wconf 90' lang='lat' dir='ltr'>pudicus</span> <span class='ocrx_word' id='word_1_167' title='bbox 964 2033 1128 2066; x_wconf 85' lang='lat' dir='ltr'>librarius</span> 
     </span>
     <span class='ocr_line' id='line_1_32' title="bbox 450 2085 1128 2131; baseline -0.001 -13"><span class='ocrx_word' id='word_1_168' title='bbox 450 2085 578 2118; x_wconf 83' lang='lat' dir='ltr'>fecerat</span> <span class='ocrx_word' id='word_1_169' title='bbox 599 2095 778 2119; x_wconf 71' lang='lat' dir='ltr'>monestrum.</span> <span class='ocrx_word' id='word_1_170' title='bbox 802 2087 875 2119; x_wconf 88' lang='lat' dir='ltr'>Nec</span> <span class='ocrx_word' id='word_1_171' title='bbox 898 2086 1128 2131; x_wconf 78' lang='lat' dir='ltr'>explicatione</span> 
     </span>
     <span class='ocr_line' id='line_1_33' title="bbox 451 2138 1127 2183; baseline 0 -12"><span class='ocrx_word' id='word_1_172' title='bbox 451 2151 558 2183; x_wconf 78' lang='lat' dir='ltr'>opus3</span> <span class='ocrx_word' id='word_1_173' title='bbox 580 2139 648 2172; x_wconf 89' lang='lat' dir='ltr'>hoc</span> <span class='ocrx_word' id='word_1_174' title='bbox 663 2139 756 2172; x_wconf 87' lang='lat' dir='ltr'>enim</span> <span class='ocrx_word' id='word_1_175' title='bbox 777 2147 914 2172; x_wconf 85' lang='lat' dir='ltr'>tantum</span> <span class='ocrx_word' id='word_1_176' title='bbox 935 2138 1041 2179; x_wconf 84' lang='lat' dir='ltr'>dicit,</span> <span class='ocrx_word' id='word_1_177' title='bbox 1064 2138 1127 2171; x_wconf 86' lang='lat' dir='ltr'>ista</span> 
     </span>
     <span class='ocr_line' id='line_1_34' title="bbox 452 2191 1130 2238; baseline 0.001 -15"><span class='ocrx_word' id='word_1_178' title='bbox 452 2204 524 2224; x_wconf 88' lang='lat' dir='ltr'>non</span> <span class='ocrx_word' id='word_1_179' title='bbox 545 2192 729 2238; x_wconf 86' lang='lat' dir='ltr'>imperari,</span> <span class='ocrx_word' id='word_1_180' title='bbox 747 2205 811 2225; x_wconf 89' lang='lat' dir='ltr'>nec</span> <span class='ocrx_word' id='word_1_181' title='bbox 824 2192 945 2225; x_wconf 86' lang='lat' dir='ltr'>venire</span> <span class='ocrx_word' id='word_1_182' title='bbox 964 2191 1008 2224; x_wconf 81' lang='lat' dir='ltr'>ad</span> <span class='ocrx_word' id='word_1_183' title='bbox 1024 2192 1130 2224; x_wconf 88' lang='lat' dir='ltr'>inter-</span> 
     </span>
    </p>
   </div>
   <div class='ocr_carea' id='block_1_10' title="bbox 452 2242 1143 2285">
    <p class='ocr_par' dir='ltr' id='par_1_11' title="bbox 452 2242 1143 2285">
     <span class='ocr_line' id='line_1_35' title="bbox 452 2242 1143 2285; baseline 0 -9"><span class='ocrx_word' id='word_1_184' title='bbox 452 2243 598 2278; x_wconf 81' lang='lat' dir='ltr'>dictum.</span> <span class='ocrx_word' id='word_1_185' title='bbox 619 2245 693 2277; x_wconf 81' lang='lat' dir='ltr'>Mei</span> <span class='ocrx_word' id='word_1_186' title='bbox 717 2245 745 2277; x_wconf 87' lang='lat' dir='ltr'>si</span> <span class='ocrx_word' id='word_1_187' title='bbox 771 2245 908 2278; x_wconf 88' lang='lat' dir='ltr'>arbitrii</span> <span class='ocrx_word' id='word_1_188' title='bbox 933 2257 987 2277; x_wconf 82' lang='lat' dir='ltr'>res</span> <span class='ocrx_word' id='word_1_189' title='bbox 1008 2245 1072 2285; x_wconf 87' lang='lat' dir='ltr'>sit,</span> <span class='ocrx_word' id='word_1_190' title='bbox 1092 2242 1143 2276; x_wconf 75' lang='lat' dir='ltr'>in‘</span> 
     </span>
    </p>
   </div>
   <div class='ocr_carea' id='block_1_11' title="bbox 452 2297 1131 2714">
    <p class='ocr_par' dir='ltr' id='par_1_12' title="bbox 452 2297 1131 2714">
     <span class='ocr_line' id='line_1_36' title="bbox 454 2297 1128 2343; baseline 0.001 -14"><span class='ocrx_word' id='word_1_191' title='bbox 454 2297 581 2330; x_wconf 84' lang='lat' dir='ltr'>talibus</span> <span class='ocrx_word' id='word_1_192' title='bbox 602 2298 859 2343; x_wconf 81' lang='lat' dir='ltr'>epigrammatis</span> <span class='ocrx_word' id='word_1_193' title='bbox 872 2325 881 2340; x_wconf 82' lang='lat'><strong>‚</strong></span> <span class='ocrx_word' id='word_1_194' title='bbox 903 2310 1055 2343; x_wconf 88' lang='lat' dir='ltr'>quorum</span> <span class='ocrx_word' id='word_1_195' title='bbox 1074 2310 1128 2330; x_wconf 85' lang='lat' dir='ltr'>res</span> 
     </span>
     <span class='ocr_line' id='line_1_37' title="bbox 452 2350 1129 2397; baseline 0 -15"><span class='ocrx_word' id='word_1_196' title='bbox 452 2350 507 2382; x_wconf 82' lang='lat' dir='ltr'>vel</span> <span class='ocrx_word' id='word_1_197' title='bbox 527 2351 671 2383; x_wconf 86' lang='lat' dir='ltr'>materia</span> <span class='ocrx_word' id='word_1_198' title='bbox 690 2364 761 2384; x_wconf 91' lang='lat' dir='ltr'>non</span> <span class='ocrx_word' id='word_1_199' title='bbox 785 2360 899 2397; x_wconf 88' lang='lat' dir='ltr'>potest</span> <span class='ocrx_word' id='word_1_200' title='bbox 924 2351 1014 2395; x_wconf 83' lang='lat' dir='ltr'>tangi</span> <span class='ocrx_word' id='word_1_201' title='bbox 1029 2376 1038 2391; x_wconf 72' lang='grc'><em>,</em></span> <span class='ocrx_word' id='word_1_202' title='bbox 1062 2350 1129 2383; x_wconf 89' lang='lat' dir='ltr'>nisi</span> 
     </span>
     <span class='ocr_line' id='line_1_38' title="bbox 452 2402 1130 2449; baseline 0 -14"><span class='ocrx_word' id='word_1_203' title='bbox 452 2402 605 2436; x_wconf 84' lang='lat' dir='ltr'>violetur</span> <span class='ocrx_word' id='word_1_204' title='bbox 621 2403 757 2449; x_wconf 87' lang='lat' dir='ltr'>pudor,</span> <span class='ocrx_word' id='word_1_205' title='bbox 779 2412 914 2438; x_wconf 82' lang='lat' dir='ltr'>tantum</span> <span class='ocrx_word' id='word_1_206' title='bbox 936 2403 1050 2437; x_wconf 88' lang='lat' dir='ltr'>notari</span> <span class='ocrx_word' id='word_1_207' title='bbox 1069 2416 1130 2435; x_wconf 66' lang='lat' dir='ltr'>ve-</span> 
     </span>
     <span class='ocr_line' id='line_1_39' title="bbox 452 2455 1130 2501; baseline 0.001 -14"><span class='ocrx_word' id='word_1_208' title='bbox 452 2455 514 2488; x_wconf 87' lang='lat' dir='ltr'>lim</span> <span class='ocrx_word' id='word_1_209' title='bbox 539 2468 616 2501; x_wconf 84' lang='lat' dir='ltr'>quae</span> <span class='ocrx_word' id='word_1_210' title='bbox 644 2456 687 2489; x_wconf 89' lang='lat' dir='ltr'>ad</span> <span class='ocrx_word' id='word_1_211' title='bbox 715 2457 923 2490; x_wconf 85' lang='lat' dir='ltr'>latinitatem</span> <span class='ocrx_word' id='word_1_212' title='bbox 951 2466 985 2490; x_wconf 78' lang='lat' dir='ltr'>et</span> <span class='ocrx_word' id='word_1_213' title='bbox 1012 2456 1130 2489; x_wconf 87' lang='lat' dir='ltr'>erudi-</span> 
     </span>
     <span class='ocr_line' id='line_1_40' title="bbox 454 2508 1131 2553; baseline 0 -11"><span class='ocrx_word' id='word_1_214' title='bbox 454 2508 587 2542; x_wconf 83' lang='lat' dir='ltr'>tionem</span> <span class='ocrx_word' id='word_1_215' title='bbox 616 2510 805 2553; x_wconf 84' lang='lat' dir='ltr'>pertinent.</span> <span class='ocrx_word' id='word_1_216' title='bbox 836 2510 956 2543; x_wconf 87' lang='lat' dir='ltr'>Veluti</span> <span class='ocrx_word' id='word_1_217' title='bbox 981 2510 1050 2543; x_wconf 89' lang='lat' dir='ltr'>hic.</span> <span class='ocrx_word' id='word_1_218' title='bbox 1079 2529 1131 2535; x_wconf 93' lang='lat'>—</span> 
     </span>
     <span class='ocr_line' id='line_1_41' title="bbox 455 2562 1131 2609; baseline 0.003 -16"><span class='ocrx_word' id='word_1_219' title='bbox 455 2562 525 2594; x_wconf 81' lang='lat' dir='ltr'>Fac</span> <span class='ocrx_word' id='word_1_220' title='bbox 553 2565 581 2594; x_wconf 79' lang='lat' dir='ltr'>si</span> <span class='ocrx_word' id='word_1_221' title='bbox 597 2563 694 2605; x_wconf 86' lang='lat' dir='ltr'>facis.</span> <span class='ocrx_word' id='word_1_222' title='bbox 720 2563 884 2596; x_wconf 83' lang='lat' dir='ltr'>Formula</span> <span class='ocrx_word' id='word_1_223' title='bbox 911 2564 1067 2609; x_wconf 87' lang='lat' dir='ltr'>elegans,</span> <span class='ocrx_word' id='word_1_224' title='bbox 1097 2571 1131 2596; x_wconf 88' lang='lat' dir='ltr'>et</span> 
     </span>
     <span class='ocr_line' id='line_1_42' title="bbox 454 2615 1131 2660; baseline 0.003 -14"><span class='ocrx_word' id='word_1_225' title='bbox 454 2627 522 2647; x_wconf 79' lang='lat' dir='ltr'>vox</span> <span class='ocrx_word' id='word_1_226' title='bbox 542 2615 765 2660; x_wconf 75' lang='lat' dir='ltr'>impatientiae</span> <span class='ocrx_word' id='word_1_227' title='bbox 785 2615 948 2650; x_wconf 81' lang='lat' dir='ltr'>adversus</span> <span class='ocrx_word' id='word_1_228' title='bbox 967 2617 1079 2650; x_wconf 88' lang='lat' dir='ltr'>lentos</span> <span class='ocrx_word' id='word_1_229' title='bbox 1096 2616 1131 2648; x_wconf 96' lang='grc'>111</span> 
     </span>
     <span class='ocr_line' id='line_1_43' title="bbox 456 2668 1131 2714; baseline 0.001 -14"><span class='ocrx_word' id='word_1_230' title='bbox 456 2680 562 2712; x_wconf 83' lang='lat' dir='ltr'>opere</span> <span class='ocrx_word' id='word_1_231' title='bbox 587 2680 821 2714; x_wconf 88' lang='lat' dir='ltr'>quocumque.</span> <span class='ocrx_word' id='word_1_232' title='bbox 846 2669 973 2702; x_wconf 78' lang='lat' dir='ltr'>Seneca</span> <span class='ocrx_word' id='word_1_233' title='bbox 1002 2668 1046 2701; x_wconf 84' lang='lat' dir='ltr'>de</span> <span class='ocrx_word' id='word_1_234' title='bbox 1072 2669 1131 2701; x_wconf 77' lang='lat' dir='ltr'>be-</span> 
     </span>
    </p>
   </div>
   <div class='ocr_carea' id='block_1_12' title="bbox 1181 1235 1866 2711">
    <p class='ocr_par' dir='ltr' id='par_1_13' title="bbox 1181 1235 1866 2711">
     <span class='ocr_line' id='line_1_44' title="bbox 1182 1235 1858 1281; baseline 0 -12"><span class='ocrx_word' id='word_1_235' title='bbox 1182 1235 1335 1277; x_wconf 77' lang='lat' dir='ltr'>neficiis,</span> <span class='ocrx_word' id='word_1_236' title='bbox 1350 1236 1413 1269; x_wconf 90' lang='lat' dir='ltr'>lib.</span> <span class='ocrx_word' id='word_1_237' title='bbox 1427 1237 1482 1276; x_wconf 88' lang='lat' dir='ltr'>II,</span> <span class='ocrx_word' id='word_1_238' title='bbox 1501 1249 1574 1281; x_wconf 85' lang='lat' dir='ltr'>cap.</span> <span class='ocrx_word' id='word_1_239' title='bbox 1596 1235 1614 1269; x_wconf 85' lang='lat'>5</span> <span class='ocrx_word' id='word_1_240' title='bbox 1629 1248 1636 1269; x_wconf 77' lang='grc' dir='ltr'>ε</span> <span class='ocrx_word' id='word_1_241' title='bbox 1659 1253 1672 1265; x_wconf 75' lang='grc' dir='ltr'><em>κ</em></span> <span class='ocrx_word' id='word_1_242' title='bbox 1689 1235 1777 1269; x_wconf 91' lang='lat' dir='ltr'>Inde</span> <span class='ocrx_word' id='word_1_243' title='bbox 1791 1236 1858 1269; x_wconf 80' lang='lat' dir='ltr'>illae</span> 
     </span>
     <span class='ocr_line' id='line_1_45' title="bbox 1182 1288 1858 1335; baseline -0.001 -13"><span class='ocrx_word' id='word_1_244' title='bbox 1182 1302 1284 1323; x_wconf 83' lang='lat' dir='ltr'>voces</span> <span class='ocrx_word' id='word_1_245' title='bbox 1310 1302 1397 1335; x_wconf 84' lang='lat' dir='ltr'>quas</span> <span class='ocrx_word' id='word_1_246' title='bbox 1423 1289 1595 1334; x_wconf 84' lang='lat' dir='ltr'>ingenuus</span> <span class='ocrx_word' id='word_1_247' title='bbox 1620 1288 1722 1322; x_wconf 86' lang='lat' dir='ltr'>dolor</span> <span class='ocrx_word' id='word_1_248' title='bbox 1744 1290 1858 1334; x_wconf 82' lang='lat' dir='ltr'>expri-</span> 
     </span>
     <span class='ocr_line' id='line_1_46' title="bbox 1181 1341 1857 1388; baseline -0.001 -13"><span class='ocrx_word' id='word_1_249' title='bbox 1181 1343 1245 1375; x_wconf 85' lang='lat' dir='ltr'>mit</span> <span class='ocrx_word' id='word_1_250' title='bbox 1264 1355 1272 1375; x_wconf 92' lang='lat'>:</span> <span class='ocrx_word' id='word_1_251' title='bbox 1301 1343 1369 1376; x_wconf 82' lang='lat' dir='ltr'>Fac</span> <span class='ocrx_word' id='word_1_252' title='bbox 1394 1342 1421 1375; x_wconf 88' lang='lat' dir='ltr'>si</span> <span class='ocrx_word' id='word_1_253' title='bbox 1443 1341 1529 1388; x_wconf 84' lang='lat' dir='ltr'>quicl</span> <span class='ocrx_word' id='word_1_254' title='bbox 1552 1341 1656 1384; x_wconf 79' lang='lat' dir='ltr'>facis3</span> <span class='ocrx_word' id='word_1_255' title='bbox 1685 1350 1738 1383; x_wconf 87' lang='lat' dir='ltr'>et,</span> <span class='ocrx_word' id='word_1_256' title='bbox 1760 1342 1857 1375; x_wconf 81' lang='lat' dir='ltr'>Nihil</span> 
     </span>
     <span class='ocr_line' id='line_1_47' title="bbox 1182 1394 1857 1440; baseline -0.003 -11"><span class='ocrx_word' id='word_1_257' title='bbox 1182 1404 1233 1429; x_wconf 89' lang='lat' dir='ltr'>est</span> <span class='ocrx_word' id='word_1_258' title='bbox 1260 1396 1367 1437; x_wconf 82' lang='lat' dir='ltr'>tanti3</span> <span class='ocrx_word' id='word_1_259' title='bbox 1394 1396 1487 1428; x_wconf 89' lang='lat' dir='ltr'>Male</span> <span class='ocrx_word' id='word_1_260' title='bbox 1514 1394 1601 1427; x_wconf 87' lang='lat' dir='ltr'>mihi</span> <span class='ocrx_word' id='word_1_261' title='bbox 1630 1396 1700 1440; x_wconf 83' lang='lat' dir='ltr'>jam</span> <span class='ocrx_word' id='word_1_262' title='bbox 1730 1407 1857 1440; x_wconf 88' lang='lat' dir='ltr'>neges;</span> 
     </span>
     <span class='ocr_line' id='line_1_48' title="bbox 1182 1447 1858 1482; baseline -0.003 0"><span class='ocrx_word' id='word_1_263' title='bbox 1182 1449 1242 1482; x_wconf 88' lang='lat' dir='ltr'>ubi</span> <span class='ocrx_word' id='word_1_264' title='bbox 1276 1449 1312 1481; x_wconf 91' lang='lat' dir='ltr'>in</span> <span class='ocrx_word' id='word_1_265' title='bbox 1345 1447 1488 1482; x_wconf 88' lang='lat' dir='ltr'>taedium</span> <span class='ocrx_word' id='word_1_266' title='bbox 1519 1447 1690 1481; x_wconf 86' lang='lat' dir='ltr'>adductus</span> <span class='ocrx_word' id='word_1_267' title='bbox 1723 1448 1858 1481; x_wconf 87' lang='lat' dir='ltr'>animus</span> 
     </span>
     <span class='ocr_line' id='line_1_49' title="bbox 1181 1500 1861 1547; baseline 0 -13"><span class='ocrx_word' id='word_1_268' title='bbox 1181 1500 1308 1547; x_wconf 85' lang='lat' dir='ltr'>incipit</span> <span class='ocrx_word' id='word_1_269' title='bbox 1321 1501 1535 1535; x_wconf 87' lang='lat' dir='ltr'>beneficium</span> <span class='ocrx_word' id='word_1_270' title='bbox 1552 1500 1665 1535; x_wconf 88' lang='lat' dir='ltr'>odisse</span> <span class='ocrx_word' id='word_1_271' title='bbox 1677 1527 1686 1543; x_wconf 89' lang='lat'>‚</span> <span class='ocrx_word' id='word_1_272' title='bbox 1702 1500 1788 1534; x_wconf 89' lang='lat' dir='ltr'>dum</span> <span class='ocrx_word' id='word_1_273' title='bbox 1804 1513 1861 1534; x_wconf 85' lang='lat' dir='ltr'>ex-</span> 
     </span>
     <span class='ocr_line' id='line_1_50' title="bbox 1182 1554 1859 1600; baseline -0.003 -12"><span class='ocrx_word' id='word_1_274' title='bbox 1182 1563 1325 1600; x_wconf 87' lang='lat' dir='ltr'>spectat.</span> <span class='ocrx_word' id='word_1_275' title='bbox 1349 1572 1362 1584; x_wconf 79' lang='grc'><em>»</em></span> <span class='ocrx_word' id='word_1_276' title='bbox 1394 1554 1532 1589; x_wconf 77' lang='lat' dir='ltr'>Gronov.</span> <span class='ocrx_word' id='word_1_277' title='bbox 1563 1575 1615 1580; x_wconf 89' lang='grc'>--</span> <span class='ocrx_word' id='word_1_278' title='bbox 1634 1554 1770 1600; x_wconf 72' lang='lat' dir='ltr'>Hedyle.</span> <span class='ocrx_word' id='word_1_279' title='bbox 1805 1555 1859 1586; x_wconf 79' lang='lat' dir='ltr'>Ita</span> 
     </span>
     <span class='ocr_line' id='line_1_51' title="bbox 1182 1607 1860 1642; baseline -0.001 -1"><span class='ocrx_word' id='word_1_280' title='bbox 1182 1607 1407 1642; x_wconf 89' lang='lat' dir='ltr'>scribendum</span> <span class='ocrx_word' id='word_1_281' title='bbox 1431 1608 1520 1641; x_wconf 87' lang='lat' dir='ltr'>bene</span> <span class='ocrx_word' id='word_1_282' title='bbox 1542 1607 1739 1641; x_wconf 89' lang='lat' dir='ltr'>docuerunt</span> <span class='ocrx_word' id='word_1_283' title='bbox 1764 1607 1860 1640; x_wconf 87' lang='lat' dir='ltr'>Gru·</span> 
     </span>
     <span class='ocr_line' id='line_1_52' title="bbox 1182 1654 1860 1695; baseline -0.003 -1"><span class='ocrx_word' id='word_1_284' title='bbox 1182 1670 1277 1695; x_wconf 86' lang='lat' dir='ltr'>terus</span> <span class='ocrx_word' id='word_1_285' title='bbox 1295 1670 1329 1695; x_wconf 83' lang='lat' dir='ltr'>et</span> <span class='ocrx_word' id='word_1_286' title='bbox 1351 1661 1554 1695; x_wconf 89' lang='lat' dir='ltr'>Scriverius.</span> <span class='ocrx_word' id='word_1_287' title='bbox 1574 1661 1635 1694; x_wconf 90' lang='lat' dir='ltr'>Est</span> <span class='ocrx_word' id='word_1_288' title='bbox 1655 1660 1751 1694; x_wconf 88' lang='lat' dir='ltr'>enim</span> <span class='ocrx_word' id='word_1_289' title='bbox 1770 1654 1860 1693; x_wconf 65' lang='grc' dir='ltr'>Ἡδύ-</span> 
     </span>
     <span class='ocr_line' id='line_1_53' title="bbox 1182 1714 1862 1760; baseline -0.003 -13"><span class='ocrx_word' id='word_1_290' title='bbox 1182 1719 1233 1753; x_wconf 67' lang='grc' dir='ltr'>λος</span> <span class='ocrx_word' id='word_1_291' title='bbox 1246 1741 1255 1756; x_wconf 84' lang='grc'><em>,</em></span> <span class='ocrx_word' id='word_1_292' title='bbox 1273 1727 1342 1760; x_wconf 88' lang='lat' dir='ltr'>quo</span> <span class='ocrx_word' id='word_1_293' title='bbox 1356 1714 1500 1747; x_wconf 89' lang='lat' dir='ltr'>nomine</span> <span class='ocrx_word' id='word_1_294' title='bbox 1513 1715 1619 1747; x_wconf 79' lang='lat' dir='ltr'>Poeta</span> <span class='ocrx_word' id='word_1_295' title='bbox 1639 1714 1862 1760; x_wconf 80' lang='lat' dir='ltr'>epig-ramma-</span> 
     </span>
     <span class='ocr_line' id='line_1_54' title="bbox 1184 1766 1860 1813; baseline -0.003 -12"><span class='ocrx_word' id='word_1_296' title='bbox 1184 1776 1258 1801; x_wconf 90' lang='lat' dir='ltr'>tum</span> <span class='ocrx_word' id='word_1_297' title='bbox 1277 1768 1429 1813; x_wconf 86' lang='lat' dir='ltr'>scriptor</span> <span class='ocrx_word' id='word_1_298' title='bbox 1443 1768 1496 1801; x_wconf 84' lang='lat' dir='ltr'>bis</span> <span class='ocrx_word' id='word_1_299' title='bbox 1511 1766 1674 1801; x_wconf 84' lang='lat' dir='ltr'>laudatur</span> <span class='ocrx_word' id='word_1_300' title='bbox 1691 1767 1734 1800; x_wconf 88' lang='lat' dir='ltr'>ab</span> <span class='ocrx_word' id='word_1_301' title='bbox 1753 1766 1860 1799; x_wconf 87' lang='lat' dir='ltr'>Athe-</span> 
     </span>
     <span class='ocr_line' id='line_1_55' title="bbox 1185 1819 1861 1866; baseline -0.003 -13"><span class='ocrx_word' id='word_1_302' title='bbox 1185 1833 1272 1854; x_wconf 84' lang='lat' dir='ltr'>naeO.</span> <span class='ocrx_word' id='word_1_303' title='bbox 1290 1820 1396 1866; x_wconf 90' lang='lat' dir='ltr'>Apud</span> <span class='ocrx_word' id='word_1_304' title='bbox 1415 1821 1612 1854; x_wconf 83' lang='lat' dir='ltr'>Martialem</span> <span class='ocrx_word' id='word_1_305' title='bbox 1629 1829 1678 1853; x_wconf 87' lang='lat' dir='ltr'>est</span> <span class='ocrx_word' id='word_1_306' title='bbox 1693 1819 1808 1853; x_wconf 88' lang='lat' dir='ltr'>mollis</span> <span class='ocrx_word' id='word_1_307' title='bbox 1823 1831 1861 1852; x_wconf 86' lang='lat' dir='ltr'>ac</span> 
     </span>
     <span class='ocr_line' id='line_1_56' title="bbox 1185 1871 1862 1919; baseline -0.004 -12"><span class='ocrx_word' id='word_1_308' title='bbox 1185 1874 1316 1919; x_wconf 90' lang='lat' dir='ltr'>pathici</span> <span class='ocrx_word' id='word_1_309' title='bbox 1350 1886 1480 1907; x_wconf 87' lang='lat' dir='ltr'>nomen</span> <span class='ocrx_word' id='word_1_310' title='bbox 1507 1874 1648 1913; x_wconf 68' lang='lat' dir='ltr'>fictum,</span> <span class='ocrx_word' id='word_1_311' title='bbox 1675 1881 1715 1905; x_wconf 91' lang='lat' dir='ltr'>ut</span> <span class='ocrx_word' id='word_1_312' title='bbox 1741 1871 1799 1905; x_wconf 91' lang='lat' dir='ltr'>hic</span> <span class='ocrx_word' id='word_1_313' title='bbox 1828 1880 1862 1905; x_wconf 89' lang='lat' dir='ltr'>et</span> 
     </span>
     <span class='ocr_line' id='line_1_57' title="bbox 1185 1925 1858 1972; baseline -0.004 -13"><span class='ocrx_word' id='word_1_314' title='bbox 1185 1928 1245 1960; x_wconf 89' lang='lat' dir='ltr'>lib.</span> <span class='ocrx_word' id='word_1_315' title='bbox 1257 1928 1308 1959; x_wconf 92' lang='lat' dir='ltr'>IX</span> <span class='ocrx_word' id='word_1_316' title='bbox 1318 1953 1326 1968; x_wconf 85' lang='lat'>‚</span> <span class='ocrx_word' id='word_1_317' title='bbox 1338 1927 1447 1972; x_wconf 89' lang='lat' dir='ltr'>epigr.</span> <span class='ocrx_word' id='word_1_318' title='bbox 1458 1939 1545 1960; x_wconf 65' lang='grc' dir='ltr'>[ΝΠ.</span> <span class='ocrx_word' id='word_1_319' title='bbox 1561 1927 1658 1960; x_wconf 84' lang='lat' dir='ltr'>Idem.</span> <span class='ocrx_word' id='word_1_320' title='bbox 1667 1925 1858 1968; x_wconf 70' lang='lat' dir='ltr'>—Hedyle,</span> 
     </span>
     <span class='ocr_line' id='line_1_58' title="bbox 1186 1977 1859 2025; baseline -0.004 -13"><span class='ocrx_word' id='word_1_321' title='bbox 1186 1980 1315 2024; x_wconf 74' lang='lat' dir='ltr'>languet</span> <span class='ocrx_word' id='word_1_322' title='bbox 1327 1981 1489 2012; x_wconf 70' lang='lat' dir='ltr'>Protinus.</span> <span class='ocrx_word' id='word_1_323' title='bbox 1502 1979 1627 2025; x_wconf 64' lang='lat' dir='ltr'>Hedyle</span> <span class='ocrx_word' id='word_1_324' title='bbox 1637 2006 1646 2018; x_wconf 83' lang='lat'><em>‚</em></span> <span class='ocrx_word' id='word_1_325' title='bbox 1662 1979 1718 2011; x_wconf 71' lang='lat' dir='ltr'>vel</span> <span class='ocrx_word' id='word_1_326' title='bbox 1731 1977 1859 2016; x_wconf 78' lang='lat' dir='ltr'>AEdile,</span> 
     </span>
     <span class='ocr_line' id='line_1_59' title="bbox 1185 2032 1862 2077; baseline -0.003 -12"><span class='ocrx_word' id='word_1_327' title='bbox 1185 2032 1374 2077; x_wconf 86' lang='lat' dir='ltr'>legendum</span> <span class='ocrx_word' id='word_1_328' title='bbox 1402 2033 1479 2066; x_wconf 87' lang='lat' dir='ltr'>vult</span> <span class='ocrx_word' id='word_1_329' title='bbox 1508 2033 1546 2065; x_wconf 90' lang='lat' dir='ltr'>P.</span> <span class='ocrx_word' id='word_1_330' title='bbox 1570 2032 1605 2065; x_wconf 92' lang='lat' dir='ltr'>S.</span> <span class='ocrx_word' id='word_1_331' title='bbox 1634 2044 1704 2064; x_wconf 89' lang='lat' dir='ltr'>non</span> <span class='ocrx_word' id='word_1_332' title='bbox 1730 2043 1802 2064; x_wconf 91' lang='lat' dir='ltr'>esse</span> <span class='ocrx_word' id='word_1_333' title='bbox 1826 2043 1862 2063; x_wconf 90' lang='lat' dir='ltr'>se</span> 
     </span>
     <span class='ocr_line' id='line_1_60' title="bbox 1186 2083 1861 2131; baseline -0.004 -13"><span class='ocrx_word' id='word_1_334' title='bbox 1186 2085 1389 2131; x_wconf 88' lang='lat' dir='ltr'>stupidum,</span> <span class='ocrx_word' id='word_1_335' title='bbox 1412 2085 1473 2130; x_wconf 91' lang='lat' dir='ltr'>qui</span> <span class='ocrx_word' id='word_1_336' title='bbox 1495 2083 1538 2117; x_wconf 81' lang='lat' dir='ltr'>ad</span> <span class='ocrx_word' id='word_1_337' title='bbox 1560 2085 1710 2118; x_wconf 78' lang='lat' dir='ltr'>Veneris</span> <span class='ocrx_word' id='word_1_338' title='bbox 1733 2091 1861 2116; x_wconf 79' lang='lat' dir='ltr'>metam</span> 
     </span>
     <span class='ocr_line' id='line_1_61' title="bbox 1185 2137 1860 2183; baseline -0.003 -12"><span class='ocrx_word' id='word_1_339' title='bbox 1185 2137 1323 2172; x_wconf 86' lang='lat' dir='ltr'>blandis</span> <span class='ocrx_word' id='word_1_340' title='bbox 1355 2138 1471 2171; x_wconf 81' lang='lat' dir='ltr'>verbis</span> <span class='ocrx_word' id='word_1_341' title='bbox 1502 2138 1712 2183; x_wconf 87' lang='lat' dir='ltr'>instigetur;</span> <span class='ocrx_word' id='word_1_342' title='bbox 1739 2149 1860 2170; x_wconf 89' lang='lat' dir='ltr'>verum</span> 
     </span>
     <span class='ocr_line' id='line_1_62' title="bbox 1187 2192 1862 2236; baseline -0.003 -12"><span class='ocrx_word' id='word_1_343' title='bbox 1187 2203 1317 2236; x_wconf 90' lang='lat' dir='ltr'>equum</span> <span class='ocrx_word' id='word_1_344' title='bbox 1331 2192 1411 2224; x_wconf 89' lang='lat' dir='ltr'>satis</span> <span class='ocrx_word' id='word_1_345' title='bbox 1427 2203 1488 2224; x_wconf 83' lang='lat' dir='ltr'>sua</span> <span class='ocrx_word' id='word_1_346' title='bbox 1504 2199 1630 2236; x_wconf 89' lang='lat' dir='ltr'>sponte</span> <span class='ocrx_word' id='word_1_347' title='bbox 1639 2198 1840 2223; x_wconf 85' lang='lat' dir='ltr'>currentem</span> <span class='ocrx_word' id='word_1_348' title='bbox 1853 2215 1862 2229; x_wconf 91' lang='lat'>‚</span> 
     </span>
     <span class='ocr_line' id='line_1_63' title="bbox 1186 2242 1864 2290; baseline -0.004 -13"><span class='ocrx_word' id='word_1_349' title='bbox 1186 2244 1253 2277; x_wconf 88' lang='lat' dir='ltr'>nisi</span> <span class='ocrx_word' id='word_1_350' title='bbox 1263 2243 1508 2290; x_wconf 85' lang='lat' dir='ltr'>intempestive</span> <span class='ocrx_word' id='word_1_351' title='bbox 1515 2242 1864 2289; x_wconf 88' lang='lat' dir='ltr'>interpelletur.Gru-</span> 
     </span>
     <span class='ocr_line' id='line_1_64' title="bbox 1187 2296 1864 2341; baseline -0.006 -10"><span class='ocrx_word' id='word_1_352' title='bbox 1187 2306 1280 2331; x_wconf 87' lang='lat' dir='ltr'>terus</span> <span class='ocrx_word' id='word_1_353' title='bbox 1292 2324 1301 2337; x_wconf 91' lang='lat'><em>,</em></span> <span class='ocrx_word' id='word_1_354' title='bbox 1331 2297 1389 2330; x_wconf 90' lang='lat' dir='ltr'>hic</span> <span class='ocrx_word' id='word_1_355' title='bbox 1419 2296 1714 2341; x_wconf 82' lang='lat' dir='ltr'>metamorphosin</span> <span class='ocrx_word' id='word_1_356' title='bbox 1747 2307 1864 2340; x_wconf 87' lang='lat' dir='ltr'>quam-</span> 
     </span>
     <span class='ocr_line' id='line_1_65' title="bbox 1188 2349 1862 2394; baseline -0.009 -10"><span class='ocrx_word' id='word_1_357' title='bbox 1188 2349 1269 2384; x_wconf 87' lang='lat' dir='ltr'>dam</span> <span class='ocrx_word' id='word_1_358' title='bbox 1305 2363 1340 2383; x_wconf 90' lang='lat' dir='ltr'>se</span> <span class='ocrx_word' id='word_1_359' title='bbox 1377 2351 1545 2394; x_wconf 85' lang='lat' dir='ltr'>gloriatur</span> <span class='ocrx_word' id='word_1_360' title='bbox 1577 2349 1732 2382; x_wconf 86' lang='lat' dir='ltr'>effecisse</span> <span class='ocrx_word' id='word_1_361' title='bbox 1749 2373 1758 2388; x_wconf 88' lang='lat'><strong><em>‚</em></strong></span> <span class='ocrx_word' id='word_1_362' title='bbox 1788 2359 1862 2379; x_wconf 89' lang='lat' dir='ltr'>non</span> 
     </span>
     <span class='ocr_line' id='line_1_66' title="bbox 1189 2401 1864 2439; baseline -0.006 -3"><span class='ocrx_word' id='word_1_363' title='bbox 1189 2403 1348 2436; x_wconf 89' lang='lat' dir='ltr'>consulto</span> <span class='ocrx_word' id='word_1_364' title='bbox 1370 2402 1547 2436; x_wconf 85' lang='lat' dir='ltr'>Mercurio</span> <span class='ocrx_word' id='word_1_365' title='bbox 1569 2410 1627 2435; x_wconf 84' lang='lat' dir='ltr'>aut</span> <span class='ocrx_word' id='word_1_366' title='bbox 1647 2401 1809 2439; x_wconf 87' lang='lat' dir='ltr'>Venere,</span> <span class='ocrx_word' id='word_1_367' title='bbox 1829 2408 1864 2432; x_wconf 90' lang='lat' dir='ltr'>et</span> 
     </span>
     <span class='ocr_line' id='line_1_67' title="bbox 1189 2452 1864 2493; baseline -0.007 -4"><span class='ocrx_word' id='word_1_368' title='bbox 1189 2470 1231 2489; x_wconf 77' lang='lat' dir='ltr'>ex</span> <span class='ocrx_word' id='word_1_369' title='bbox 1247 2456 1386 2489; x_wconf 81' lang='lat' dir='ltr'>foemina</span> <span class='ocrx_word' id='word_1_370' title='bbox 1401 2456 1516 2489; x_wconf 87' lang='lat' dir='ltr'>virum</span> <span class='ocrx_word' id='word_1_371' title='bbox 1535 2454 1730 2488; x_wconf 86' lang='lat' dir='ltr'>exhibuisse</span> <span class='ocrx_word' id='word_1_372' title='bbox 1745 2452 1864 2493; x_wconf 88' lang='lat' dir='ltr'>nobis,</span> 
     </span>
     <span class='ocr_line' id='line_1_68' title="bbox 1189 2505 1866 2551; baseline -0.009 -8"><span class='ocrx_word' id='word_1_373' title='bbox 1189 2508 1250 2543; x_wconf 80' lang='lat' dir='ltr'>sed</span> <span class='ocrx_word' id='word_1_374' title='bbox 1269 2508 1463 2551; x_wconf 85' lang='lat' dir='ltr'>cinaedum;</span> <span class='ocrx_word' id='word_1_375' title='bbox 1484 2520 1565 2541; x_wconf 89' lang='lat' dir='ltr'>nam</span> <span class='ocrx_word' id='word_1_376' title='bbox 1581 2507 1716 2540; x_wconf 80' lang='lat' dir='ltr'>AEdilus</span> <span class='ocrx_word' id='word_1_377' title='bbox 1734 2517 1800 2551; x_wconf 87' lang='lat' dir='ltr'>pro</span> <span class='ocrx_word' id='word_1_378' title='bbox 1817 2505 1866 2538; x_wconf 89' lang='lat' dir='ltr'>ci-</span> 
     </span>
     <span class='ocr_line' id='line_1_69' title="bbox 1189 2559 1845 2604; baseline -0.009 -8"><span class='ocrx_word' id='word_1_379' title='bbox 1189 2561 1291 2596; x_wconf 86' lang='lat' dir='ltr'>naedo</span> <span class='ocrx_word' id='word_1_380' title='bbox 1307 2570 1443 2596; x_wconf 79' lang='lat' dir='ltr'>taxatur</span> <span class='ocrx_word' id='word_1_381' title='bbox 1455 2587 1464 2603; x_wconf 92' lang='lat'>‚</span> <span class='ocrx_word' id='word_1_382' title='bbox 1480 2561 1542 2595; x_wconf 90' lang='lat' dir='ltr'>lib.</span> <span class='ocrx_word' id='word_1_383' title='bbox 1563 2561 1628 2599; x_wconf 90' lang='lat' dir='ltr'>IV,</span> <span class='ocrx_word' id='word_1_384' title='bbox 1648 2559 1758 2604; x_wconf 87' lang='lat' dir='ltr'>epigr.</span> <span class='ocrx_word' id='word_1_385' title='bbox 1780 2569 1845 2591; x_wconf 82' lang='lat' dir='ltr'>L11.</span> 
     </span>
     <span class='ocr_line' id='line_1_70' title="bbox 1247 2610 1864 2651; baseline -0.008 -3"><span class='ocrx_word' id='word_1_386' title='bbox 1247 2615 1282 2649; x_wconf 83' lang='lat'>3.</span> <span class='ocrx_word' id='word_1_387' title='bbox 1310 2615 1457 2648; x_wconf 77' lang='lat' dir='ltr'>Velocius</span> <span class='ocrx_word' id='word_1_388' title='bbox 1472 2614 1521 2646; x_wconf 83' lang='lat' dir='ltr'>ibo</span> <span class='ocrx_word' id='word_1_389' title='bbox 1540 2621 1685 2646; x_wconf 75' lang='lat' dir='ltr'>retentus.</span> <span class='ocrx_word' id='word_1_390' title='bbox 1703 2610 1864 2651; x_wconf 66' lang='lat' dir='ltr'>Ovidius,</span> 
     </span>
     <span class='ocr_line' id='line_1_71' title="bbox 1192 2668 1866 2711; baseline -0.009 -10"><span class='ocrx_word' id='word_1_391' title='bbox 1192 2670 1277 2701; x_wconf 75' lang='lat' dir='ltr'>Met.</span> <span class='ocrx_word' id='word_1_392' title='bbox 1297 2669 1369 2700; x_wconf 87' lang='lat' dir='ltr'>III:</span> <span class='ocrx_word' id='word_1_393' title='bbox 1389 2686 1402 2697; x_wconf 65' lang='grc' dir='ltr'>ι</span> <span class='ocrx_word' id='word_1_394' title='bbox 1418 2668 1473 2700; x_wconf 86' lang='lat' dir='ltr'>Sic</span> <span class='ocrx_word' id='word_1_395' title='bbox 1489 2680 1552 2711; x_wconf 80' lang='lat' dir='ltr'>ego</span> <span class='ocrx_word' id='word_1_396' title='bbox 1569 2673 1759 2699; x_wconf 74' lang='lat' dir='ltr'>torrentem</span> <span class='ocrx_word' id='word_1_397' title='bbox 1774 2689 1783 2705; x_wconf 54' lang='lat'><em>7</em></span> <span class='ocrx_word' id='word_1_398' title='bbox 1798 2676 1866 2708; x_wconf 73' lang='lat' dir='ltr'>qua</span> 
     </span>
    </p>
   </div>
  </div>
 </body>
</html>
