2061 3288
466 243 529 296 44

837 245 901 286 Μ.
925 244 1066 288 VAL.
1106 247 1497 292 MARTIALIS

604 331 659 373 Et
680 330 828 375 Thetis
854 333 1024 393 ignotas
1051 343 1094 377 et
1121 334 1303 378 Galatea
1334 335 1459 380 feras.

538 399 655 443 Vidit
685 402 728 443 in
758 418 961 462 aequoreo
991 403 1208 449 ferventes
1239 406 1419 466 pulvere
1451 423 1630 461 currus,

603 472 661 514 Et
682 471 846 516 domini
869 474 1021 517 Triton
1046 476 1137 535 ipse
1161 478 1331 536 putavit
1359 494 1506 537 eques.

532 542 740 602 Dumque
767 554 894 603 parat
924 545 1047 588 saevis
1077 546 1241 590 ratibus
1267 546 1357 590 fera
1387 546 1533 608 praelia
1560 550 1752 603 Nereus,

602 612 768 656 Abnuit
797 614 840 656 in
867 613 1039 675 liquidis
1069 618 1130 659 ire
1160 616 1360 677 pedester
1383 618 1518 678 aquis.

531 682 751 744 Quicquid
777 694 820 728 et
844 685 887 728 in
912 686 1042 730 Circo
1069 697 1313 747 spectatur,
1339 697 1382 731 et
1402 688 1764 749 Amphitheatro,

601 814 656 854 X'
681 817 704 860 -ἡ
730 814 848 865 Θέτις
872 815 1115 866 ἀλλοκότους
1142 816 1262 876 θῆρας
1289 819 1326 858 ἐν
1353 811 1469 859 fida&
1496 811 1594 860 ἴδον.

530 876 651 926 Εἶδον
678 885 959 944 ἐλαυνουένους
989 881 1150 947 δίφοους
1178 888 1272 937 ἁλὸς
1297 889 1334 929 ἐν
1362 881 1558 937 ς-αδίοισι·

597 956 706 996 Δεστ
693 971 869 1005 οσυνους
892 956 1049 1015 Τρίτων
1073 960 1259 1016 μώνυχας
1282 955 1389 1000 ἷσκεν
1417 951 1527 1001 ἰδεῖν.

531 1010 622 1071 H&
655 1025 722 1067 καὶ
750 1026 863 1067 ναυσὶ
888 1044 1070 1087 xeneam-5
1093 1029 1159 1070 ἔντ
1163 1046 1246 1070 υνεν
1280 1028 1441 1078 ἀέθλοις

598 1096 774 1155 Νηρευς,
804 1114 834 1138 τ·-
839 1092 912 1127 ²¹⁷

838 1113 910 1141 aaa.
913 1115 958 1143 ν’,ν
987 1100 1135 1156 κύυατ’
1163 1099 1418 1159 ἀνννοὶμενος.

530 1168 648 1208 Οσσα
673 1168 870 1226 παρέσχεν
901 1171 943 1228 ὁρ
950 1171 994 1223 ᾄν
1021 1159 1306 1228 Ῐπποὸρομος,
1335 1170 1378 1218 ἰὲ
1406 1171 1601 1229 Θέατρον,

455 1304 587 1339 diceret
614 1307 771 1340 minima.
804 1308 858 1340 De
889 1309 953 1341 hac
985 1309 1136 1342 formula

455 1371 560 1404 snpra
582 1384 591 1400 ,
639 1377 652 1388 «
685 1360 864 1401 Quantula
913 1362 1137 1407 Carpophori

454 1412 573 1456 portio
598 1429 611 1441 »ι
627 1437 637 1452 ,
661 1421 727 1446 etc.

511 1470 544 1505 4.
565 1464 704 1499 Galatea
725 1468 797 1499 vias
817 1466 898 1500 cod.
920 1467 1033 1500 Vatic.
1062 1467 1135 1501 Ga-

455 1519 560 1550 latltea
590 1519 626 1551 in
660 1520 760 1552 Junt.
794 1541 847 1546 —
877 1521 1030 1564 Ignotus,
1064 1529 1132 1553 etc.

452 1571 541 1616 Equi
559 1572 652 1604 enim
667 1599 674 1615 ,
691 1572 803 1613 tauri,
818 1573 954 1618 aliaque
970 1572 1134 1606 animalia

453 1623 575 1658 edocta
602 1625 745 1659 fuerunt
774 1624 811 1658 id
840 1639 944 1659 omne
970 1626 1007 1658 in
1035 1626 1134 1671 aquis

452 1677 584 1718 facere,
610 1677 705 1724 quod
733 1679 768 1711 in
795 1687 885 1712 terra
911 1688 1132 1713 consuerant.

453 1729 540 1764 Vid.
563 1732 670 1765 Dion.
695 1732 731 1765 in
751 1732 823 1765 Tit.
848 1736 881 1771 4.
904 1753 956 1758 -—-
980 1732 1131 1766 Galatea.

451 1784 532 1816 Una
551 1792 601 1818 est
623 1784 834 1819 Nereidum:
856 1785 947 1818 forte
968 1798 1034 1831 pro
1057 1798 1132 1818 om-

451 1837 1131 1884 nibussumiturperinetonyiniani,ED.

507 1891 539 1924 5.
564 1892 602 1924 In
629 1905 770 1937 aequoreo
788 1892 925 1936 pulvere.
948 1892 1054 1924 Multi
1075 1891 1130 1925 in·

449 1943 614 1989 telligunt
626 1953 748 1989 pontes
762 1944 887 1978 leniter
903 1957 1001 1990 aquae
1012 1957 1132 1990 super-

450 1995 540 2030 ficiei
562 1998 774 2034 substratos,
796 2006 831 2031 et
850 2011 955 2044 super
970 1998 1036 2032 hos
1051 2011 1129 2032 cur-

449 2062 508 2083 rus
539 2059 668 2084 tractos
696 2051 811 2084 fuisse.
835 2051 978 2085 Tacitus
1002 2052 1129 2084 Annal.

450 2102 521 2135 XII
538 2129 546 2145 ‚
577 2102 621 2136 de
647 2104 863 2137 Naumachia
888 2103 1027 2138 Claudii
1054 2104 1128 2138 ait:

454 2172 468 2185 α
489 2156 613 2202 quue
627 2165 786 2202 tempore
802 2157 988 2201 interjecto
1002 2183 1010 2198 ‚
1029 2157 1129 2190 altius

449 2209 566 2243 effossi
576 2222 722 2255 specus;
739 2218 774 2243 et
789 2203 1037 2243 contrahendae
1052 2223 1129 2243 rur-

448 2274 504 2295 sus
523 2262 768 2305 multitudini,
796 2261 1029 2308 gladiatorum
1051 2275 1128 2308 spe-

449 2316 626 2349 ctaculum
653 2315 792 2359 editur,
814 2315 936 2349 inditis
963 2316 1128 2361 pontibus

449 2367 649 2412 pedestrem
665 2368 708 2402 ad
726 2382 892 2416 pugnam.
908 2387 924 2398 >›
942 2369 1050 2415 Aquae
1068 2382 1146 2403 aus

449 2429 520 2454 tem
542 2434 664 2467 spuma
686 2422 835 2468 pedibus
858 2435 1030 2468 equorum
1048 2435 1126 2455 cur-

448 2475 603 2507 rentium
616 2501 625 2516 ,
635 2476 689 2508 vel
701 2476 739 2515 si,
757 2484 883 2522 pontes
898 2488 968 2508 non
983 2475 1126 2516 fuerint,

448 2528 646 2560 natantium
668 2529 812 2562 excitata
832 2529 1032 2561 imitabatur
1052 2529 1128 2574 pul-

449 2592 567 2613 vereni
595 2581 699 2614 Circi.
731 2603 782 2608 ——
810 2582 977 2615 Fer-ventes
1004 2595 1124 2615 currus.

448 2633 596 2678 Propter
612 2643 747 2668 motum
763 2635 917 2668 velocem
935 2648 1005 2680 quo
1023 2635 1124 2668 etiam

448 2687 483 2719 in
516 2699 603 2733 aqua
632 2687 757 2721 fervidi
784 2688 1021 2722 trahebantur.
1052 2688 1124 2720 Ho-

1197 1310 1325 1345 ratius,
1357 1309 1424 1342 Od.
1458 1311 1494 1349 1,
1530 1325 1558 1350 1,
1587 1327 1600 1338 «
1625 1309 1789 1354 Metaque
1808 1310 1877 1343 fer-

1197 1362 1288 1396 vidis
1305 1362 1441 1399 Evitata
1464 1363 1561 1395 rotis.
1583 1380 1596 1392 «ι

1251 1419 1284 1448 6.
1306 1414 1409 1448 Bodl.
1431 1423 1463 1448 et
1483 1415 1622 1448 Thuan.
1643 1417 1702 1447 isse
1719 1427 1784 1459 pro
1799 1417 1874 1459 ipse.

1197 1490 1249 1494 —
1259 1469 1410 1507 Domini,
1427 1468 1597 1513 Neptuni.
1609 1486 1660 1492 —-
1673 1468 1785 1500 Triton
1798 1495 1806 1508 ‚
1821 1468 1875 1501 Sa-

1196 1521 1293 1555 laciae
1319 1529 1354 1554 et
1382 1521 1541 1566 Neptuni
1564 1520 1678 1562 filius‚
1707 1519 1877 1565 ejusdem-

1199 1586 1267 1619 que
1284 1574 1439 1608 tubicen.

1249 1628 1283 1660 8.
1314 1628 1453 1659 Ilorruit
1480 1629 1512 1659 ἱη
1531 1626 1658 1671 liquidis
1684 1626 1777 1671 conj.
1797 1626 1872 1659 Pet,

1195 1680 1345 1713 Scrivcr.
1365 1689 1399 1712 et
1415 1679 1463 1712 sic
1479 1687 1528 1712 est
1545 1680 1581 1712 in
1598 1677 1702 1712 codd.
1722 1677 1821 1711 Bodl.
1840 1687 1875 1712 et

1193 1732 1509 1777 Thuan.Virgilius
1523 1744 1531 1765 :
1546 1747 1558 1759 α
1572 1732 1784 1777 Quanquam
1799 1731 1873 1764 ani-

1191 1799 1269 1819 mus
1284 1786 1485 1818 meminisse
1494 1785 1628 1818 horret.
1639 1785 1872 1817 »—Pedestris

1191 1837 1286 1872 idem
1301 1839 1441 1872 Thuan.
1457 1847 1491 1871 et
1505 1837 1583 1871 cod.
1598 1836 1872 1870 Beverlandi.-

1192 1892 1318 1925 Abmzit
1348 1894 1378 1924 ιή
1408 1891 1557 1937 liquidis,
1579 1899 1643 1924 etc.
1671 1890 1812 1923 Scilicet
1833 1899 1872 1924 ut

1191 1946 1365 1991 conjicere
1396 1957 1607 1990 possumus,
1639 1942 1781 1991 quidam
1810 1943 1870 1976 ha-

1190 1998 1267 2031 bitu
1290 1997 1449 2043 Neptuni
1471 2005 1504 2030 et
1526 2009 1632 2030 curru
1652 2004 1793 2037 vectus,
1814 2008 1872 2029 su-

1189 2064 1253 2096 per
1272 2051 1336 2084 hos
1356 2058 1479 2096 pontes
1495 2050 1619 2083 leviter
1635 2062 1731 2094 aquae
1747 2061 1870 2093 super-

1188 2104 1280 2137 ficiei
1313 2105 1527 2145 substratos,
1563 2115 1670 2148 equos
1698 2101 1839 2147 agitavit
1859 2128 1869 2143 ,

1189 2169 1277 2202 quos
1299 2157 1427 2189 Triton
1446 2155 1603 2189 crederet
1622 2167 1694 2189 esse
1712 2154 1868 2200 Neptuni

1188 2222 1314 2255 equos,
1335 2210 1425 2243 forte
1447 2208 1580 2243 vitulos
1601 2208 1775 2248 marinos,
1803 2215 1867 2240 etc.

1187 2263 1374 2297 -AVet-eas
1395 2274 1478 2295 vero
1501 2261 1587 2295 deus
1606 2261 1729 2302 maris,
1749 2260 1871 2293 Nerei>-

1189 2315 1273 2348 dum
1301 2316 1431 2349 scilicet
1456 2324 1572 2361 pater,
1598 2327 1663 2360 pro
1681 2314 1758 2359 ipso
1781 2312 1867 2345 mari

1188 2369 1292 2402 etiam
1313 2369 1476 2402 sumitur.
1504 2367 1597 2401 Vide
1622 2365 1815 2400 Hesiodum
1832 2365 1867 2398 in

1188 2422 1406 2467 Theogonia.
1431 2422 1499 2454 En.

1240 2488 1276 2520 9.
1296 2475 1390 2508 Circo
1404 2482 1572 2520 spectatur.
1590 2471 1787 2505 certamina
1805 2482 1867 2503 cu-

1186 2528 1273 2561 rulia
1283 2554 1291 2569 ‚
1302 2528 1462 2574 gymnica
1471 2552 1480 2566 q
1492 2538 1639 2571 pompae.
1648 2525 1714 2556 ΕΙ).
1724 2523 1866 2556 —Am-

1182 2581 1375 2626 pltitlzeatro.
1390 2578 1608 2614 Gladiatores
1621 2603 1630 2618 ‚
1642 2577 1842 2611 venationes
1857 2602 1866 2615 ‚

1186 2635 1344 2667 etc.Hae0
1370 2632 1486 2666 omnia
1505 2643 1582 2677 quae
1608 2630 1645 2663 in
1674 2637 1765 2662 terra
1786 2628 1864 2661 fieri

1185 2688 1317 2725 solent,
1343 2687 1379 2719 in
1399 2685 1495 2730 aquis
1516 2683 1607 2717 edita
1626 2683 1736 2716 fuere.
1757 2682 1824 2716 En.
