2061 3288
453 191 1042 235 EPIGRAMMATUM
1080 193 1206 235 LIB.
1246 193 1329 236 IV.

1500 195 1598 252 433

326 281 511 334 Tereos3
542 287 619 322 aut
643 293 811 322 coenam
826 313 837 334 ,
866 278 1001 323 crude
1028 278 1217 339 Thyesta
1232 315 1243 336 ‚
1268 290 1409 338 tuam3

256 351 345 394 Aut
368 365 506 411 puero
528 347 711 410 liquidas
737 358 959 410 aptantem
981 348 1196 393 Daedalon
1222 349 1335 408 alas,
1587 371 1599 394 5

327 422 580 464 Pascentem
604 419 768 464 Siculas
794 429 870 464 aut
894 419 1197 482 Polyphemon
1224 438 1340 466 oves.

257 491 294 535 A
318 492 478 536 nostris
502 490 657 552 procul
685 500 751 535 est
776 491 918 536 omnis
943 492 1088 536 vesica
1113 490 1266 536 libellis
1294 510 1303 536 :

326 563 456 606 Musa
485 578 567 606 nec
598 562 750 606 insano
780 572 969 623 syrmate
997 572 1146 607 nostra
1177 572 1330 608 tumet.

254 630 335 676 Illa
359 642 508 677 tamen
538 631 716 676 laudant
746 649 920 689 omnes,
941 634 1179 690 mirantur,
1209 634 1407 680 adorant.

328 703 555 748 Confiteor
581 720 590 747 ε
622 701 802 748 laudant
825 703 921 761 illa,
947 704 1021 749 sed
1049 706 1130 749 ista
1155 703 1316 766 legunt.
1571 738 1600 753 ,ο

185 843 359 877 upupam,
381 831 517 864 Procne
542 831 579 864 in
605 830 836 865 hirundinem
852 857 863 873 s

184 884 379 918 Philomela
409 884 446 917 in
478 884 663 918 lusciniam
696 897 864 919 conversa

184 937 264 971 fuit.
281 938 348 972 En.

241 994 275 1031 4.
298 992 423 1024 Tereos.
447 990 633 1025 Genitivus
651 1004 796 1037 graecus.
811 1013 863 1019 —-

187 1043 303 1078 Crude.
322 1042 496 1078 Crudelis.
517 1044 572 1078 Sic
589 1043 729 1078 Ovidio:
749 1062 762 1075 m
778 1046 863 1078 Non

185 1097 251 1131 tibi
270 1096 545 1139 Thermodoon,
567 1097 740 1132 crudusve
762 1110 863 1144 roga-

183 1150 281 1184 bitur
305 1152 444 1185 Atreus.
464 1168 478 1181 »
503 1151 571 1184 Vel
592 1151 708 1186 forsan
725 1178 734 1194 ‚
754 1163 884 1197 quum*

185 1205 335 1246 Atreus,
358 1217 430 1237 non
449 1204 620 1250 Thyestes
633 1231 643 1244 ‚
661 1205 864 1238 convivium

185 1256 423 1303 adparaverit,
439 1258 534 1290 crude
558 1257 790 1304 intelligerem
820 1257 864 1292 de

184 1311 366 1344 stomacho
381 1311 491 1357 patris
510 1311 659 1345 infelicis
676 1311 782 1357 dapes
801 1323 864 1345 ne·

184 1362 305 1397 fandas
329 1364 425 1410 quasi
451 1364 648 1406 horrentis,
670 1373 704 1397 et
736 1377 863 1398 conco-

184 1429 293 1462 quere
320 1416 471 1450 nolentis
494 1429 503 1450 :
529 1416 621 1451 hanc
648 1417 744 1450 enim
769 1418 864 1451 vocis

184 1470 299 1503 crudus
320 1469 610 1516 significationem
630 1469 782 1503 vidimus
800 1470 862 1504 lib.

185 1523 240 1556 III
251 1549 260 1566 ,
274 1523 462 1569 epigr.x111
476 1535 544 1565 ‚vs.
561 1527 594 1563 4.
607 1523 675 1556 En.
689 1543 741 1549 —-
759 1523 865 1557 Crade

189 1577 326 1622 Thyesta
341 1603 351 1617 ,
374 1585 468 1610 tuam.
490 1576 568 1610 Filii
587 1577 641 1610 sui
662 1577 820 1611 membra
845 1590 864 1610 a

184 1629 291 1663 fratre
311 1630 419 1662 Atreo
444 1629 600 1675 apposita
625 1630 784 1675 epulatus
813 1639 866 1664 est

185 1682 368 1727 Thyestes.
381 1681 566 1721 Videatur,
587 1682 648 1716 lib.
666 1683 721 1716 III
730 1708 739 1724 ,
753 1683 864 1729 epigr.

185 1747 273 1776 ΜΝ,
293 1748 344 1768 vs.
366 1747 397 1768 1.
420 1740 483 1768 Eo.
821 1768 824 1770 ,

241 1787 276 1822 5.
295 1790 367 1823 Aut
381 1801 500 1833 puero,
525 1796 588 1821 etc.
607 1788 737 1821 Fabula
755 1789 864 1823 notis-

185 1841 293 1883 sima,
312 1841 404 1874 sicut
429 1849 463 1874 et
487 1841 709 1886 Polyphemi.
736 1841 864 1875 Similis

187 1903 238 1928 est
253 1895 472 1928 enumeratio
487 1895 669 1940 epicorum
685 1907 866 1940 argumen-

185 1956 305 1982 torum
322 1946 417 1993 apud
436 1948 564 1981 Juven.
580 1956 641 1981 sat.
657 1948 674 1980 I
690 1973 700 1989 ‚
723 1960 742 1993 7
765 1960 840 1994 sqq.
855 1959 863 1981 1

187 2015 200 2029 α
219 2001 310 2035 Nota
330 2000 438 2046 magis
457 2000 546 2034 nulli
569 1999 696 2034 domus
713 2009 764 2034 est
783 2013 863 2043 sua,

186 2067 292 2100 quam
310 2053 399 2087 mihi
415 2054 514 2088 lucus
531 2054 674 2097 Martis,
692 2063 726 2088 et
742 2054 865 2087 AEoliis

185 2107 342 2141 vicinum
357 2108 507 2153 rupibus
531 2115 673 2140 antrum
689 2107 865 2141 Vulcani:

187 2160 274 2206 quid
309 2168 410 2205 agant
442 2160 539 2194 venti
554 2175 562 2201 ;
590 2172 675 2205 quas
706 2169 868 2206 torqueat

186 2214 328 2246 umbras
342 2216 466 2247 AEacus
482 2227 490 2254 ;
511 2212 609 2246 unde
626 2213 712 2246 alius
730 2214 868 2247 furtivae

187 2265 336 2300 devehat
375 2278 500 2299 aurum
533 2266 731 2308 Pelliculae3
757 2279 868 2312 quan-

188 2327 239 2353 tas
278 2319 451 2365 jaculetur
491 2319 691 2365 Monychus
736 2332 840 2353 ornos
859 2333 869 2361 ;

188 2372 377 2406 Frontonis
386 2372 517 2418 platani
531 2373 768 2418 convulsaque
781 2385 872 2405 mar-

187 2437 287 2459 mora
300 2425 450 2459 clamant
462 2425 621 2470 Semper.
631 2442 643 2454 n
659 2426 703 2458 Et
716 2426 806 2458 infra
821 2439 869 2459 γε.

192 2480 210 2513 5
220 2492 237 2512 2
253 2490 328 2524 sqq.
342 2490 349 2511 ε
367 2477 447 2512 «sed
459 2477 546 2524 quid
556 2478 663 2524 magis
675 2479 868 2520 Heracleas,

188 2532 261 2565 Aut
283 2531 510 2570 Diomedeas,
531 2540 589 2564 aut
611 2531 786 2577 mugitum
808 2533 871 2565 La-

190 2585 364 2630 byrinffli,
376 2586 419 2620 Et
430 2598 523 2618 mare
533 2597 736 2630 percussum
747 2598 870 2631 puero,

190 2638 402 2684 fabrumque
430 2638 636 2673 volantem?
669 2656 682 2668 n

264 2707 299 2749 I.

721 2639 787 2672 En.
820 2660 871 2666 -

922 825 1152 878 LiqmdasJEx
1168 844 1245 866 cera
1261 834 1385 877 factas,
1399 835 1447 869 ita
1464 845 1502 870 ut
1519 838 1601 871 solis

922 884 1047 919 ardore
1076 885 1309 931 liquefierent.
1339 909 1392 915 —-
1425 890 1600 924 Daedalon.

922 939 1151 972 Accusativus
1184 952 1330 985 graecus,
1358 950 1398 975 ut
1427 955 1510 978 mox
1538 945 1603 978 Po-

923 992 1118 1038 lyphemon
1140 1001 1200 1026 est.
1223 994 1292 1028 En.

977 1047 1010 1078 6.
1057 1046 1284 1091 Polyphemon.
1325 1047 1420 1082 Vide
1456 1044 1600 1085 Homer.

923 1097 1048 1146 Odyss.
1075 1099 1136 1133 lib.
1157 1100 1232 1141 IX3
1253 1101 1352 1147 Virg.
1378 1102 1518 1137 AEneid.
1537 1105 1601 1138 lib.

921 1152 976 1185 III
992 1165 1000 1194 ;
1017 1152 1197 1186 Theocrit.
1215 1153 1322 1199 Idyll.
1334 1155 1369 1187 II
1381 1181 1390 1197 ‚
1410 1156 1515 1191 Ovid.
1534 1166 1601 1192 etc.

978 1218 1011 1250 7.
1038 1206 1164 1240 Vesica.
1192 1207 1352 1247 Tumor,
1371 1211 1601 1255 ampullatum

922 1257 1066 1291 dicendi
1081 1272 1189 1304 genus
1205 1268 1239 1294 et
1256 1268 1462 1303 ventosum3
1479 1264 1602 1308 gallice

923 1312 1050 1356 enflure.
1071 1312 1138 1345 ΕΙ).

978 1365 1012 1398 8.
1035 1366 1162 1399 insano.
1186 1366 1372 1401 Furiosum
1400 1368 1437 1401 in
1465 1382 1600 1404 morem

923 1417 1051 1463 agitato
1070 1427 1103 1451 et
1116 1420 1254 1464 jactato.
1276 1442 1328 1446 —
1344 1421 1499 1463 Syrmate.
1520 1424 1602 1459 Svr-

922 1483 978 1504 ma
992 1471 1040 1504 sic
1058 1471 1255 1517 appellatur
1270 1485 1287 1505 a
1309 1475 1404 1519 σύρω,
1421 1478 1514 1508 traho
1528 1464 1551 1516 ;·
1562 1490 1601 1511 ea

921 1537 1002 1571 pars
1022 1525 1126 1558 vestis
1146 1533 1196 1558 est
1215 1538 1291 1571 quae
1317 1528 1467 1573 oblonga
1496 1530 1602 1564 nimis

922 1578 1035 1611 solum
1057 1577 1187 1620 verrit,
1205 1579 1343 1624 qualem
1365 1593 1464 1626 reges
1481 1591 1515 1616 ct
1539 1583 1602 1617 he-

921 1642 999 1664 roes
1016 1631 1202 1664 trahebant
1218 1645 1282 1678 per
1296 1633 1430 1668 theatra
1451 1635 1488 1668 iu
1504 1649 1603 1682 agen-

923 1682 976 1717 dis
993 1683 1189 1729 tragoediis:
1207 1684 1280 1719 vid.
1297 1686 1361 1720 lib.
1377 1687 1450 1721 XII
1462 1715 1471 1730 ‚
1491 1690 1601 1735 epigr.

923 1749 1004 1770 xcvt
1019 1763 1029 1778 ‚
1050 1750 1099 1770 vs.
1124 1741 1164 1780 4;
1187 1747 1221 1772 et
1241 1740 1368 1774 Juven.
1395 1749 1457 1775 sat.
1487 1742 1598 1781 VIII,

922 1802 972 1823 vs.
999 1790 1070 1823 228
1088 1815 1097 1831 ‚
1124 1799 1158 1824 et
1183 1800 1245 1825 sat.
1267 1793 1350 1834 XV,
1375 1806 1423 1828 vs.
1452 1794 1510 1829 30.
1542 1796 1602 1829 Ait

923 1842 1164 1888 metaphorice
1183 1844 1290 1877 Poeta
1310 1857 1344 1878 se
1363 1847 1454 1890 stylo
1471 1849 1602 1894 tragico

923 1908 994 1928 non
1013 1895 1242 1930 immoderate
1260 1906 1412 1942 turgere.

976 1960 1009 1992 9.
1040 1948 1106 1982 Illa
1139 1957 1254 1984 tamen.
1286 1950 1428 1986 Flaccus
1455 1952 1603 1998 objicit:

926 2010 1041 2035 tamen
1073 2000 1261 2037 laudantur
1282 2013 1442 2049 poemata
1476 2007 1606 2053 tragica

927 2063 961 2088 et
983 2056 1090 2100 epica.

983 2121 1040 2142 10.
1072 2108 1139 2142 Sed
1163 2111 1224 2141 ista
1246 2110 1366 2154 legunt.
1398 2111 1454 2145 Sic
1486 2112 1605 2147 innuit

927 2161 991 2194 ista
1008 2160 1145 2195 tumida
1163 2163 1317 2196 carmina
1340 2177 1412 2197 non
1436 2165 1527 2211 legi3
1556 2167 1607 2200 fa-

928 2214 1029 2248 cilius
1048 2215 1143 2248 enim
1161 2224 1255 2257 erat,
1278 2225 1313 2250 et
1334 2218 1461 2251 nostris
1481 2218 1607 2253 diebus

929 2276 999 2309 est,
1029 2268 1132 2313 longa
1163 2269 1342 2303 volumina
1371 2272 1488 2304 nescio
1520 2272 1608 2318 quid

929 2321 1114 2365 soporiferi
1144 2334 1260 2355 secum
1282 2325 1502 2368 apportantia
1534 2327 1607 2359 lau-

930 2372 1033 2414 dare,
1058 2381 1095 2406 ut
1119 2375 1241 2419 gallice
1270 2374 1422 2410 dicimus
1438 2404 1447 2419 ‚
1475 2392 1529 2411 sm·
1546 2393 1609 2424 pa-

931 2427 1016 2466 role,
1052 2439 1157 2472 quam
1186 2428 1329 2472 legere;
1356 2442 1464 2475 quum
1493 2442 1610 2465 autem

930 2480 1062 2513 nullius
1102 2481 1146 2513 sit
1186 2480 1317 2515 laboris
1361 2484 1610 2529 epigrammata

930 2533 1029 2565 brevi
1045 2541 1078 2566 et
1100 2542 1245 2567 venusto
1262 2546 1466 2581 argumento
1481 2538 1610 2583 scripta

932 2585 975 2618 ad
998 2586 1253 2621 recreationem
1278 2590 1499 2634 pervolvere.
1527 2590 1609 2624 Yid.

931 2639 991 2672 lib.
1013 2640 1100 2673 VIII
1117 2665 1126 2682 ‚
1146 2641 1253 2686 epigr.
1272 2655 1318 2675 111
1333 2669 1341 2683 ‚
1356 2652 1422 2677 etc.
1443 2645 1509 2677 En.

1303 2710 1364 2752 28
