2061 3288
459 250 519 296 52
827 250 888 292 M.
917 250 1057 293 VAL.
1097 250 1490 294 MARTIALIS

451 338 571 382 illum
595 339 638 380 in
659 335 776 380 nulla
795 337 955 397 pagina
975 337 1130 380 Latine
1153 336 1292 397 loqui1
1321 337 1384 381 fas
1405 338 1478 392 sit,
1501 345 1646 398 potest
1663 337 1865 398 epistola,

452 409 522 452 vel
553 409 696 469 potius
717 406 860 451 Titulo
875 406 887 421 ²
913 417 1142 451 contentus
1166 424 1269 452 esse.
1289 409 1618 469 Epigrammata
1648 407 1729 452 illis
1757 410 1864 453 scri-

454 480 641 535 buntur,
670 479 743 539 qui
782 477 922 522 solent
950 488 1145 539 spectare
1169 469 1400 523 Florales.3
1428 480 1530 522 Non
1566 480 1699 523 intret
1723 481 1835 524 Cato

1851 471 1867 498 ὦ

452 551 673 594 theatrum
696 559 922 604 nostrum3
948 558 1023 592 aut
1047 551 1080 593 si
1101 550 1349 605 intraverit,
1374 559 1553 610 spectet.
1573 549 1738 593 Videor
1759 550 1866 594 mihi

452 638 550 665 meo
575 621 672 681 jure
698 619 917 673 facturus,
947 620 980 663 si
1010 619 1238 681 epistolam
1266 620 1462 664 versibus
1492 611 1725 664 clausero.⁵

450 759 632 794 ambitiosa
655 758 815 799 tristitia,
833 757 861 791 si
887 756 1019 803 aliquid
1041 758 1125 791 affe-

451 812 613 847 ctationis
640 813 751 853 inest;
779 810 1002 844 ambitiosum
1032 811 1126 844 enim

448 867 555 900 latine
575 865 778 898 affectatum
797 864 978 909 significat.

509 932 538 953 Ι.
559 919 673 951 Latine
696 919 793 964 loqui.
810 917 852 950 Id
881 924 952 958 est,
974 917 1064 950 clare
1092 924 1127 950 et

451 972 654 1017 simpliciter
674 971 743 1004 suis
761 970 938 1003 vocabulis
955 982 1011 1004 res
1031 968 1125 1003 indi-

449 1024 564 1058 cando
583 1025 664 1057 licet
683 1023 938 1057 subobscoenas.

504 1092 535 1111 2.
574 1077 653 1110 Nou
696 1077 754 1110 hie
801 1075 967 1122 intelligit
1008 1075 1127 1109 titulos

449 1133 618 1176 cujusque
647 1129 926 1175 epigrammatis,
955 1127 1015 1162 sed
1045 1129 1128 1161 titu-

448 1185 521 1216 lum
553 1183 658 1216 totius
695 1183 777 1216 libri
805 1195 812 1216 :
846 1195 927 1215 nam
957 1181 1129 1215 Martialis

451 1245 586 1270 tantum
606 1249 663 1269 eos
680 1236 841 1281 apposuit
857 1237 917 1281 qui
933 1235 969 1268 in
987 1235 1126 1268 decimo

452 1291 553 1323 tertio
577 1298 609 1322 et
631 1288 767 1322 decimo
786 1297 912 1334 quarto
926 1288 987 1321 lib.
1007 1289 1127 1334 legun-

452 1352 522 1376 tur.
534 1341 626 1375 Vide
639 1343 699 1375 lib.
710 1342 926 1388 XIV‚epigr.
940 1354 980 1375 11.
994 1358 1007 1370 ι
1023 1343 1127 1374 Lem-

451 1404 541 1428 mata
562 1397 587 1428 si
603 1396 727 1441 quaeris
749 1407 810 1428 cur
832 1395 902 1428 sint
921 1393 1098 1440 adscripta
1115 1417 1124 1433 ‚

451 1448 584 1481 docebo
601 1463 606 1479 :
631 1449 701 1488 Ut,
716 1448 743 1480 si
765 1448 926 1480 malueris
939 1473 947 1488 ‚
966 1448 1128 1481 lemmata

1186 758 1258 792 sola
1286 758 1387 803 legas.
1411 775 1424 788 ι
1456 778 1506 786 -—-
1541 757 1672 792 Caetera
1699 759 1865 792 lemmata

1186 812 1331 844 fuerunt
1349 824 1366 844 a
1378 812 1609 856 grammaticis
1624 812 1777 846 inventa.
1794 812 1864 845 En.

1241 864 1276 897 3.
1297 864 1452 897 Florales.
1477 863 1598 898 Ludos
1629 864 1807 898 institutos
1829 865 1866 897 in

1185 917 1359 950 honorem
1381 918 1461 950 Deae
1480 917 1613 956 Florae,
1634 930 1720 963 quos
1740 917 1867 951 descri-

1185 971 1238 1003 bit
1257 968 1363 1003 Ovid.
1381 969 1469 1003 Fast.
1486 971 1533 1011 V,
1550 970 1695 1004 lascivos
1711 983 1867 1016 prorsus.

1186 1021 1279 1056 Vide
1298 1023 1454 1056 Lactant.
1470 1023 1487 1055 I
1498 1049 1507 1064 ‚
1522 1024 1652 1064 Instit.‚
1672 1023 1859 1068 Augustin.

1186 1074 1230 1109 de
1252 1076 1403 1110 Civitate
1426 1075 1512 1117 Dei,
1530 1075 1592 1109 lib.
1610 1077 1676 1117 IV,
1699 1088 1776 1122 cap.
1794 1077 1828 1110 8.

1241 1133 1276 1169 4.
1289 1129 1364 1164 Νοη
1385 1131 1479 1161 intret
1497 1128 1589 1162 Cato.
1605 1128 1689 1162 Vid.
1706 1129 1815 1174 epigr.
1835 1140 1867 1171 1,

1187 1182 1296 1224 infra,
1316 1181 1359 1215 ad
1375 1181 1472 1228 quod
1489 1180 1615 1215 alludit
1635 1182 1751 1215 Poeta.

1241 1235 1274 1269 5.
1298 1235 1447 1268 Versibus
1470 1236 1620 1268 clausero.
1641 1235 1866 1280 Epigramma

1187 1287 1230 1321 ad
1245 1287 1414 1322 Catonem
1429 1287 1596 1333 intelligit
1608 1314 1617 1330 ‚
1637 1287 1732 1334 quod
1749 1288 1785 1320 in
1801 1288 1867 1320 Ju-

1187 1342 1292 1375 niana
1311 1341 1467 1375 editione
1495 1342 1638 1374 tertium
1661 1349 1731 1380 est,
1751 1340 1867 1384 primo

1188 1403 1303 1427 tamen
1343 1395 1422 1428 loco
1459 1393 1703 1440 reponendum
1721 1419 1731 1435 ,
1765 1391 1864 1438 quod

1188 1447 1346 1481 fecimus.

940 1736 1012 1765 AD
1053 1717 1372 1765 CATONEMf

590 1858 768 1901 NossEs
788 1855 949 1914 jocosae
977 1852 1104 1898 dulce
1130 1871 1227 1898 cum
1261 1871 1433 1899 sacrum
1459 1853 1622 1910 Florae,

505 1985 519 1999 '
534 1987 779 2022 Tetrastichon
794 1986 862 2019 hoc
873 2011 882 2025 ‚
906 1985 1022 2030 inquit
1045 1985 1127 2017 Far-

452 2043 574 2076 nabius
586 2067 595 2084 ‚
613 2039 709 2087 quod
726 2041 763 2073 in
779 2040 852 2072 aliis
866 2038 946 2072 edd.
959 2036 1125 2077 (Junian.

453 2096 579 2141 Delph.
601 2088 697 2136 etc.)
720 2093 856 2126 tertiam
880 2091 1059 2137 usurpavit
1074 2103 1127 2124 se-

452 2150 551 2190 dem,
564 2149 642 2181 loco
655 2159 718 2180 suo
734 2145 918 2179 redonavit
933 2144 1128 2177 Scriverius

453 2215 493 2235 ex
508 2201 656 2235 consilio
670 2199 747 2233 cod.
765 2197 962 2232 Bodleianii
979 2210 986 2231 :
1006 2197 1042 2229 in
1057 2208 1127 2241 quo

453 2255 608 2300 epistolae
628 2252 834 2300 pedissequa
851 2259 901 2284 est
918 2249 1101 2294 inscriptio
1118 2261 1126 2282 ε

454 2309 540 2341 Idem
567 2308 612 2339 ad
636 2306 786 2340 Catonem
812 2305 980 2349 Epigram.
1009 2304 1054 2334 At
1080 2302 1128 2335 sic

451 2363 520 2406 jam
546 2360 657 2393 fuerat
675 2360 710 2392 in
735 2360 862 2391 Venet.
886 2355 962 2389 Ald.
987 2355 1126 2400 Gryph.

455 2414 572 2446 Colin.
591 2425 645 2445 an.
668 2412 777 2446 1528.
803 2411 900 2443 Junt.
924 2421 978 2442 an.
1009 2409 1123 2446 1512,

451 2478 531 2498 cum
553 2466 678 2505 titulo,
701 2464 760 2497 Ad
782 2463 945 2496 Catonem.
966 2461 1126 2494 Tertium

451 2526 501 2552 est
535 2519 570 2550 in
603 2518 718 2550 Plant.
737 2516 847 2549 Junii.
865 2535 918 2540 —-
937 2515 1014 2547 Hoc
1052 2513 1125 2559 epi-

451 2578 639 2616 grammate
656 2595 664 2608 ,
699 2571 841 2601 Catonis
858 2567 956 2613 quasi
984 2567 1123 2599 affecta-

450 2634 518 2657 tam
557 2622 738 2656 cavillatur
776 2622 1012 2661 severitatem,
1042 2620 1123 2665 qui,

448 2689 559 2722 quum
587 2673 804 2719 impudicum
826 2673 1017 2706 Floralium
1046 2685 1122 2704 mo—

1186 1997 1260 2018 rem
1272 1998 1343 2019 non
1354 1985 1724 2031 ignoraret‚theatrum
1734 1984 1864 2017 intrare

1185 2051 1258 2071 non
1283 2037 1421 2078 debuit,
1442 2039 1633 2072 intraverat
1657 2046 1771 2071 tamen
1800 2037 1864 2071 hos

1186 2089 1287 2124 ludos
1303 2104 1320 2123 a
1336 2091 1457 2124 Moetio
1475 2090 1574 2125 aedile
1592 2091 1765 2124 exhibitos
1788 2102 1864 2136 spe-

1185 2151 1354 2177 ctaturus.
1374 2144 1552 2191 Populum
1571 2152 1686 2177 autem
1699 2170 1708 2183 ‚
1726 2156 1795 2177 suae
1817 2144 1864 2176 la-

1185 2196 1300 2230 sciviae
1316 2205 1412 2230 tanto
1425 2205 1618 2243 spectatore
1631 2197 1729 2243 quasi
1743 2208 1863 2243 repre-

1185 2249 1335 2283 hensum
1347 2274 1357 2290 ‚
1371 2259 1410 2283 ut
1422 2251 1536 2283 mimae
1556 2249 1778 2284 nudarentur
1795 2261 1860 2294 po-

1187 2303 1318 2336 stulare
1345 2302 1502 2348 puduit;
1529 2305 1627 2349 cujus
1649 2303 1700 2336 rei
1725 2314 1861 2336 causam

1186 2367 1297 2400 quum
1321 2368 1360 2389 ex
1381 2356 1536 2389 Favonio
1556 2357 1644 2389 latus
1671 2368 1773 2388 suum
1809 2362 1860 2387 te-

1184 2417 1286 2453 gente
1308 2409 1394 2442 Cato
1412 2409 1649 2454 cognovisset,
1673 2407 1819 2441 decessit
1842 2420 1861 2440 e

1185 2461 1417 2496 theatro.Val.
1428 2462 1519 2496 Max.
1530 2462 1565 2494 II
1574 2487 1583 2503 ‚
1600 2473 1656 2501 103
1670 2460 1791 2493 Senec.
1803 2472 1859 2505 ep.

1187 2526 1254 2559 973
1274 2522 1307 2546 et
1323 2516 1460 2554 Racine,
1478 2513 1663 2558 Religvl,
1686 2525 1770 2558 207.
1789 2513 1859 2545 En.

1243 2579 1255 2599 1
1267 2592 1274 2598 .
1286 2568 1409 2599 Jocosce
1422 2568 1520 2599 dulce.
1535 2564 1625 2599 Ludi
1637 2566 1790 2599 Florales
1808 2578 1862 2598 ce-

1181 2619 1405 2653 lebrabantur
1418 2619 1513 2653 omni
1523 2631 1600 2651 cum
1612 2619 1802 2651 verborum
1817 2618 1859 2650 li-

1182 2673 1314 2713 ceufia,
1343 2680 1576 2716 motuumque
1608 2671 1834 2704 obscoenitate
1849 2695 1858 2710 ‚
