2061 3288
452 188 1027 233 EPIGRAMMATUM
1065 188 1189 230 LIB.
1231 189 1263 229 l.

1496 204 1557 250 97

294 278 394 321 Non
414 285 588 337 rumpet
611 273 746 319 altum
771 274 955 336 pallidus
977 291 1178 319 somnum
1203 291 1301 319 reus
1321 293 1330 319 :
1530 293 1562 317 35

363 346 449 391 Sed
469 362 597 390 mane
620 355 761 390 totum
783 346 982 391 dormies.

295 418 520 462 Mercetur
540 416 647 461 alius
669 417 833 478 grande
859 427 902 462 et
924 419 1122 462 insanum
1144 416 1305 478 sophos
1328 434 1336 459 :

366 488 574 536 Miserere
595 498 643 532 tu
667 487 884 543 felicium3

294 561 500 620 Veroque
519 559 664 603 fruere
684 576 773 604 non
795 559 1008 620 superbus
1029 559 1185 620 gaudio
1198 594 1210 615 ,

366 631 487 674 Dum
508 631 621 674 Sura
642 628 845 674 laudatur
864 639 976 674 tuus.
1537 651 1569 677 40

293 701 396 745 Non
417 700 694 762 impudenter
713 701 821 755 vita,
845 700 962 761 quod
991 699 1206 760 reliquum
1231 709 1320 757 est,
1345 700 1478 760 petit3

368 772 518 829 Quum
542 771 679 827 sarna,
703 771 822 832 quod
843 772 944 815 satis
965 780 1052 828 est,
1072 770 1218 814 habet.

156 911 256 946 mina
275 911 383 947 dives.
406 930 420 942 »
444 912 530 946 Vid.
554 912 653 946 Nost.
674 912 834 945 Juvenal.

157 965 226 999 vol.
240 966 257 998 Ι
270 988 279 1006 ,
294 978 374 1011 pag.
396 966 466 1011 370
479 974 513 999 et
536 969 578 1006 41
590 965 621 999 5.
635 966 702 998 En.

213 1018 272 1052 35.
296 1020 451 1064 Rumpet,
476 1018 539 1065 qui
570 1026 629 1051 tua
661 1019 725 1052 sub
755 1018 835 1063 galli

164 1079 307 1105 cantum
330 1072 419 1105 ostia
443 1072 571 1117 pulsat.
592 1086 644 1093 -
660 1071 809 1104 Pallidus
824 1098 834 1111 ‚

159 1124 283 1158 anxius
296 1149 305 1166 ,
329 1136 508 1170 causaeque
527 1137 596 1158 suae
616 1132 790 1158 metuens.

215 1178 274 1223 37.
293 1179 336 1211 In
353 1177 532 1211 nonnullis
550 1186 634 1211 vett.
653 1178 773 1222 sophffls
788 1199 840 1203 —

163 1229 296 1264 Grande
328 1231 452 1276 sophos.
492 1234 600 1275 Σαφῶς
639 1230 838 1275 sapienter:

160 1283 443 1329 frequentissima
469 1291 542 1316 erat
563 1282 762 1317 acclamatio
781 1295 840 1316 eo-

160 1349 260 1377 rum,
284 1336 344 1382 qui
371 1336 553 1369 recitantis
573 1335 702 1380 scripta
718 1334 840 1369 lauda-

159 1389 244 1422 bant
266 1401 274 1422 :
297 1392 440 1422 insanum
470 1389 583 1434 sophos
614 1396 716 1422 vocat
743 1388 841 1434 quod

161 1442 301 1476 insanus
316 1442 426 1476 homo
448 1443 491 1476 ab
516 1442 636 1475 insana
657 1442 760 1487 plebe
782 1454 842 1475 ex-

162 1496 353 1541 spectabat.

219 1547 278 1582 38.
302 1549 451 1581 Miserere
470 1556 502 1580 tu
517 1549 671 1591 felicium.
697 1549 766 1583 Alii
782 1550 843 1583 has

165 1601 430 1635 acclamationes
458 1610 491 1634 et
513 1602 674 1646 plausum
695 1603 842 1648 popula-

164 1666 241 1688 rem
256 1666 382 1700 magno
397 1654 511 1700 pretio
531 1655 721 1701 laboreque
739 1668 843 1689 aucu-

164 1714 295 1754 pentur
312 1718 319 1740 :
337 1715 377 1740 tu
397 1707 514 1740 felices
528 1708 605 1740 illos
617 1733 626 1748 ,
644 1720 765 1741 revera
780 1710 845 1742 mi-

167 1759 332 1793 serrimos
352 1787 361 1802 ‚
398 1768 432 1793 et
466 1760 663 1793 forensibus
696 1761 846 1807 negotiis

167 1821 339 1846 aeternum
351 1813 540 1858 implicitos
552 1813 707 1847 existima
721 1813 847 1860 dignos

167 1865 484 1899 commiseratione.
507 1866 574 1899 En.

223 1918 284 1962 39.
307 1919 344 1950 V
340 1932 452 1965 eroque
462 1920 581 1961 fruere.
603 1920 739 1952 Verum
764 1932 847 1964 gau-

895 910 994 945 dium
1022 911 1174 957 appellat
1202 910 1371 944 Martialis
1388 911 1497 945 vitam
1515 924 1573 957 ge-

895 964 1046 1007 nialem,
1071 976 1089 997 a
1114 965 1234 998 labore
1269 972 1374 1009 atque
1404 964 1448 997 ab
1476 965 1572 998 omni

895 1030 979 1051 cura
998 1019 1202 1051 immunem.
1232 1038 1284 1043 -—-
1310 1017 1386 1051 Non
1412 1017 1575 1063 superbus·-

896 1071 977 1104 Non
998 1071 1221 1109 ambitiosus,
1245 1082 1318 1106 non
1341 1070 1429 1104 levis
1452 1071 1575 1117 populi

898 1136 982 1157 aura
1000 1123 1154 1158 inflatus.
1495 1156 1499 1160 .

955 1182 1012 1218 40.
1027 1178 1114 1210 Dum
1123 1176 1206 1211 Sura
1218 1177 1367 1211 laudatur
1378 1185 1459 1210 tuus.
1471 1177 1577 1210 Hunc

899 1229 1021 1263 Suram
1054 1243 1198 1263 suorum
1224 1243 1395 1264 versuum
1421 1228 1578 1264 laudato·

899 1295 973 1316 rem
985 1308 994 1322 ,
1012 1291 1045 1316 et
1057 1284 1093 1316 in
1111 1283 1288 1317 Aventino
1301 1291 1422 1317 monte
1437 1282 1479 1316 ad
1496 1283 1578 1316 Dia-

899 1348 952 1369 nae
981 1336 1153 1382 templum
1178 1337 1395 1370 habitantem
1419 1336 1579 1369 nominat

902 1389 961 1422 lib.
984 1390 1055 1431 VI,
1074 1389 1184 1435 epigr.
1204 1402 1287 1423 wa
1300 1415 1309 1431 ,
1330 1402 1364 1423 v.
1392 1389 1459 1431 133
1480 1391 1579 1435 cujus

903 1441 1060 1487 quidem,
1069 1455 1251 1476 causarum
1258 1442 1409 1488 patroni,
1417 1450 1451 1475 et
1461 1443 1580 1476 Romae

903 1495 940 1528 in
967 1495 1044 1529 foro
1072 1496 1197 1529 versati
1216 1522 1225 1534 ,
1248 1496 1289 1528 fit
1318 1495 1451 1529 mentio
1485 1493 1579 1541 apud

905 1548 1035 1581 AElium
1053 1548 1167 1594 Spart.
1185 1549 1222 1582 in
1241 1548 1434 1582 Hadriano.

959 1606 978 1643 4
989 1613 1001 1634 Ι
1011 1629 1018 1635 .
1034 1601 1104 1636 Alii
1121 1614 1188 1647 pro
1202 1604 1286 1647 petit
1300 1603 1420 1648 legunt
1431 1603 1582 1647 perit.—

904 1654 980 1688 Non
996 1655 1198 1700 impudenter.
1217 1655 1238 1687 J
1242 1667 1303 1688 ure
1321 1655 1449 1688 merito
1468 1654 1581 1688 otium

905 1716 1020 1753 partes
1029 1708 1095 1741 sibi
1106 1707 1274 1747 vindicat,
1286 1721 1394 1754 quum
1406 1708 1496 1741 fama
1506 1720 1582 1740 suas

906 1760 1066 1805 implevit
1080 1773 1090 1802 ;
1110 1769 1216 1806 atque
1233 1761 1280 1795 ita
1296 1761 1414 1794 laudat
1430 1760 1581 1794 Licinia-

905 1826 991 1846 num
1005 1838 1014 1854 ,
1035 1813 1098 1859 qui
1116 1816 1245 1847 famam
1264 1814 1410 1859 adeptus
1428 1813 1494 1848 sibi
1509 1814 1581 1858 jam

906 1878 1028 1900 vacare
1062 1865 1211 1900 debehat
1226 1892 1235 1908 ,
1263 1880 1335 1901 non
1374 1867 1517 1912 ignavus
1549 1874 1581 1899 et

907 1919 1019 1964 segnis
1037 1918 1261 1965 judicandus.

823 2054 929 2109 LI.

429 2198 590 2229 Jocus
628 2200 692 2226 Ex
730 2197 962 2227 HoMERo
1000 2197 1054 2225 IN
1092 2176 1323 2226 cocunt*

245 2318 291 2361 Sl
318 2317 394 2360 tibi
418 2315 634 2376 Mistyllus
656 2332 809 2369 cocus,
833 2314 1083 2369 AEmiliane,
1104 2324 1314 2358 vocatur:

313 2389 497 2431 Dicetur
520 2402 653 2447 quare
670 2403 758 2430 non
778 2384 994 2429 Taratalla
1015 2384 1152 2428 mihi?

226 2515 241 2528 ¹
261 2519 325 2552 Hic
346 2519 442 2552 nulla
457 2519 614 2552 lectionis
630 2516 777 2551 varietas
796 2524 846 2550 est

175 2574 211 2605 iu
233 2572 330 2605 libris
345 2571 587 2617 manuscriptis
603 2579 660 2604 aut
673 2569 817 2603 excusis.

905 2516 1134 2549 AEmilianum
1149 2541 1158 2556 ,
1180 2516 1242 2561 qui
1259 2515 1456 2562 Mistyllum
1475 2531 1576 2553 voca-

904 2577 1002 2602 verat
1033 2581 1154 2602 cocum
1172 2594 1183 2610 ‚
1212 2582 1285 2602 nou
1317 2571 1381 2604 alia
1411 2572 1501 2605 forte
1531 2572 1576 2605 dc<

234 2637 265 2658 1.
287 2624 325 2657 Si
343 2625 399 2657 tibi
420 2625 592 2671 Mistyllas.
613 2624 718 2658 Jocus
739 2631 789 2656 est
810 2622 847 2655 in
905 2634 1005 2656 causa
1026 2634 1128 2667 quam
1147 2621 1246 2667 quod
1268 2622 1362 2668 apud
1383 2624 1577 2659 Homerum

247 2699 284 2739 I.

1314 2711 1339 2755 7
