2061 3288
791 221 851 263 Μ.
876 223 1013 265 VAL.
1054 223 1403 266 MARTIALI
1420 226 1447 265 S

1009 374 1237 430 XMV.

804 523 871 551 DE
910 524 1161 554 vesuvio
1200 505 1445 554 ΜΟΝΤΕ.”ι

491 650 578 692 Hic
605 657 670 691 est
695 649 935 708 pampineis
962 650 1112 693 viridis
1138 651 1269 694 modo
1293 651 1479 694 Vesvius
1513 651 1707 695 umbris.-

559 720 779 762 Presserat
806 719 877 764 hic
902 720 1095 764 madidos
1121 721 1276 765 nobilis
1304 737 1388 765 uva
1415 721 1545 765 lacus.

491 791 595 833 Haec
619 790 745 850 juga,
770 806 900 850 quam
928 790 1056 851 Nysae
1083 791 1235 848 colles,
1261 791 1357 852 plus
1389 793 1586 836 Bacchus
1615 794 1777 836 amavit
1804 809 1812 834 ;

497 932 660 993 Be'cfjto‘g
689 937 770 985 ἐςιν
797 931 860 978 ὅδ’
889 935 981 996 ἄρτι
1007 939 1225 988 κατάσκιος
1255 933 1538 981 οἰνοπέδοιο-ιν·

565 997 667 1048 Ωιδε
693 1007 821 1068 τρύγτ,
847 1009 989 1057 ληνοὺς
1016 1012 1155 1050 κλῢσεν
1184 1009 1424 1068 {brienne

496 1079 626 1119 Ταῦτ’
656 1077 748 1136 ἔρξ’,
775 1077 798 1124 ἦ
828 1079 995 1121 Νύσσαν
1025 1080 1126 1122 πολὺ
1155 1082 1306 1139 μᾶλλον
1334 1080 1482 1138 φίλατο
1510 1081 1689 1140 Βάκχος·

483 1206 496 1219 '‘
514 1211 564 1242 De
583 1211 700 1243 [ἐ.ςόἱο
726 1219 829 1243 monte
854 1212 891 1243 in
914 1210 993 1244 edd.
1019 1220 1103 1245 vett.

432 1286 483 1290 --
502 1263 701 1296 Vesuvium
721 1272 878 1297 montem
901 1265 1106 1310 nuperrime

432 1318 588 1349 Deorum
601 1317 819 1362 benignitate
837 1317 973 1351 felicem
988 1344 996 1358 ,
1012 1331 1108 1351 nunc

432 1369 637 1402 eorumdem
670 1370 720 1403 ira
748 1370 982 1404 tristissimum
998 1396 1007 1410 ,
1037 1384 1109 1404 non

431 1424 499 1466 jam
511 1423 640 1455 vitibus
652 1448 660 1464 ‚
671 1436 754 1468 quas
766 1424 875 1456 alebat
884 1446 893 1461 -‚
914 1424 1109 1457 decoranti-

433 1477 499 1509 hus
514 1488 671 1516 aureum,
684 1475 745 1509 sed
760 1475 906 1509 flammis
919 1503 927 1517 ‚
939 1490 1023 1522 quas
1034 1489 1112 1509 evo-

435 1529 519 1569 mit⁷
547 1529 801 1574 populantibus
825 1528 1109 1563 horridissimum

434 1582 550 1626 pingit
577 1582 758 1615 Martialis.
786 1581 996 1615 Incendium
1024 1583 1112 1622 hoc,

437 1635 521 1667 Tito
535 1634 730 1680 imperante
740 1661 748 1675 ‚
766 1635 931 1668 Romanis
944 1644 1113 1668 terrorem

438 1687 621 1732 injecerat,
634 1687 835 1732 prodigium
849 1688 995 1721 omnino
1014 1689 1115 1721 inau-

439 1740 553 1774 ditum
567 1767 576 1781 ,
593 1740 649 1773 vel
667 1740 787 1773 saltem
810 1742 927 1774 multis
947 1754 963 1774 a
984 1741 1116 1774 saeculis

438 1794 626 1838 repetitum
640 1819 649 1833 ,
665 1794 887 1828 mirantibus.
903 1795 978 1827 Hoc
993 1795 1119 1827 exstin-

440 1856 518 1880 ctus
540 1854 590 1879 est
609 1845 893 1891 diligentissimus
912 1856 1044 1880 naturae
1065 1848 1118 1880 in·-

441 1898 586 1944 dagator
604 1924 614 1941 ‚
646 1899 803 1941 Plinius,
840 1900 931 1934 sicut
956 1901 1042 1934 vixit
1073 1901 1119 1934 ita

442 1953 593 1985 moriens
602 1978 610 1993 ,
623 1964 741 1985 rerum
756 1966 874 1987 causas
885 1953 1119 1999 exploraud03

442 2007 542 2050 cujus
560 2017 679 2039 casum
699 2015 856 2040 accurate
873 2006 1038 2040 describit
1055 2007 1122 2040 Pli-

443 2059 523 2091 nius
542 2059 680 2104 junior,
706 2059 767 2092 lib.
785 2060 856 2101 VI,
884 2061 1031 2106 epistola
1055 2063 1097 2093 16
1113 2087 1121 2102 ‚

444 2110 488 2144 ad
503 2112 676 2145 Tacitum.
696 2113 764 2145 ΕΙ).
985 2145 987 2147 .

503 2177 534 2198 1.
560 2165 693 2197 Vesbius
707 2166 744 2198 in
763 2165 898 2199 iisdem.
917 2188 970 2192 —-
990 2168 1122 2211 Pampi-

445 2220 510 2249 neis
525 2218 692 2251 rviridia...
715 2219 841 2253 umbris.
854 2219 895 2252 Id
912 2228 983 2260 est,
1000 2218 1123 2252 viridis

444 2271 620 2316 pampinis
644 2272 869 2313 umbriferis3
892 2273 941 2305 sic
961 2285 1024 2318 per
1049 2285 1123 2306 me-

447 2324 640 2367 tonymiam
656 2324 870 2359 viriditatem
884 2351 893 2366 ,
911 2338 987 2371 quae
1007 2325 1051 2358 ad
1071 2326 1123 2358 vi·

446 2384 517 2409 tem
540 2377 694 2420 pertinet
707 2403 717 2418 ,
738 2379 862 2411 tribuit
875 2379 1030 2420 umhrae,
1047 2391 1125 2424 quae

447 2441 584 2474 semper
615 2430 723 2475 nigra.
754 2432 821 2464 En.
850 2454 901 2458 —
931 2433 1123 2476 Pumpineis.

447 2482 528 2514 Nou
550 2481 697 2526 priscam
719 2485 934 2518 fertilitatem
956 2484 1125 2518 dedidicit

449 2535 646 2577 Vesuvius,
664 2537 775 2569 multo
801 2538 886 2570 vino
912 2537 1008 2584 quod
1028 2538 1124 2572 Grae-

449 2600 532 2621 cuin
562 2596 708 2621 vocatur
722 2616 730 2629 ‚
762 2591 888 2624 nostris
918 2591 1042 2624 diebus
1067 2604 1124 2624 co-

450 2640 578 2685 piosus.
598 2641 662 2674 En.
687 2664 737 2668 —
759 2644 880 2675 l'irlrlis
901 2645 1001 2676 mollo.
1024 2644 1125 2676 Nunc

1166 1221 1280 1245 autem
1300 1212 1416 1257 niger;
1433 1225 1586 1258 namque
1604 1231 1617 1242 α
1639 1214 1777 1247 Cuncta
1792 1214 1844 1257 ja—

1167 1273 1247 1298 cent
1277 1264 1447 1305 flammis,
1470 1275 1504 1299 et
1528 1267 1619 1299 tristi
1654 1279 1766 1299 mersa
1795 1267 1845 1298 fa-

1167 1319 1282 1351 villa.»
1302 1319 1569 1352 ED.—-Vesvius
1602 1319 1774 1361 Vesvius,
1792 1319 1849 1352 vel

1175 1371 1344 1404 Vesuvius
1364 1369 1493 1417 (quem
1512 1381 1545 1405 et
1563 1372 1621 1405 alii
1636 1381 1766 1405 vocant
1780 1373 1851 1404 Ve-

1170 1424 1303 1457 sebium
1315 1451 1324 1465 ‚
1342 1425 1396 1457 vel
1411 1424 1580 1457 Vesbium
1595 1424 1629 1466 ),
1641 1438 1742 1458 mons
1761 1424 1850 1470 igni-

1171 1489 1295 1510 vomus
1309 1477 1344 1509 in
1364 1485 1457 1510 terra
1472 1477 1616 1511 Laboris
1634 1490 1746 1524 prope
1759 1477 1852 1510 Nea-

1171 1530 1298 1574 polim,
1315 1543 1410 1563 nunc
1427 1531 1534 1575 vulgo
1547 1540 1689 1564 vocatus
1709 1531 1735 1563 il
1751 1539 1853 1562 monte

1172 1583 1206 1615 di
1219 1582 1346 1616 Somma
1358 1608 1366 1623 ,
1382 1583 1493 1616 tribus
1505 1584 1659 1617 millibus
1674 1592 1709 1616 et
1721 1583 1853 1629 septin-

1173 1636 1284 1681 gentis
1304 1634 1456 1681 pedihus
1477 1648 1579 1680 supra
1605 1636 1710 1669 maris
1731 1648 1856 1681 super-

1174 1688 1289 1721 ficiem
1315 1689 1471 1722 eminens
1486 1715 1496 1730 ‚
1520 1697 1555 1722 et
1579 1702 1620 1723 ex
1648 1701 1740 1722 anuo
1758 1690 1793 1723 J.
1813 1689 1853 1722 C.

1178 1754 1223 1785 79
1255 1740 1297 1774 ad
1329 1754 1460 1774 annum
1494 1754 1589 1787 1779
1610 1768 1619 1783 ,
1648 1742 1792 1788 triginta
1822 1749 1857 1774 et

1176 1795 1288 1827 tribus
1310 1795 1556 1840 eruptionibus
1577 1796 1732 1828 celebris.
1753 1795 1857 1828 Hunc

1177 1860 1288 1893 prope
1312 1848 1530 1893 recolligitur
1551 1848 1673 1881 vinum
1691 1856 1857 1881 vocatum

1178 1902 1335 1946 Lacr-yma
1357 1901 1496 1940 Clu-isti,
1515 1914 1575 1934 sua
1594 1902 1683 1934 fama
1697 1913 1769 1934 non
1785 1913 1859 1934 om-

1179 1954 1264 1986 nino
1280 1952 1437 1999 dignum.
1459 1955 1511 1987 De
1531 1954 1598 1987 hoc
1614 1953 1696 1987 vide
1712 1954 1856 1987 Sueton.

1179 2007 1217 2040 in
1234 2007 1316 2040 Tito
1330 2032 1339 2048 ,
1359 2019 1433 2052 cap.
1459 2009 1479 2041 8
1496 2029 1506 2043 ‚
1529 2007 1679 2040 Statium
1692 2033 1701 2049 ‚
1714 2007 1836 2040 Silium
1852 2032 1862 2046 ,

1181 2060 1331 2092 Dionem
1344 2085 1353 2100 ‚
1382 2060 1572 2093 Eusebium
1588 2086 1598 2102 ,
1617 2069 1683 2093 etc.
1703 2061 1827 2093 Florus
1847 2071 1856 2093 :

1186 2131 1199 2142 a
1222 2113 1288 2146 Hic
1311 2113 1429 2146 amicti
1448 2113 1577 2147 vitibus
1603 2122 1741 2147 montes
1761 2113 1858 2146 Gau-

1181 2178 1252 2207 rus,
1268 2165 1433 2199 Falernus
1443 2192 1451 2207 ‚
1461 2166 1627 2200 Massicus
1636 2192 1645 2208 ,
1658 2166 1861 2212 etpulcher-

1182 2219 1291 2252 rimus
1325 2219 1507 2261 omnium,
1529 2220 1725 2261 Vesuvius,
1747 2221 1862 2252 AEtnae

1183 2272 1348 2305 imitator.
1367 2289 1380 2301 n
1404 2272 1472 2306 ΕΙ).

1240 2339 1271 2358 2.
1292 2326 1467 2359 Presserat.
1486 2325 1712 2371 Oppleverat.
1729 2347 1781 2352 ——-
1793 2325 1864 2358 La·

1184 2391 1247 2411 cus.
1271 2378 1485 2412 Torcularia.
1509 2378 1588 2412 Sive
1612 2378 1766 2423 intellige
1784 2390 1864 2411 vasa

1185 2444 1263 2476 quae
1298 2431 1477 2477 excipiunt
1514 2432 1636 2465 vinum
1651 2458 1660 2472 ‚
1697 2430 1863 2464 torculari

1186 2496 1397 2529 expressum.
1427 2483 1519 2518 Vide
1541 2485 1603 2518 lib.
1631 2485 1720 2525 VII,
1752 2483 1861 2529 epigr.

1186 2550 1320 2577 xxvnx,
1339 2550 1384 2571 vs.
1409 2542 1442 2578 4.

1243 2592 1273 2624 3.
1283 2591 1419 2624 Beverl.
1430 2591 1508 2623 MS.
1520 2591 1610 2623 modo
1620 2589 1762 2623 Bacchus
1776 2602 1863 2621 αυια-

1192 2645 1244 2676 rit.
1266 2665 1316 2670 --
1331 2645 1411 2676 Htw
1425 2645 1506 2687 juga
1526 2670 1533 2682 ,
1556 2651 1618 2676 etc.
1639 2643 1694 2675 Ob
1714 2642 1786 2674 viui
1801 2654 1862 2674 no-
