2061 3288
430 215 1014 262 EPIGRAMMATUM
1054 214 1176 256 LIB.
1217 214 1301 255 IV.

1476 210 1574 267 [213

708 373 1011 430 XXXIV.

672 534 697 560 Α
718 533 744 560 D
797 531 1009 560 ATTALU
1026 530 1074 558 M.

232 659 443 701 SonmnA
474 675 607 718 quum
641 657 716 700 tibi
745 658 821 712 sit,
843 672 995 699 verum
1024 664 1193 708 tamen,
1217 653 1381 710 Attalo,
1408 652 1536 707 dicit,

303 729 510 789 Quisquis
539 738 580 772 te
608 729 778 771 niveam
810 727 915 771 dicit
946 725 1106 769 habere
1136 734 1295 786 togam.

220 880 249 900 1.
277 867 374 900 Nivea
412 879 477 900 vox
505 879 613 912 quum
644 867 838 913 apponitur

162 921 237 954 voci
268 921 396 954 sordida
418 947 426 959 ‚
462 920 632 966 signifieat
669 920 805 953 candida
826 947 835 960 ,

157 987 239 1018 pura
254 987 266 1013 ;
283 986 392 1019 quun]
413 974 608 1019 opponitur
624 974 699 1007 voci
717 974 834 1013 calida,

160 1027 331 1072 siguificat
340 1027 478 1071 frigida.
496 1026 589 1060 Vide
604 1027 664 1060 lib.
679 1027 734 1060 [II
746 1053 754 1067 ‚
771 1027 839 1072 epi-

160 1092 306 1124 gramm.
334 1093 457 1122 xxxrv,
486 1079 529 1113 de
557 1080 707 1114 Chione.
732 1079 838 1113 Ludit

162 1133 269 1178 igitur
302 1133 338 1166 in
368 1133 591 1179 ambiguitate
619 1133 716 1166 verbi
744 1133 837 1166 Mar-

161 1186 268 1226 tialis,
289 1186 408 1220 dicens
426 1195 555 1220 vestem
573 1185 751 1220 sordidam
767 1199 838 1220 esse

161 1241 300 1279 niveam,
327 1239 362 1272 id
381 1248 429 1272 est
448 1266 456 1280 ‚
472 1239 648 1284 frigidum,
672 1240 755 1285 quia
778 1239 838 1272 de-

163 1291 303 1325 tloccata
334 1293 448 1338 frigus
488 1293 767 1335 intromittebat,
805 1301 840 1326 et

161 1357 256 1378 cerea
270 1354 343 1380 erat
353 1373 361 1388 ‚
375 1355 413 1379 ut
424 1347 479 1380 illa
497 1347 599 1380 vestis
615 1346 838 1387 Mamurizmi,

898 866 960 899 lib.
978 867 994 898 I
1012 890 1022 905 ‚
1047 865 1154 911 epigr,
1176 877 1265 898 xcnr
1279 890 1288 906 ‚
1319 876 1420 898 versu
1445 878 1464 910 7
1484 878 1492 897 2
1523 866 1576 898 vel

899 919 1003 953 etiam
1029 918 1184 964 intellige
1203 921 1321 951 niveam
1334 945 1343 958 ‚
1368 918 1413 951 ita
1435 918 1551 952 tritam
1568 944 1577 958 ‚

898 981 937 1006 ut
958 972 1016 1006 fila
1035 970 1128 1005 nuda
1155 971 1378 1005 albescerent.
1406 971 1490 1005 Vid.
1515 972 1574 1005 lib.

898 1027 949 1060 IX
962 1052 970 1067 ‚
989 1025 1100 1071 epigr.
1119 1038 1159 1066 L,
1179 1037 1229 1058 vs.
1251 1025 1270 1057 8
1293 1037 1301 1057 τ
1331 1042 1344 1054 «
1365 1025 1478 1066 Quam
1495 1037 1577 1070 pos-

897 1080 942 1113 sis
963 1079 1100 1112 niveam
1121 1077 1238 1112 dicere
1254 1079 1331 1124 jure
1351 1086 1425 1111 tuo.
1442 1078 1508 1111 ED.
1525 1099 1577 1105 —

898 1132 1041 1166 Disitin
1053 1132 1138 1165 aliis.
1157 1131 1271 1165 Attalo
1289 1132 1366 1164 dicit
1381 1130 1462 1164 Ald.
1475 1132 1494 1164 J
1500 1140 1575 1164 unt.

899 1187 1015 1220 Colin.
1047 1185 1186 1231 Gryph.
1218 1186 1404 1218 Pulmann.
1434 1185 1574 1218 Junian.

898 1239 1006 1284 Lang.
1026 1239 1151 1284 Delph.
1169 1247 1234 1272 etc.

956 1306 989 1325 2.
1010 1293 1051 1325 In
1070 1291 1194 1326 iisdem
1222 1292 1402 1326 codicibus
1426 1291 1555 1337 legitur
1570 1317 1578 1331 ‚

899 1346 975 1379 dicit
991 1346 1102 1378 habere
1122 1353 1240 1391 togam.

728 1483 1013 1539 XXXV.

542 1643 608 1670 DE
648 1641 832 1671 PUGNA
870 1621 1190 1670 ΒΑΜΛΒΠΜ.ῃ

229 1771 262 1812 F
266 1784 496 1813 RONTtBUS
521 1767 712 1812 adversis
737 1767 889 1812 molles
916 1783 1178 1812 concurrere
1205 1766 1353 1810 damas

212 1908 225 1921 *
249 1913 290 1945 In
323 1911 527 1958 spectaculis
561 1911 736 1944 veteribus
764 1923 833 1944 non

161 1964 266 1999 modo
283 1966 362 1998 ferae
376 1965 624 1998 emittebantur
643 1964 679 1997 in
695 1976 835 1997 arenam

161 2027 201 2051 ut
231 2019 363 2057 leones,
392 2018 520 2063 tigres,
550 2018 646 2059 ursi,
671 2017 835 2050 rhinoce-

160 2079 271 2113 rotes,
292 2071 509 2116 elepliaute5‚
524 2071 616 2104 tauri
632 2096 641 2112 ‚
655 2069 715 2104 sed
733 2070 835 2103 etiam

160 2125 409 2159 mansuetiores
431 2150 441 2165 ‚
472 2132 505 2157 et
536 2124 692 2159 cicures,
725 2124 836 2157 veluti

158 2190 286 2222 grues,
312 2186 350 2211 ut
382 2185 524 2210 testatur
557 2176 764 2222 Xiphilinus
799 2177 835 2210 in

159 2230 265 2272 Tito,
297 2230 378 2276 galli
409 2231 616 2275 gallinacei,
649 2238 688 2263 ut
715 2230 837 2263 scribit

161 2282 337 2324 AEIianus,
356 2282 416 2315 lib.
438 2283 490 2319 II,
514 2295 588 2329 cap.
611 2296 627 2315 2
648 2309 657 2323 ‚
679 2282 723 2316 de
742 2283 836 2316 varia

160 2335 324 2377 historia,
347 2344 380 2368 et
402 2336 492 2369 Ptin.
512 2336 572 2369 lih.
592 2337 624 2369 X
641 2362 649 2375 ,
672 2348 746 2380 cap.
768 2348 809 2369 21
826 2362 836 2378 ‚

159 2396 193 2421 et
223 2388 444 2422 Herodianus
470 2389 506 2421 in
532 2390 660 2422 Severo
688 2401 694 2422 :
729 2389 836 2422 simiae

159 2442 263 2475 etiam
279 2468 288 2483 ,
310 2454 386 2487 quae
409 2454 515 2488 parva
544 2442 700 2488 corporis
725 2441 834 2475 decli-

158 2495 299 2528 natione
325 2496 414 2528 ictus
436 2495 618 2528 missilium
635 2495 810 2528 evitabant
826 2523 833 2534 ,

161 2555 199 2580 ut
214 2548 271 2580 hic.
287 2549 425 2588 Noster,
440 2548 498 2580 lib.
521 2548 620 2588 XIV,
633 2548 744 2593 epigr.
756 2560 809 2581 cet
827 2561 833 2581 :

164 2618 175 2626 ⁴·
202 2600 356 2634 Callidus
385 2601 521 2634 emissas
547 2600 687 2634 eludere
717 2601 835 2633 simius

160 2654 282 2694 hastas,
303 2654 337 2687 Si
356 2654 441 2686 mihi
463 2652 570 2686 canda
588 2654 691 2695 foret,
709 2655 833 2687 Cerro-

894 1911 1056 1956 pithecus
1083 1923 1190 1943 eram.
1213 1927 1226 1939 ιι
1266 1910 1311 1943 Et
1341 1910 1479 1956 lepores
1496 1936 1506 1952 .,
1538 1922 1574 1946 ut

895 1977 998 2009 supra
1015 1962 1148 1997 dictum
1166 1971 1217 1997 est
1237 1963 1399 2009 pluribus
1412 1964 1448 1996 in
1467 1964 1548 1998 locis
1567 1978 1575 1998 :

895 2016 1046 2062 denique
1080 2016 1214 2058 damae,
1245 2025 1284 2050 ut
1310 2025 1406 2063 patet
1438 2029 1478 2050 ex
1507 2018 1574 2052 hoc

895 2071 1002 2115 epigr.
1034 2079 1068 2103 et
1094 2070 1175 2103 infr.
1199 2070 1309 2116 epigr.
1338 2083 1455 2103 Lxxlv.
1481 2071 1575 2105 Vide·

897 2132 931 2157 et
946 2124 1075 2157 librum
1092 2123 1207 2169 Spect.
1229 2124 1336 2170 epigr.
1357 2136 1468 2158 xxxn.

952 2189 981 2211 1.
1004 2177 1037 2210 F
1037 2177 1176 2210 rontilm
1191 2177 1338 2210 adversis.
1364 2177 1435 2218 Qui
1455 2185 1573 2210 autem

894 2243 969 2264 mos
1000 2239 1051 2263 est
1091 2239 1323 2264 cornutorum
1359 2230 1575 2265 animalium.

894 2305 946 2310 —-
965 2284 1089 2317 Molles.
1115 2283 1208 2316 Sunt
1229 2292 1352 2316 natura
1372 2296 1432 2316 sua
1451 2284 1574 2317 imbel-

894 2337 943 2370 les
960 2336 1070 2369 damae
1087 2350 1094 2377 3
1115 2337 1176 2370 lib.
1202 2337 1291 2369 XIII
1306 2362 1315 2378 ,
1336 2337 1444 2381 epigr.
1464 2350 1546 2369 xcrv
1563 2349 1570 2369 :

900 2407 913 2419 «
932 2391 1043 2423 Dente
1063 2390 1232 2423 timentur
1254 2391 1351 2435 apri3
1376 2389 1572 2423 defendunt

894 2455 1028 2476 cornua
1067 2455 1198 2476 cervos.
1243 2443 1406 2476 Imbelles
1441 2442 1552 2476 damae
1566 2469 1574 2481 .,

894 2495 978 2541 quid
1000 2495 1067 2528 nisi
1086 2494 1202 2540 praeda
1222 2496 1367 2529 sumus?
1388 2513 1401 2526 »ι
1425 2496 1573 2529 Miratur

895 2561 976 2593 ergo
1006 2549 1112 2581 Poeta
1148 2549 1281 2594 fugacia
1321 2549 1509 2582 animantia
1538 2550 1572 2582 in

895 2610 1051 2635 mutuam
1084 2614 1206 2635 necem
1239 2602 1504 2642 concurrentia,
1533 2611 1566 2634 ut

897 2655 1028 2688 faciunt
1047 2655 1135 2687 tauri
1156 2656 1210 2688 vel
1225 2655 1446 2699 gladiatores.
1464 2656 1529 2687 En
