2061 3288
464 226 558 278 242

458 309 560 354 Lyris
577 330 586 346 ‚
612 321 721 354 quum
753 310 849 343 ebria
869 309 943 344 est?
968 311 1019 343 nil
1042 310 1136 344 aliud

457 375 561 408 quam
588 361 683 408 quod
712 362 795 396 facit
823 376 963 409 quoque
991 364 1133 398 sobria:

457 415 562 448 fellat.
603 437 654 442 —
690 416 853 461 Denique
889 418 915 449 si
958 417 1105 463 legimus
1125 429 1133 450 :

461 486 473 497 α
491 467 587 510 Quid
598 469 700 502 faciat
714 469 764 503 vis
779 470 867 502 scire
882 470 983 516 Lyris
1000 484 1007 502 :
1024 469 1134 515 quid?

456 522 571 554 sobria
603 522 751 563 fellat»,
775 522 1009 569 intelligemus
1034 537 1040 555 :
1067 524 1132 557 Vis

454 575 542 609 scire
553 574 637 620 quid
650 575 749 609 faciat
760 576 862 621 Lyris
872 576 989 610 ?fellat
997 576 1131 619 sobria;

454 628 563 662 immo
592 629 700 674 magis
725 629 832 662 ebria.
855 651 907 657 —
926 629 962 662 Si
984 629 1133 675 legimus

840 225 902 268 M.
928 226 1069 268 VAL.
1109 227 1504 272 MARTIALIS

1195 312 1291 346 hunc
1327 326 1468 348 versum
1501 322 1539 347 ut
1573 314 1847 348 Musamhertius
1863 327 1870 348 :

1198 365 1287 410 Quid
1296 368 1405 410 faciat
1418 370 1470 400 wis
1481 367 1559 400 scire
1577 367 1671 414 Lyris
1688 381 1807 414 quoque
1822 381 1873 401 so-

1195 419 1293 451 bria?
1310 419 1429 463 fellat,
1449 420 1684 466 intelligemus
1710 421 1808 466 quasi
1824 419 1875 453 di-

1194 481 1288 506 ceret
1307 485 1314 505 :
1336 473 1402 507 Illa
1423 487 1458 507 se
1486 472 1601 506 videri
1629 473 1708 507 vult
1740 473 1872 507 ebriam

1193 533 1332 559 tantum
1348 526 1415 560 hoc
1426 527 1561 560 facinus
1578 526 1689 560 facere
1703 520 1768 569 (ut
1781 526 1875 560 Aris-

1193 579 1293 623 toph.
1302 578 1449 626 Vespis)
1462 594 1472 622 ;
1485 579 1546 614 sed
1562 579 1655 613 idem
1668 592 1755 626 opus
1768 579 1874 614 etiam

1193 632 1328 666 sobriae.

1011 760 1314 818 LXXIV.

680 911 733 939 IN
773 910 1080 951 SAUFEIUM,
1117 911 1325 940 FlCTUM
1365 892 1651 942 DIVITEM*

594 1030 816 1073 CINCTUM
842 1030 1000 1089 togatis
1032 1039 1132 1090 post
1156 1038 1200 1073 et
1225 1039 1324 1074 ante
1344 1031 1564 1075 Saufeium
1580 1067 1592 1087 ,

594 1102 772 1157 Quanta
804 1099 954 1144 reduci
984 1099 1179 1161 Regulus
1211 1100 1320 1145 solet
1344 1102 1496 1157 turha,

594 1170 661 1214 Ad
689 1169 776 1214 alta
800 1180 979 1214 tonsum
1006 1170 1169 1232 templa
1197 1189 1333 1233 quum
1364 1189 1488 1216 reum
1514 1173 1652 1229 misit,

593 1237 815 1297 Materne,
846 1241 1015 1286 cernis?
1040 1241 1233 1286 invidere
1263 1242 1413 1288 nolito.

593 1313 840 1356 Comitatus
868 1313 948 1356 iste
977 1314 1052 1367 sit,
1082 1329 1259 1374 precor,
1288 1324 1389 1358 tuus
1419 1329 1659 1375 nunquam.
1859 1333 1872 1357 5

508 1444 522 1456 *
557 1447 738 1479 Consonat
773 1447 857 1479 huic
891 1447 1132 1492 epigrammati

455 1499 562 1544 epigr.
580 1512 656 1532 Lvn
673 1512 769 1545 supr.
791 1500 957 1545 Depingit
974 1500 1010 1532 in
1028 1512 1068 1532 eo
1087 1501 1134 1533 fa-

453 1561 612 1584 stuosum
650 1565 822 1585 incessum
860 1561 894 1585 et
927 1561 1133 1586 comitatum

455 1605 587 1638 Saufeii
606 1604 787 1650 cujusdam
810 1606 983 1639 ambitiosi
1002 1618 1132 1652 paupe—

454 1658 502 1690 ris
516 1682 525 1698 ‚
548 1670 608 1690 sua
625 1658 716 1691 bona
739 1658 1008 1692 foeneratoribus
1031 1659 1133 1705 oppi-

451 1711 649 1756 gneraufis,
670 1720 709 1744 ut
726 1712 1010 1745 anteambulones
1031 1712 1136 1745 habe-

454 1773 509 1797 ret
543 1772 576 1796 et
602 1763 820 1809 pedisequos.
842 1765 998 1798 Mittitur
1025 1764 1133 1810 epigr.

457 1815 500 1849 ad
537 1817 735 1850 Maternum
770 1818 927 1850 nobilem
959 1826 1134 1851 oratorem

456 1870 560 1915 hujus
575 1871 700 1911 aetatis,
715 1870 759 1903 de
777 1883 848 1916 quo
863 1871 1018 1916 plurima
1036 1883 1135 1904 men-

457 1923 506 1955 tio
528 1922 621 1968 apud
641 1924 796 1956 Plinium
818 1924 1016 1968 juniorem,
1037 1932 1071 1956 et
1099 1925 1134 1957 in

457 1988 498 2008 eo
519 1976 663 2020 Dialogo
681 1975 722 2008 de
744 1977 854 2010 causis
873 1985 1047 2022 corruptae
1067 1978 1137 2009 elo-

456 2029 626 2073 quentiae,
640 2029 701 2073 qui
720 2029 887 2062 tribuitur
902 2030 1133 2071 Quintiliano.

458 2080 550 2114 Vide
564 2093 703 2126 quoque
718 2082 780 2115 lib.
796 2082 827 2114 X
840 2108 849 2122 ,
865 2083 974 2127 epigr.
992 2094 1114 2115 xxxvn
1125 2108 1134 2125 ,

458 2142 492 2166 et
511 2147 614 2180 supra
634 2135 741 2180 epigr.
761 2147 850 2168 Lvn.

510 2209 561 2213 --
590 2188 629 2220 In
659 2187 835 2229 Saafiffllum
866 2188 1070 2221 inscribitur
1097 2189 1134 2221 in

457 2239 538 2274 edd.
560 2249 640 2273 vett.
666 2241 724 2273 Ad
742 2235 921 2273 ,Maternum
939 2242 1104 2274 Ramires.

515 2305 545 2326 1.
575 2294 717 2337 Tagulis.
745 2294 960 2336 Clientibus,
982 2303 1059 2339 toga
1079 2295 1132 2327 in-

457 2345 551 2378 dutis
569 2347 713 2379 honoris
731 2359 842 2380 causa.
865 2347 996 2379 ED.--
1008 2349 1086 2380 Post
1103 2355 1134 2380 et

456 2407 538 2430 afile.
578 2400 915 2433 Anteambulonibus
930 2426 938 2441 ,
968 2401 1132 2434 lateroni-

455 2452 519 2484 bus
537 2476 546 2492 ‚
570 2451 780 2498 pedisequis.

512 2517 545 2537 2.
563 2504 706 2549 Legitur
727 2506 762 2538 in
783 2505 938 2539 editione
952 2506 1046 2539 Junii
1063 2507 1130 2539 sola

455 2558 546 2588 turba
564 2582 573 2597 ,
600 2570 665 2601 pro
695 2559 772 2590 solet
805 2559 918 2597 lut-lut;
944 2572 1129 2604 operarum

452 2609 653 2642 manifestus
665 2623 776 2644 error.
793 2634 845 2638 -—-
864 2612 993 2655 Quanta
1013 2613 1128 2646 reduci.

451 2662 578 2696 Sensus
592 2672 659 2696 est:
680 2664 772 2697 Yide
783 2664 958 2698 Saufeium
973 2665 1128 2698 cinctum

1193 1448 1294 1481 turba
1315 1456 1410 1481 tanta
1432 1455 1561 1493 quanta
1583 1446 1736 1491 cingitur
1757 1446 1874 1492 Regu-

1191 1501 1263 1539 lus,
1283 1513 1392 1546 quum
1412 1501 1553 1534 clientes
1575 1499 1751 1533 innumeri
1773 1512 1792 1532 e
1811 1500 1873 1533 tri-

1192 1553 1314 1587 bunali
1332 1553 1499 1587 reducem
1513 1579 1522 1594 ,
1544 1553 1607 1586 ubi
1621 1554 1694 1598 ejus
1711 1553 1874 1598 eloquen-

1192 1606 1238 1639 tia
1256 1607 1434 1640 absolutus
1453 1607 1520 1640 fuit
1534 1619 1613 1639 reus
1631 1604 1776 1651 quidam
1789 1630 1799 1646 ‚
1814 1617 1872 1638 co-

1191 1660 1362 1694 mitantur
1371 1685 1380 1701 ,
1391 1669 1425 1693 et
1438 1658 1585 1692 domum
1600 1658 1793 1692 deducunt.
1804 1659 1871 1691 ΕΙ).

1192 1733 1244 1738 ——
1282 1713 1433 1757 Regulus.
1473 1711 1677 1746 Causidicus
1695 1736 1705 1753 ‚
1742 1711 1872 1754 amicus

1192 1765 1365 1798 Martialis
1380 1790 1389 1805 ,
1410 1766 1471 1811 qui
1503 1766 1540 1798 in
1576 1777 1654 1798 eum
1686 1764 1870 1809 benignus.

1194 1817 1277 1852 Vid.
1304 1818 1363 1852 lib.
1386 1819 1404 1851 I
1417 1845 1425 1859 ‚
1447 1818 1555 1864 epigr.
1575 1829 1662 1857 24111,
1682 1829 1821 1851 Lxxxni
1838 1825 1872 1851 et

1193 1883 1279 1904 cx11.
1303 1872 1354 1905 De
1381 1871 1538 1916 ejusdem
1564 1879 1679 1903 autem
1708 1870 1871 1904 facultate

1192 1923 1353 1966 dicendi,
1368 1923 1480 1970 deque
1493 1924 1583 1957 mala
1597 1931 1715 1956 mente
1731 1932 1765 1956 et
1779 1923 1871 1957 malo

1194 1977 1333 2018 animo,
1362 1978 1473 2011 multa
1501 1978 1614 2021 legere
1646 1985 1746 2021 potes
1774 1973 1870 2021 apud

1193 2030 1360 2062 Plinium.
1381 2052 1432 2056 —
1456 2030 1574 2062 Tur-ha.
1596 2029 1674 2063 Lib.
1693 2030 1720 2063 I.
1743 2029 1870 2062 Orato-

1191 2094 1246 2115 res
1271 2095 1355 2115 vero
1383 2083 1467 2115 clari
1492 2091 1525 2116 et
1550 2082 1699 2116 victores
1725 2081 1870 2115 domum

1192 2147 1212 2168 e
1235 2136 1311 2168 foro
1337 2134 1604 2169 deducebantur
1625 2148 1643 2168 a
1671 2135 1805 2181 populo
1835 2142 1870 2168 et

1193 2189 1310 2222 amicis
1326 2201 1468 2222 reorum
1487 2189 1742 2222 absolutorum.

1248 2241 1280 2275 3.
1304 2243 1454 2275 Tonsum.
1469 2242 1532 2275 Rei
1548 2241 1609 2287 qui
1626 2240 1804 2286 pendente
1816 2241 1870 2284 ju-

1191 2293 1285 2327 dicio
1310 2294 1499 2328 sordebant
1516 2293 1664 2340 squalidi
1683 2293 1816 2339 capillis
1835 2301 1868 2325 et

1190 2347 1298 2380 barba
1312 2348 1498 2393 promissa,
1513 2348 1577 2380 ubi
1590 2347 1739 2380 absoluti
1758 2353 1868 2388 erant,

1190 2400 1452 2442 tondebantur,
1479 2400 1691 2446 mutatisque
1713 2399 1868 2432 vestibus

1190 2454 1290 2486 uncti
1309 2454 1522 2499 Capitolium
1543 2451 1794 2489 ascendebant,
1811 2451 1869 2482 Jo-

1190 2507 1223 2539 vi
1246 2508 1370 2551 gratias
1393 2519 1433 2540 ex
1453 2515 1535 2539 voto
1555 2505 1689 2545 acturi,
1717 2504 1867 2548 stipante

1189 2560 1385 2593 amicorum
1406 2572 1546 2604 quoque
1574 2566 1677 2591 uncta
1706 2566 1739 2590 et
1767 2564 1866 2588 tonsa

1190 2624 1329 2645 corona.
1351 2612 1433 2645 vid.
1457 2612 1564 2657 epigr.
1587 2623 1668 2644 xx1v
1695 2622 1790 2655 supr.
1816 2621 1863 2641 vs.

1195 2678 1207 2697 1
1237 2674 1269 2697 et
1295 2679 1326 2698 2.
1352 2666 1417 2698 ΕΒ.
