2061 3288
449 217 538 275 198

820 220 881 261 M.
905 221 1043 264 VAL.
1084 222 1474 266 MARTlALlS

1033 374 1259 432 XXXI.

931 528 998 556 AD

1042 529 1358 560 MARIANUM.

507 652 636 696 SAEPE
663 668 744 713 ego
771 652 1047 697 Chrestinam
1072 654 1196 698 futui.
1219 656 1308 698 Det
1332 670 1461 715 quam
1486 655 1597 699 bene
1612 691 1623 712 ‚
1646 655 1832 716 quaeris?

572 723 713 783 Supra
743 722 861 784 quod
890 722 984 767 fieri
1014 722 1097 780 nil,
1124 725 1345 781 Mai-iane,
1376 735 1530 786 potest.

497 880 528 901 1.
554 868 644 913 Saepe
667 882 724 914 ego
749 870 943 904 Christinam
957 873 989 914 s.
1012 872 1063 904 det
1081 856 1112 913 ξ

438 922 512 953 hene
534 921 569 954 in
592 921 672 956 edd.
695 931 779 957 vett.
800 936 881 957 cum
903 926 1001 958 Juut.
1023 937 1116 959 anno

444 974 538 1007 1510
557 1000 565 1016 ‚
586 984 619 1008 et
642 976 757 1010 Colin.
776 989 869 1010 anno
899 978 1008 1012 1528.
1035 979 1116 1011 Pul-

438 1039 585 1060 mannus
598 1053 606 1066 ,
628 1029 758 1062 Junius
773 1056 782 1071 ‚
809 1031 960 1076 Langius
973 1057 981 1072 ‚
1000 1032 1116 1064 Rami-

439 1080 549 1113 resius
559 1107 567 1122 ,
579 1089 645 1115 etc.
661 1082 783 1127 legunt
793 1084 896 1116 etiam
910 1084 1113 1125 Clu-istium,

438 1132 534 1177 quod
562 1142 708 1168 testatur
728 1135 905 1170 Calderini
927 1137 1037 1171 codex
1056 1151 1116 1171 an-

440 1185 569 1231 tiquus.

496 1252 529 1272 2.
546 1239 652 1285 Supra
666 1243 759 1286 quod,
781 1251 846 1276 etc.
861 1243 943 1277 Haec
956 1245 1060 1277 verba
1081 1245 1117 1277 in

440 1294 618 1326 communi
640 1307 800 1328 sermone
824 1297 1023 1341 significant
1042 1309 1050 1330 :
1075 1297 1117 1330 Id

440 1357 508 1389 quo
535 1346 623 1379 nihil
650 1349 775 1382 melius
797 1362 869 1382 esse
894 1358 1019 1393 potest.
1050 1350 1117 1384 Sed

440 1397 475 1430 in
491 1411 613 1431 eorum
631 1402 856 1446 ambiguitate
868 1402 961 1436 ludit
978 1404 1115 1437 Noster.

443 1451 600 1497 Intellige
617 1461 687 1486 tani
706 1455 893 1489 libidinose
908 1465 942 1489 et
955 1458 1116 1501 nequiter

439 1502 522 1537 dare
534 1506 754 1540 Chrestillam
766 1534 774 1548 ,
785 1518 822 1541 ut
836 1509 895 1554 qui
910 1521 984 1541 eam
1001 1510 1114 1548 faciat,

439 1567 456 1588 a
470 1557 563 1591 coitu
577 1569 727 1605 nequeat
742 1562 917 1595 abstinere
929 1588 937 1603 ,
956 1563 1041 1608 quin
1059 1562 1115 1595 de-

1175 871 1336 917 fatigatus
1347 872 1391 905 sit
1402 897 1412 913 ‚
1427 872 1544 905 effoeto
1553 883 1698 917 prorsus
1712 880 1746 905 et
1757 884 1856 905 ener-

1175 934 1255 958 vato
1271 938 1429 971 corpore.
1453 925 1626 959 Robertus
1645 925 1759 959 Titius
1778 926 1853 958 vult

1177 978 1396 1012 Chrestinam
1421 991 1492 1011 esse
1511 977 1715 1011 fellatricem
1728 1003 1736 1016 ‚
1758 977 1854 1024 quod

1176 1032 1325 1065 omnino
1344 1044 1385 1064 ex
1401 1031 1508 1064 verbo
1517 1032 1608 1074 fului
1622 1039 1723 1076 negat
1741 1031 1856 1064 Rami-

1176 1085 1285 1117 resius
1297 1110 1305 1126 ‚
1319 1085 1415 1118 hunc
1430 1085 1545 1118 locum
1563 1080 1661 1117 aliter
1677 1084 1853 1129 explicans

1176 1137 1230 1171 his
1247 1138 1378 1171 verbis:
1394 1137 1611 1183 Significavit
1627 1149 1754 1182 nempe
1771 1137 1856 1170 Poe-

1177 1200 1210 1224 ta
1222 1217 1230 1233 ‚
1249 1204 1290 1224 ex
1311 1191 1473 1236 ambiguo
1491 1191 1537 1223 ita
1551 1191 1641 1223 male
1656 1189 1739 1223 dare
1753 1190 1854 1223 Chri-

1177 1244 1322 1286 sfinam,
1346 1253 1384 1278 ut
1408 1257 1532 1289 supra,
1563 1242 1597 1276 id
1629 1251 1696 1285 est,
1724 1244 1854 1276 iteruin

1176 1298 1290 1331 facere
1312 1311 1383 1331 non
1407 1297 1528 1343 possis.
1555 1298 1607 1330 Ita
1629 1305 1667 1329 ut
1693 1296 1721 1330 si
1748 1297 1853 1329 semel

1177 1363 1251 1384 eam
1266 1351 1385 1392 facias,
1401 1363 1473 1383 non
1489 1350 1598 1395 possis
1613 1350 1751 1383 iterum.
1768 1350 1854 1381 Ver-

1175 1405 1260 1437 bum
1276 1404 1367 1448 Saepe
1382 1412 1550 1448 repugnat
1565 1403 1649 1436 huic
1662 1402 1852 1435 sententiae.

1175 1478 1226 1484 -—-
1244 1458 1343 1490 Fieri.
1367 1458 1456 1489 Dare
1470 1482 1478 1497 ‚
1495 1457 1606 1489 facere
1627 1464 1661 1488 et
1683 1455 1758 1488 fieri
1778 1464 1852 1488 tur-

1174 1510 1291 1555 picula
1325 1510 1427 1543 verba
1455 1518 1546 1542 sunt.
1579 1509 1657 1542 Lib.
1681 1509 1716 1550 I,
1739 1508 1848 1553 epigr-

1175 1575 1286 1595 van.

1016 1704 1273 1759 XXXII.

597 1857 647 1884 IN
687 1857 996 1897 PONTICUM,
1038 1858 1325 1888 PATRONUM
1367 1858 1650 1887 INUTILEM.
1677 1838 1695 1855 ⁴<

438 1983 516 2025 Lis
540 1982 646 2026 mihi
668 2000 767 2027 cum
791 1983 926 2028 Balbo
950 1995 1036 2041 est;
1058 1995 1105 2029 tu
1129 1985 1311 2029 Balbum
1337 1984 1560 2028 offendere
1583 2001 1671 2028 non
1694 1986 1780 2041 vis,

494 2118 510 2130 *
525 2121 616 2154 Huic
638 2122 792 2155 Maximo
813 2120 878 2162 (de
906 2117 976 2168 quo
1002 2123 1112 2168 epigr.

442 2184 534 2206 xvnx
568 2187 672 2220 supra
690 2173 702 2215 )
738 2175 888 2209 similem
929 2176 1113 2209 Ponticum

438 2227 570 2273 carpit,
598 2227 658 2273 qui
684 2229 726 2262 ab
752 2228 826 2262 aliis
856 2229 926 2262 coli
955 2230 1111 2270 volebat,

437 2292 546 2324 quum
575 2281 649 2326 ipse
673 2289 833 2326 potentes
859 2282 1040 2316 ambitiose
1058 2295 1113 2316 co-

436 2332 542 2375 leret3
563 2346 650 2379 quos
667 2346 712 2367 ne
733 2333 946 2376 offenderet,
969 2348 1112 2381 operam

436 2397 533 2419 suam
554 2387 687 2431 petenti
715 2396 854 2421 recusat
876 2388 1051 2430 Martiali,
1075 2389 1111 2421 in

435 2438 495 2471 lite
523 2451 604 2472 eum
624 2440 734 2473 Balbo
753 2448 788 2473 et
810 2441 955 2482 Licino,
975 2441 1111 2475 actione

435 2491 559 2524 finium
583 2492 821 2537 regundorum
841 2506 921 2527 cum
940 2494 1108 2535 Patroba,

434 2556 535 2577 causa
559 2545 664 2589 plagii
683 2558 762 2579 cum
781 2547 943 2580 Laronia.
968 2547 1109 2580 Servilis

433 2596 538 2641 igitur
552 2598 691 2642 patroni
705 2611 740 2631 se
757 2599 921 2633 clientem
939 2600 1108 2634 Martialis

433 2650 612 2683 renunciat
638 2651 754 2683 iratus.
777 2652 843 2684 En.

1231 2135 1260 2155 1.
1283 2124 1338 2155 Lis
1366 2123 1442 2156 milei
1468 2137 1535 2156 cum
1563 2124 1667 2156 Balbo
1696 2132 1743 2156 est
1771 2123 1850 2157 cod.

1171 2175 1290 2217 Junii3
1311 2184 1344 2209 et
1370 2176 1417 2209 sic
1447 2175 1527 2209 edd.
1557 2176 1738 2222 antiquiss.
1768 2188 1850 2209 cum

1172 2227 1252 2262 Ald.
1268 2229 1369 2262 Junt.
1388 2238 1421 2262 et
1435 2230 1549 2263 Colin.
1564 2237 1739 2263 esttamen
1753 2228 1848 2263 deest

1173 2281 1208 2314 in
1240 2281 1320 2314 edd.
1353 2281 1531 2315 Calderini
1563 2290 1598 2315 et
1629 2282 1768 2328 Gryph.
1799 2302 1852 2308 —

1172 2335 1288 2368 Balbo.
1310 2334 1392 2368 Non
1406 2335 1552 2368 omnino
1570 2348 1652 2368 usus
1673 2343 1724 2368 est
1745 2335 1850 2368 Poeta

1173 2387 1376 2421 nominibus
1402 2388 1510 2428 fictis,
1537 2397 1577 2421 ut
1601 2389 1774 2433 professus
1800 2396 1851 2421 est

1171 2441 1317 2485 epistola
1332 2441 1392 2473 lib.
1415 2441 1442 2474 I.
1464 2442 1514 2474 De
1529 2441 1655 2474 Licino
1667 2466 1677 2482 ‚
1694 2440 1831 2473 Persius
1843 2466 1852 2481 ‚

1170 2492 1241 2527 Sat.
1264 2495 1309 2527 Π.
1342 2493 1497 2526 Patrobii
1524 2492 1703 2538 cujusdam
1731 2492 1849 2526 liberti

1170 2546 1320 2579 Neronis
1335 2546 1548 2579 mentionem
1563 2546 1643 2579 facit
1657 2545 1847 2579 Suetonius

1169 2601 1204 2632 in
1220 2599 1345 2638 Galba,
1372 2599 1483 2643 capite.
1508 2611 1561 2631 20.
1583 2599 1740 2631 Laroniae
1761 2610 1844 2630 vero

1171 2652 1329 2685 meminit
1358 2652 1534 2684 Juvenalis
1563 2650 1632 2684 Sat.
1661 2652 1718 2691 II,
1749 2652 1850 2696 cujus
