2061 3288
434 210 530 255 232

805 211 865 253 M.
895 212 1037 255 VAL.
1077 212 1471 255 MARTIALIS

1022 362 1255 418 LXIV.

952 520 1006 547 lN
1045 498 1318 548 TAURUM*

499 646 615 689 DUM
646 644 776 689 modo
805 643 1095 700 causidicum,
1121 643 1227 687 dum
1257 653 1299 687 te
1328 644 1460 687 modo
1491 644 1668 689 rhetora
1696 645 1845 707 fingis,

570 717 626 759 Et
656 733 745 759 non
777 715 996 770 decernis,
1019 717 1190 770 Taure,
1216 714 1318 775 quid
1349 731 1441 759 esse
1466 714 1570 759 velis
1594 733 1602 759 :

502 784 674 841 Peleos,
699 796 742 829 et
766 787 928 830 Priami
954 786 1131 838 transit,
1153 784 1222 829 vel
1249 785 1447 830 Nestoris
1475 795 1598 842 aetas,

571 858 628 900 Et
660 856 800 900 fuerat
831 873 975 900 serum
1002 857 1092 917 jam
1119 856 1197 899 tibi
1222 855 1429 900 desinere.

502 928 654 988 Incipe
681 944 689 969 :

718 937 804 970 tres
832 944 920 971 uno
946 928 1171 988 perierunt
1195 927 1394 971 rhetores
1419 944 1534 971 anno
1549 963 1560 983 ,

571 998 613 1040 Si
643 998 749 1058 quid
776 998 910 1042 habes
939 999 1094 1054 animi,
1125 998 1159 1042 si
1184 997 1287 1058 quid
1312 998 1356 1040 in
1381 1007 1474 1041 arte
1491 998 1628 1059 vales.

499 1068 542 1111 Si
573 1067 722 1112 schola
749 1068 1002 1124 damnatum
1029 1068 1123 1112 fora
1150 1068 1295 1112 litibus
1325 1069 1470 1112 omnia
1504 1069 1703 1113 fervent:

574 1139 672 1200 Ipse
698 1148 823 1200 potes
848 1139 966 1195 fieri,
990 1140 1167 1200 Marsya
1183 1175 1194 1195 ,
1217 1139 1474 1183 causidicus.

484 1265 499 1281 '¹
523 1271 659 1304 Taurus
690 1269 833 1317 quidam
863 1280 938 1305 erat
972 1279 1112 1305 cuncta-

430 1323 572 1357 bundus
588 1324 673 1358 huic
692 1324 839 1358 Doranti
851 1350 860 1366 ,
878 1337 981 1371 quem
1006 1324 1111 1357 indu-

432 1377 480 1409 cit
501 1378 693 1410 Destouclzes
713 1377 750 1411 in
775 1390 837 1411 sua
862 1377 1033 1411 comoedia
1058 1378 1112 1410 in-

432 1430 561 1475 scripta
585 1429 765 1472 l'Irre'soln,
795 1430 891 1464 haud
919 1430 1085 1464 absimilis
1103 1457 1112 1471 ,

431 1491 466 1516 et
493 1482 537 1516 de
565 1491 639 1517 arte
668 1496 770 1530 quam
795 1492 869 1517 erat
892 1484 1112 1528 professurus

432 1536 560 1569 multos
574 1549 636 1581 per
648 1549 757 1570 annos
772 1535 899 1570 dubius
916 1549 953 1570 ac
967 1548 1111 1582 anceps;

432 1589 530 1622 hunc
567 1589 697 1634 igitur,
735 1588 841 1623 modo
872 1589 916 1623 ad
941 1590 1112 1630 rhetoris,

432 1641 540 1675 modo
559 1641 602 1675 ad
624 1641 790 1676 causidici
813 1656 939 1676 munus
960 1655 995 1675 se
1018 1641 1112 1686 cogi-

434 1695 565 1728 tatione
580 1696 820 1740 accingentem
834 1721 842 1735 ,
870 1708 934 1729 nec
956 1696 1016 1728 ulli
1040 1707 1112 1727 ma-

433 1760 519 1780 num
540 1747 784 1781 admoventem
804 1757 924 1782 monet
943 1746 1113 1780 Martialis

431 1813 479 1833 nc
506 1801 600 1846 apud
621 1802 751 1834 inferos
779 1814 907 1834 munus
936 1813 1040 1834 suum
1070 1800 1113 1833 sit

433 1854 683 1899 auspicaturus.
704 1855 771 1887 En.

486 1928 538 1933 —
558 1908 596 1940 Ιιι
619 1908 757 1940 Laurum
779 1907 969 1940 causidicum
989 1906 1113 1939 inscri-

433 1959 528 1992 bitur
556 1960 591 1993 iu
615 1961 754 1993 Thuan.
786 1961 824 1993 In
843 1961 1002 1999 Lam-um,
1029 1959 1113 1992 Pul-

434 2024 595 2046 mannus,

494 2079 525 2100 1.
545 2067 631 2099 Dum
653 2067 754 2099 modo.
782 2066 911 2099 Causas
941 2064 1056 2098 dicere
1076 2065 1111 2097 in

436 2118 512 2151 foro
525 2145 534 2160 ,
555 2120 612 2152 vel
629 2119 665 2151 iu
687 2119 804 2152 schola
825 2116 951 2152 docere
973 2119 1111 2163 cogitas.

433 2171 567 2204 Rhetor
585 2180 695 2205 artem
714 2171 855 2206 dicendi
877 2170 983 2205 tradit
999 2186 1007 2212 3
1033 2184 1113 2205 cau-

432 2223 562 2259 sidicus
581 2234 730 2258 exercet.

490 2291 522 2311 2.
535 2279 638 2311 Laura
655 2277 731 2311 cod.
747 2279 884 2311 Thuan.
904 2285 937 2310 et
954 2277 1112 2310 Pulman.

491 2331 524 2364 3.
546 2332 684 2377 Optimi
703 2331 783 2364 libri
802 2331 935 2364 habent
951 2342 958 2362 ε
979 2333 1110 2370 transit,

435 2392 466 2415 et
481 2385 624 2416 Nestoris
641 2393 719 2417 cetus
731 2412 738 2425 ,
758 2384 927 2417 nimirum
947 2382 1113 2429 produxit

437 2436 605 2480 syllabam
617 2450 655 2470 ex
674 2438 991 2482 contractionepro
1009 2444 1111 2468 trans-

436 2491 484 2522 iit.
505 2488 695 2523 Scriverius
711 2490 793 2535 legit
813 2502 821 2522 .·
843 2492 957 2521 transll
974 2490 1029 2520 ‘rel
1045 2490 1112 2521 Ne-

435 2544 527 2574 storis
540 2554 637 2574 annos
650 2569 659 2582 ‚
680 2555 746 2587 pro
765 2545 904 2576 transisti
916 2555 928 2574 .·
945 2550 977 2574 et
991 2542 1113 2575 crebra

436 2603 518 2627 sunt
549 2594 641 2640 apud
673 2595 872 2628 Martialem
907 2594 1110 2639 hujusmodi

435 2655 613 2681 contracta
634 2649 759 2689 verba3
782 2650 916 2680 surreawi
929 2675 936 2687 ,
957 2648 1106 2687 addua-ti,

1174 1280 1239 1304 etc.
1277 1273 1390 1304 transis
1418 1272 1658 1313 Pulmannus,
1689 1271 1750 1317 qui
1770 1271 1852 1317 legit

1174 1324 1278 1358 etiam
1298 1337 1406 1357 annos.
1430 1347 1480 1350 —
1495 1325 1617 1358 Peleos.
1641 1324 1783 1358 Graecus
1797 1336 1852 1369 ge—

1174 1378 1317 1411 nitivus.
1336 1377 1478 1419 Peleus,
1498 1385 1597 1422 pater
1611 1377 1757 1410 Achillis
1774 1377 1850 1409 lou-

1172 1443 1286 1475 gaevus
1320 1430 1405 1471 fuit,
1436 1430 1593 1463 Priamus
1621 1442 1764 1475 quoque
1781 1456 1791 1470 ‚
1817 1439 1851 1463 et

1173 1483 1322 1524 Nestor,
1343 1482 1386 1516 de
1402 1482 1529 1528 quihus
1547 1482 1641 1516 alias.

1228 1540 1261 1576 4.
1283 1537 1449 1577 Eljicerat
1466 1548 1565 1568 serum
1576 1562 1584 1574 ‚
1608 1543 1673 1568 etc.
1688 1535 1769 1567 Tibi
1783 1534 1851 1568 du-

1172 1587 1232 1621 bio
1246 1614 1256 1629 ,
1279 1596 1313 1621 et
1330 1598 1452 1621 utrum
1474 1588 1602 1630 inires,
1622 1587 1828 1620 deliberanti
1843 1614 1851 1628 ,

1171 1643 1240 1685 jam
1257 1654 1296 1674 ea
1316 1641 1472 1686 obrepsit
1493 1649 1572 1674 aetas
1585 1663 1595 1679 ,
1617 1653 1684 1686 qua
1703 1641 1853 1686 cogitan-

1174 1693 1257 1726 dum
1289 1702 1362 1727 erat
1396 1693 1440 1726 de
1471 1693 1706 1739 relinquendo
1739 1693 1828 1727 inito
1841 1720 1851 1735 ,

1173 1755 1276 1792 atque
1292 1747 1339 1779 ita
1360 1745 1598 1780 tardissimum
1612 1756 1663 1780 est
1683 1746 1851 1792 incipere.

1230 1800 1263 1833 5.
1288 1801 1405 1845 Incipe.
1437 1799 1492 1832 Ad
1517 1799 1667 1833 rhetoris
1693 1799 1850 1832 officium

1175 1861 1210 1885 te
1230 1853 1381 1898 accinge.
1396 1874 1447 1879 —
1465 1854 1542 1885 Tres
1555 1865 1615 1886 uno
1628 1880 1638 1893 ,
1656 1861 1721 1885 etc.
1735 1854 1852 1898 Atque

1174 1906 1279 1947 hinc,
1303 1906 1356 1938 vel
1385 1905 1620 1939 mediocribus
1650 1905 1853 1950 professori-

1173 1960 1238 1992 bus
1260 1967 1385 1991 vacant
1401 1957 1584 1992 cathedrae.
1605 1979 1656 1984 --
1672 1959 1849 1991 Perierunt.

1175 2012 1338 2053 Quorum
1358 2012 1564 2056 ignorantur
1584 2011 1740 2044 nomina.

1228 2078 1261 2109 7.
1283 2065 1321 2098 Si
1333 2065 1439 2096 schola
1453 2066 1633 2097 damnatur.
1650 2064 1685 2097 Si
1701 2064 1852 2097 rhetoris

1172 2118 1329 2152 officium
1357 2130 1429 2150 non
1453 2118 1517 2151 tibi
1549 2117 1704 2159 arridet3
1731 2117 1853 2150 rhetor

1173 2171 1267 2204 enim
1291 2171 1318 2204 is
1336 2179 1402 2212 est,
1426 2172 1486 2216 qui
1504 2171 1540 2203 in
1562 2170 1681 2204 schola
1700 2170 1852 2202 rhetori-

1173 2236 1220 2257 cae
1249 2233 1422 2269 praecepta
1443 2223 1633 2269 discipulos
1665 2222 1778 2256 docet.
1801 2244 1852 2248 —

1173 2278 1207 2309 F
1206 2291 1262 2309 ora
1278 2277 1382 2309 litibus
1393 2305 1401 2317 ,
1424 2286 1488 2310 etc.
1509 2277 1634 2310 Fervet
1652 2289 1740 2321 opus
1753 2303 1762 2318 ‚
1778 2283 1851 2309 esto

1173 2329 1378 2363 causidicus.

1228 2385 1260 2416 8.
1275 2384 1382 2415 Potes.
1401 2382 1489 2423 Alii,
1503 2390 1617 2427 potest.
1629 2381 1752 2425 —Ipse
1760 2388 1850 2424 potes

1164 2435 1240 2480 fieri
1253 2463 1260 2475 ,
1285 2444 1348 2468 etc.
1370 2435 1508 2480 Marsya
1527 2443 1577 2468 est
1595 2434 1773 2466 vocativus
1796 2445 1851 2465 ca-

1173 2502 1253 2528 sus,
1280 2489 1402 2534 primae
1431 2500 1550 2532 graecae
1581 2485 1851 2525 declinationis;

1172 2542 1280 2586 igitur
1297 2541 1481 2574 lectionem
1503 2540 1571 2584 Ipse
1586 2546 1691 2584 potest
1701 2537 1779 2582 fieri
1797 2550 1850 2570 re-

1169 2595 1338 2639 jecimus,
1360 2607 1422 2626 nec
1446 2602 1558 2626 tamen
1580 2604 1717 2625 sensum
1739 2598 1851 2622 muta-

1172 2648 1305 2688 ximus,
1328 2647 1387 2691 qui
1413 2645 1503 2678 idem
1530 2653 1579 2677 est
1604 2644 1674 2677 sive
1695 2643 1738 2676 de
1760 2644 1854 2676 Mar«
