2061 3288
764 194 1048 239 TABULA.
1519 197 1618 262 5¹9

331 280 439 313 LXX.
467 280 518 312 De
542 280 730 313 Ammiano
758 278 801 313 ad
826 281 1052 315 Maronillum
1074 306 1078 310 .
1101 306 1106 311 .
1127 307 1131 311 .
1181 308 1184 311 Α
1207 306 1211 310 -
1233 307 1237 311 -
1260 308 1263 312 .
1286 307 1290 312 ·
1314 307 1319 312 -
1339 309 1343 313 .
1366 307 1371 314 ·
1392 309 1398 314 -
1428 285 1509 331 Pag.
1542 290 1616 327 466

312 333 439 366 LXXI.
467 330 523 365 Ad
551 331 790 378 Sophronium
817 334 948 368 Rufum
967 358 1503 369 .....................
1544 342 1613 386 467

292 386 439 418 LXXII.
465 384 522 418 Ad
546 385 723 426 Quintum
755 409 1132 418 ...............
1155 416 1158 418 ,
1179 412 1503 422 .............
1543 395 1617 434 468

271 438 517 472 LXXIII..De
540 439 691 473 Vestino
701 461 1503 475 ...............................
1544 448 1617 490 469

272 492 440 525 LXXIV,
465 492 517 524 De
540 492 660 526 Damis
676 514 1509 528 ................................
1549 502 1621 544 470

290 545 438 578 LXXV.
464 545 517 577 De
542 545 690 590 Nigrina
701 567 1507 581 ...............................
1543 557 1613 598 47ι

273 597 437 630 LXXVI.
465 598 505 630 In
528 610 669 630 avarum
693 597 841 631 amicum
860 621 1503 634 .........................
1541 610 1614 650 472

252 650 437 683 LXXVII.
464 651 505 683 In
523 651 662 683 Zoilum
679 650 844 684 invidum
859 674 1501 688 .........................
1543 658 1614 702 473

235 703 438 737 LXXVIII.
463 703 505 736 In
525 704 660 737 Varum
670 726 1502 741 ...............................
1543 716 1614 756 474

274 756 437 790 LXXIX.
463 756 505 789 In
525 756 653 790 Afrum
670 779 1503 795 ................................
1542 766 1614 809 475

290 810 438 843 LXXX.
462 808 519 842 Ad
537 809 742 843 Mathonem
775 832 1503 847 ............................
1541 823 1613 864 477

269 862 436 896 LXXXI.
462 863 504 895 In
530 863 736 896 Mathonem
747 885 1502 900 .............................
1541 875 1613 917 477

252 914 435 948 LXXXII.
462 916 514 948 De
530 915 674 949 Fabulla
696 939 1502 954 ...............................
1542 928 1615 969 478

233 967 434 1001 LXXXIII,
461 967 516 1001 Ad
534 969 667 1002 Rufum
695 991 1504 1007 ...............................
1543 982 1614 1023 479

234 1020 434 1054 LXXXIV.
462 1022 504 1054 In
524 1021 708 1055 Naevolum
723 1044 1504 1060 ..............................
1544 1033 1616 1071 480

251 1074 434 1107 LXXXV,
461 1075 503 1107 In
525 1074 698 1109 Thaidem
721 1097 1500 1112 ..............................
1541 1085 1610 1124 481

235 1126 434 1161 LXXXVI.
460 1128 501 1160 In
524 1127 707 1162 Ponticum
720 1150 1500 1167 ..............................
1540 1139 1611 1177 482

216 1179 434 1214 LXXXVII.
461 1179 517 1213 Ad
534 1181 665 1214 librum
689 1194 791 1215 suum
817 1175 863 1216 de
884 1183 1080 1229 Apollinari
1091 1206 1501 1219 ................
1539 1191 1611 1230 482

195 1232 435 1267 LXXXVIII,
460 1234 512 1267 De
531 1234 633 1267 Bassa
665 1257 1500 1273 ................................
1540 1245 1614 1283 484

230 1284 433 1320 LXXXIX.
458 1287 499 1319 In
513 1299 655 1320 avarum
668 1288 821 1323 amicum
835 1301 980 1324 munera
996 1303 1014 1324 a
1028 1302 1064 1323 se
1077 1299 1217 1337 accepta
1228 1291 1508 1329 dissimulantem
1539 1297 1611 1336 485

356 1339 433 1373 XC,
459 1340 511 1373 De
532 1341 762 1375 rusticatione
772 1365 1497 1378 ............................
1537 1351 1610 1395 487

338 1392 433 1426 XCI.
460 1391 515 1426 Ad
535 1393 667 1427 librum
692 1417 1499 1432 ...............................
1536 1404 1610 1447 489

196 1443 338 1477 Tabulae
350 1453 430 1480 octo
446 1458 701 1490 numerorum,
717 1447 917 1493 ponderum
928 1475 937 1491 ‚
952 1462 1214 1494 mensurarum,
1225 1452 1319 1498 apud
1330 1455 1506 1490 Romanos

247 1505 280 1530 et
296 1497 438 1533 Graecos
456 1521 1499 1538 ........................................
1539 1513 1583 1553 49
1594 1522 1605 1542 1

455 1874 643 1918 FINIS
681 1875 887 1920 PRIMI
928 1878 1349 1924 VOLUMINIS.
