2061 3288
482 230 580 287 [330
859 233 920 276 M.
945 234 1086 277 VAL.
1127 234 1520 278 MARTIALIS

687 322 847 365 Piceno
878 338 1053 383 quoque
1081 323 1203 366 venit
1225 338 1250 365 a
1276 320 1431 366 cliente

684 393 831 436 Parcae
860 392 1014 436 cistula
1038 410 1128 437 non
1154 408 1294 454 capax
1323 392 1471 448 olivae,

683 465 742 507 Et
768 479 914 507 crasso
941 462 1063 524 figuli
1092 463 1229 524 polita
1256 462 1362 507 caelo

684 535 942 594 Septenaria
972 534 1187 594 synthesis
1215 534 1424 595 Sagunti,
1860 559 1891 582 ,5

684 605 889 666 Hispanae
914 604 1082 649 luteum
1107 615 1213 649 rotae
1237 614 1465 659 toreuma,
1491 635 1496 640 ae

470 743 660 776 luxuriosis
693 743 730 776 in
763 743 909 777 deliciis.
943 745 1130 778 Athenaeus
1144 770 1154 786 ,

472 796 534 830 lib.
554 797 613 836 II,
637 809 712 842 cap.
739 810 807 838 223
829 797 1072 834 Dioscorides,
1091 798 1152 832 lib.

474 850 509 882 ΙΙ
524 876 533 891 ,
551 862 625 895 cap.
641 862 674 893 9.
691 850 966 895 Notandumque
981 851 1107 884 bulbos
1121 860 1154 885 et

472 902 629 936 cochleas
643 915 732 949 saepe
752 904 928 949 conjungi.
942 904 1128 937 Petronius
1143 917 1152 939 2

474 973 487 984 α
506 956 591 988 Mox
625 956 708 989 cibis
739 956 974 990 validioribus
1005 966 1151 1003 pastus,

471 1007 507 1041 id
522 1017 573 1041 est
585 1034 594 1050 ‚
617 1009 752 1051 bulbis,
768 1010 1061 1055 cochlearumque
1078 1011 1152 1044 sine

466 1063 546 1107 jure
568 1062 783 1103 cervicibus,
804 1063 905 1096 hausi
919 1064 1058 1109 parcius
1078 1077 1152 1097 me-

469 1127 559 1148 rum.
575 1114 668 1148 Vide
683 1124 716 1148 et
732 1116 904 1153 Plinium,
919 1117 982 1149 lib.
999 1118 1035 1159 I,
1049 1117 1150 1162 epist.

477 1169 547 1210 153
589 1176 691 1213 atque
723 1169 892 1202 Nostrum
911 1194 922 1210 ‚
950 1171 1010 1204 lib.
1037 1171 1152 1211 XIII,

472 1221 721 1267 epigrammate
743 1236 860 1257 xxxiv.

527 1287 581 1308 12.
602 1275 644 1308 In
664 1276 796 1309 Beverl.
818 1277 951 1322 clyento.
964 1296 1016 1315 -f—
1034 1277 1152 1308 Piceno

470 1341 611 1374 quoqne,
646 1338 711 1362 etc.
741 1330 834 1374 Ager
860 1329 1009 1362 Picenus
1039 1337 1089 1362 est
1115 1329 1152 1362 in

471 1382 618 1414 Umbria
637 1407 645 1422 ,
680 1382 852 1415 olivarum
888 1381 1009 1423 (lives;
1045 1381 1153 1415 hodie

469 1443 614 1468 vocatur
653 1434 685 1467 la
723 1435 838 1468 stlat-ca
868 1435 1055 1468 d’Ancona.
1099 1436 1151 1467 De

470 1488 572 1521 olivis
606 1500 647 1520 ex
678 1501 761 1533 agro
793 1489 945 1529 Piceno,
967 1487 1049 1521 vide
1075 1500 1152 1533 quae

468 1541 529 1574 lib.
554 1541 641 1573 XIII
659 1568 667 1583 ‚
690 1542 799 1587 epigr.
818 1553 928 1574 xxxvi
942 1567 951 1581 ,
975 1541 1080 1573 Poeta
1098 1539 1152 1573 di-

469 1594 562 1627 xerit
592 1605 599 1626 τ
634 1609 647 1621 «
667 1595 749 1627 Haec
778 1606 856 1639 quae
891 1593 1027 1626 Picenis
1057 1594 1152 1626 venit

471 1645 642 1680 subducta
676 1648 842 1692 trapetis,
875 1646 1023 1679 Inchoat
1047 1654 1151 1692 atque

470 1699 591 1734 eadem
611 1699 797 1733 finitoliva
821 1699 939 1746 dapes.

527 1752 584 1785 13.
603 1754 716 1785 Parca>
735 1754 845 1785 cistula
861 1780 869 1792 ,
891 1761 954 1786 etc.
978 1753 1151 1786 Extenuat

469 1819 596 1839 munus
615 1818 622 1839 :
647 1806 815 1840 cistellam
833 1806 927 1838 enim
949 1814 1019 1839 tani
1043 1818 1152 1851 angu-

471 1868 558 1892 stam
593 1859 699 1892 fuisse
725 1857 947 1905 jocabundus
973 1858 1082 1899 dicit,
1114 1868 1151 1892 ut

470 1912 527 1945 vix
550 1925 739 1958 paucarum
762 1913 936 1946 olivarum
958 1924 1080 1957 capax.

529 1971 586 2006 14.
621 1964 712 1998 Edd.
748 1973 832 1999 vett.
858 1966 963 2010 polita
989 1978 1095 2004 crena,
1118 1974 1152 1998 et

472 2019 519 2053 sic
542 2019 577 2051 in
594 2019 717 2052 codice
736 2019 847 2052 Palat.
865 2019 1038 2063 probante
1057 2018 1150 2051 Gru-

472 2081 568 2113 tero;
584 2072 709 2117 polluta
733 2085 818 2105 coeno
845 2070 1053 2104 Reverlandi
1076 2070 1150 2105 MS.

472 2145 523 2150 -—
548 2125 664 2158 Crasso
692 2126 781 2158 caelo.
811 2126 937 2157 Rotam
963 2123 1061 2168 figuli
1092 2124 1151 2157 Sa-

472 2178 612 2224 guntini
625 2178 759 2212 ironice
775 2187 876 2211 vocat
892 2177 1001 2210 caelum
1023 2177 1151 2213 (burin)

474 2232 517 2264 ab
559 2231 724 2277 operibus
766 2231 946 2263 nobilibus
994 2229 1037 2263 ad
1070 2230 1152 2263 vilia

473 2285 639 2318 translato
649 2284 802 2317 nomine.
812 2282 897 2317 Vid.
909 2283 1132 2328 epigr.xxxxx
1143 2309 1151 2323 ‚

476 2350 527 2371 vs.
550 2342 590 2378 4,
613 2349 728 2382 supra.

531 2391 588 2424 15.
612 2390 819 2435 Septetznarz'a
839 2390 876 2422 in
897 2388 976 2422 edd.
999 2397 1082 2422 vett.
1100 2410 1151 2414 ———

478 2443 662 2488 Septenaria
687 2443 848 2489 synthesis
883 2442 1062 2489 Synthesis
1086 2454 1154 2474 vox

477 2504 526 2530 est
544 2508 652 2541 graeca
673 2493 751 2534 (σὺν
764 2521 773 2537 ,
791 2509 858 2528 cum
871 2509 884 2536 ;
902 2496 1008 2540 τίθημι
1020 2521 1029 2535 ,
1049 2493 1153 2540 pono)

476 2562 551 2595 quae
577 2548 810 2594 plurimarum
835 2562 952 2581 reruni
975 2548 1154 2581 collectio-

474 2615 555 2636 nem
577 2602 935 2647 compositionemque
958 2601 1127 2647 significat
1142 2627 1151 2642 ‚

476 2654 536 2690 sed
563 2655 739 2700 praecipue
766 2655 914 2688 vestium
936 2669 944 2695 ;
966 2653 1062 2688 unde
1091 2666 1153 2699 per

1213 743 1456 789 synecdochen
1492 744 1666 790 synthesis
1701 757 1767 790 pro
1796 755 1895 780 veste

1213 797 1387 838 sumitur3
1407 797 1455 830 sic
1476 797 1539 831 lib.
1560 799 1605 839 V,
1628 797 1739 844 epigr.
1764 811 1892 833 Lxxlx:

1213 865 1226 878 κ
1245 850 1422 883 Undecies
1456 863 1526 885 una
1556 852 1705 884 surrexti
1725 877 1734 892 ‚
1768 852 1865 886 Zoile
1884 879 1894 894 ‚

1211 915 1309 936 coena
1323 929 1332 944 ‚
1354 903 1398 936 Et
1416 911 1550 937 mutata
1570 904 1635 937 tibi
1651 912 1701 937 est
1721 906 1895 949 synthesis

1211 955 1390 990 undecies.
1410 974 1424 985 ι»
1443 956 1486 989 Et
1498 957 1623 990 ultimo
1640 969 1741 990 versu
1758 970 1766 991 :
1789 976 1802 988 «
1821 959 1895 991 Fri-

1210 1022 1274 1054 gus
1303 1009 1396 1043 enim
1419 1022 1583 1054 magnum
1615 1010 1789 1055 synthesis
1824 1024 1895 1045 una

1211 1063 1305 1096 fecit.
1325 1080 1338 1092 n
1360 1061 1453 1095 Vide
1468 1071 1501 1095 et
1515 1063 1577 1096 lib.
1590 1064 1641 1102 II,
1663 1063 1774 1109 epigr.
1792 1077 1892 1104 XLVI,

1210 1128 1313 1148 versu
1343 1119 1376 1155 4.
1400 1114 1467 1148 Sed
1495 1116 1640 1161 proprie
1668 1117 1737 1149 hoc
1760 1118 1868 1150 verbo
1884 1142 1893 1159 ‚

1211 1177 1250 1201 ut
1266 1168 1362 1210 dixi,
1383 1169 1546 1202 universa
1569 1169 1674 1202 vestis
1699 1171 1892 1215 composita

1212 1222 1248 1255 in
1280 1222 1442 1255 vestiario
1467 1223 1684 1264 vocabatur3
1714 1222 1796 1256 hinc
1831 1236 1895 1269 per

1211 1275 1479 1308 translationem
1517 1276 1692 1320 eleganter
1727 1277 1894 1322 synthesim

1210 1340 1358 1360 vasorum
1377 1328 1529 1374 appellat
1543 1341 1704 1362 vasorum
1720 1329 1896 1362 collectio-

1211 1393 1291 1414 nem
1314 1406 1323 1420 ,
1356 1390 1390 1413 et
1423 1384 1630 1425 septenariam
1662 1381 1783 1423 addit,
1812 1383 1893 1427 quia

1211 1443 1343 1479 septem
1362 1446 1440 1467 vasa
1463 1435 1644 1479 saguntina
1664 1434 1759 1480 paria
1779 1436 1893 1468 couti-

1209 1495 1320 1520 neret.
1337 1487 1394 1520 Sic
1408 1486 1551 1528 Statius,
1563 1487 1625 1521 lib.
1636 1488 1689 1519 IV
1705 1488 1868 1521 silvarum
1883 1500 1891 1522 t

1215 1557 1228 1569 «ι
1249 1541 1323 1572 Aut
1343 1552 1448 1572 unam
1477 1539 1560 1573 (lare
1587 1540 1780 1584 synthesim
1805 1541 1893 1587 quid

1209 1592 1332 1625 horres
1352 1593 1522 1625 Alborum
1545 1593 1692 1626 calicum
1715 1601 1820 1639 atque
1839 1607 1894 1628 ca-

1211 1646 1392 1678 caborum.
1414 1663 1426 1675 a
1454 1645 1548 1678 Vide
1576 1646 1804 1688 Turnebum,
1828 1647 1892 1682 lib.

1211 1698 1356 1735 XXIII,
1388 1710 1465 1743 cap.
1498 1710 1556 1742 19.
1588 1720 1640 1725 —
1665 1699 1735 1732 Alii
1763 1699 1892 1734 intelli-

1210 1759 1298 1796 gunt
1313 1753 1522 1796 septenariam
1532 1752 1699 1797 mathesim
1715 1765 1772 1786 vas
1787 1765 1893 1799 capax

1212 1804 1411 1849 septuncis,
1445 1803 1479 1836 id
1505 1812 1575 1845 est,
1595 1813 1729 1851 septem
1748 1806 1892 1851 cyatho-

1210 1869 1301 1890 rum.
1332 1879 1384 1884 —
1413 1857 1564 1901 Sagunti.
1596 1857 1792 1903 Saguntus,
1821 1860 1893 1893 sive

1211 1909 1404 1955 Saguntum
1425 1937 1433 1952 ‚
1455 1923 1549 1943 nunc
1578 1910 1764 1952 Mat-wedre,
1788 1913 1892 1958 oppi-

1211 1962 1296 1996 dum
1333 1963 1416 1995 olim
1456 1963 1685 1996 clarissimum
1721 1965 1891 1998 Tarraco-

1211 2016 1328 2049 nensis
1346 2016 1546 2061 Hispaniae,
1568 2015 1661 2050 unde
1682 2017 1802 2052 fictilia
1826 2019 1892 2051 Ro-

1211 2082 1301 2102 mam
1320 2068 1593 2102 advehebantur.

1270 2125 1326 2156 16.
1358 2124 1499 2155 Luteum.
1526 2122 1577 2155 Ex
1606 2122 1668 2155 vili
1690 2123 1809 2168 argilla
1841 2124 1890 2156 sa-

1215 2184 1322 2209 ctum.
1340 2175 1417 2208 Lib.
1441 2176 1529 2207 VIII
1544 2200 1552 2214 ‚
1574 2176 1682 2221 epigr.
1703 2188 1740 2209 VI
1753 2201 1762 2217 ,
1777 2189 1827 2209 vs.
1848 2189 1890 2210 2:

1218 2246 1231 2257 «
1252 2228 1346 2262 Ficta
1386 2228 1579 2273 Saguntino
1623 2229 1762 2273 cymbia
1799 2229 1891 2262 malo

1212 2281 1299 2315 luto.
1310 2283 1554 2314 n—-Toreuma,
1567 2282 1714 2326 Proprie
1733 2290 1784 2315 est
1800 2295 1891 2327 opus

1213 2343 1318 2367 torno
1353 2335 1483 2367 factum
1499 2360 1507 2375 ‚
1545 2342 1603 2367 aut
1637 2335 1810 2380 sculptum
1830 2361 1839 2376 ‚
1872 2348 1890 2368 a

1212 2389 1329 2433 τορεΰω
1343 2413 1351 2428 ,
1371 2396 1460 2419 torno
1474 2414 1481 2427 ‚
1506 2388 1632 2432 δοκίμω·
1652 2396 1690 2420 ut
1708 2400 1814 2433 supra
1831 2401 1889 2421 ro-

1215 2448 1285 2474 tam
1308 2440 1498 2486 Hispanam
1515 2440 1661 2474 xocavit
1682 2441 1792 2473 caelum
1805 2466 1814 2479 ‚
1842 2441 1890 2473 sic

1215 2505 1294 2526 vasa
1316 2494 1381 2526 hac
1404 2501 1480 2529 rota
1501 2494 1660 2527 confecta
1684 2501 1821 2526 toreuma
1839 2494 1888 2525 lu-

1216 2554 1295 2579 teum
1321 2546 1475 2579 irrisorie
1496 2555 1619 2587 vocat3
1638 2559 1746 2591 quum
1769 2545 1805 2579 id
1825 2559 1888 2578 no-

1214 2612 1294 2633 rnen
1326 2600 1451 2632 caelatis
1477 2599 1552 2632 auri
1578 2599 1780 2644 argentique
1802 2600 1890 2632 vasis

1212 2653 1399 2686 tribuatur.
1417 2651 1501 2686 Vid.
1515 2652 1577 2686 lib.
1592 2652 1664 2693 III,
1684 2651 1889 2697 epigramm.
