2061 3288
488 245 582 292 156
857 250 1091 294 MVAL.
1131 253 1519 298 MARTIALIS

480 345 600 366 versus
622 345 694 366 non
715 333 892 380 perituros
911 336 1083 376 scribere3
1106 337 1158 370 sin

482 394 602 419 auten]
623 399 754 421 merces
770 387 853 421 inde
874 398 1073 434 speraretur
1085 415 1093 430 ,
1110 402 1163 423 ar-

482 437 574 472 duus
592 439 651 472 ille
680 441 779 474 labor
798 441 914 475 Poetae
935 450 1022 476 esset
1043 443 1162 487 gratis-

1219 338 1341 373 simus.
1357 341 1408 373 De
1426 340 1678 386 significatione
1696 341 1794 374 verbi
1803 342 1899 386 juvat

1221 390 1293 425 vid.
1331 405 1405 438 quae
1441 393 1593 428 diximus
1630 406 1735 439 supra
1750 415 1759 432 ‚
1788 394 1897 440 epigr.

1224 456 1294 477 xx11
1311 472 1319 487 ‚
1341 458 1429 479 vers.
1455 458 1505 480 11.

1106 580 1271 637 CIX.

980 724 1052 752 AD
1100 724 1350 754 GALLUM.
1371 704 1388 722 ⁴

548 843 638 886 EST
664 841 766 896 tibi,
795 843 934 903 sitque
960 860 1138 905 precor,
1160 843 1322 889 multos
1352 855 1604 907 crescatque
1635 863 1714 908 per
1739 862 1898 905 annos,

618 911 806 957 Pulchra
832 913 1008 974 quidem
1023 950 1034 970 ,
1054 931 1208 959 verum
1233 916 1558 960 Transtiberina
1584 917 1753 962 domus.

547 984 606 1026 At
632 1000 730 1027 mea
759 985 977 1045 Vipsanas
1009 996 1208 1047 spectant
1234 986 1459 1031 coenacula
1489 987 1665 1032 laurus:

621 1056 654 1097 F
657 1063 780 1099 actus
814 1057 858 1099 in
886 1055 970 1100 hac
997 1074 1078 1118 ego
1107 1074 1203 1101 sum
1229 1058 1318 1119 jam
1350 1059 1526 1120 regione
1555 1055 1698 1103 senex.

546 1125 830 1186 Migrandum
853 1137 943 1182 est,
964 1137 1014 1171 ut
1038 1144 1166 1172 mane
1194 1128 1312 1173 domi
1339 1139 1402 1185 te,
1430 1128 1578 1187 Galle,
1606 1129 1788 1174 salutem
1813 1146 1820 1173 :
1882 1149 1896 1173 5

532 1253 545 1266 '
572 1258 722 1292 Excusat
750 1271 784 1292 se
819 1259 922 1293 Gallo
953 1260 1049 1305 quod
1086 1273 1157 1293 non

478 1323 582 1343 mane
602 1310 646 1344 ad
668 1324 748 1345 eum
776 1312 998 1346 salutandum
1024 1322 1097 1356 eat,
1118 1314 1158 1347 li-

476 1363 652 1409 brumque
677 1365 784 1398 mittit
798 1391 807 1406 ,
827 1366 993 1400 vicariam
1017 1379 1159 1412 operam

478 1426 746 1462 praestaturum;
767 1431 875 1464 quum
892 1429 962 1453 tam
979 1421 1084 1466 longo
1106 1421 1159 1453 in-

478 1471 623 1504 tervallo
651 1481 832 1517 separetur
865 1473 957 1506 Galli
987 1472 1113 1506 domus
1142 1486 1158 1506 a

480 1527 584 1557 domo
604 1537 663 1558 sua
676 1550 684 1565 ,
705 1533 744 1558 ut
764 1526 975 1559 matutinum
998 1535 1134 1572 tempus
1150 1552 1158 1567 ,

479 1576 523 1610 ad
552 1589 607 1610 res
637 1577 786 1623 agendas
822 1579 1062 1624 aptissimum,
1094 1580 1158 1613 sibi

478 1638 597 1676 pereat
611 1656 620 1672 ‚
639 1632 825 1665 salutatum
845 1633 958 1666 eunti.
979 1631 1062 1666 Vid.
1080 1646 1157 1678 sup.

478 1683 587 1730 epigr.
607 1697 702 1718 an.
725 1685 792 1718 En.

535 1749 568 1770 2.
592 1738 710 1770 Verum
742 1739 991 1772 Transtiberina.
1019 1737 1062 1772 Id
1083 1747 1134 1772 est
1149 1765 1158 1780 ,

479 1790 709 1824 remotissima
741 1804 749 1833 ;
803 1792 900 1837 regio
955 1792 1157 1826 Transtibe-

479 1842 557 1876 rina
572 1869 581 1885 ,
605 1844 702 1890 quasi
723 1853 878 1890 separata
900 1858 918 1878 a
941 1857 1087 1889 corpore
1110 1845 1158 1879 ci-

478 1895 616 1939 vitatis,
647 1910 665 1930 a
689 1897 822 1931 Judaeis
854 1907 888 1932 et
919 1898 1002 1931 faece
1034 1899 1158 1945 populi

478 1949 779 1995 frequentabatur.
801 1950 886 1985 Vid.
917 1952 1027 1997 epigr.
1055 1964 1158 1994 XLII,

479 2014 575 2049 supr.
597 2015 630 2036 v.
657 2004 691 2037 3.
710 2005 778 2038 En.

536 2057 568 2090 3.
583 2058 633 2090 At
650 2070 716 2089 mea
734 2058 907 2102 Vipsanius
920 2070 982 2103 per
997 2058 1156 2096 συνίζησιν

477 2108 561 2154 legit
575 2111 660 2144 Ant.
677 2111 716 2142 de
734 2111 837 2156 Rooy,
855 2119 888 2143 et
907 2111 997 2144 infra
1012 2111 1074 2143 lib.
1090 2111 1157 2150 IV,

476 2162 586 2208 epigr.
624 2176 732 2197 xvnI.
765 2164 940 2208 l''ipsaniis.
978 2162 1159 2209 Siquidem

479 2214 527 2248 Μ.
544 2216 698 2263 Agrippa
719 2217 895 2250 constanti
916 2217 1066 2250 lectione
1085 2230 1157 2249 non

482 2268 642 2313 Vipsanas
662 2297 672 2311 ,
711 2269 771 2303 sed
808 2270 978 2315 Vipsanius
1013 2269 1156 2303 dicitur.

481 2321 536 2355 Cf.
558 2331 658 2356 vetus
682 2323 786 2357 inser.
816 2335 872 2368 ap.
901 2322 1066 2369 Onuphr.
1091 2324 1158 2357 Re-

481 2374 573 2418 gion.
609 2376 655 2409 U.
692 2377 734 2409 R.
768 2389 844 2422 pag.
889 2382 947 2421 94.
986 2377 1157 2410 Murator.

482 2427 520 2470 I,
542 2440 577 2473 p.
608 2441 700 2470 VIII,
722 2438 757 2463 et
777 2430 887 2464 Tacit.
911 2429 1002 2463 Hist.
1030 2431 1046 2462 I
1066 2454 1076 2469 ,
1100 2430 1156 2463 31.

481 2501 534 2506 —
547 2481 597 2513 At
609 2495 674 2514 mea
693 2483 864 2527 Vipsanas.
880 2483 1019 2516 Marcus
1035 2483 1161 2528 Vipsa-

481 2533 561 2566 nius
571 2534 743 2581 Agrippa,
757 2549 861 2582 quem
873 2535 917 2569 ad
930 2549 1081 2569 summos
1098 2536 1160 2569 ho-

481 2599 582 2619 nores
596 2589 707 2621 evexit
718 2590 769 2621 Au
774 2597 895 2633 gustus
906 2616 914 2630 ,
925 2602 1160 2635 generumque

482 2640 605 2673 habuit
617 2666 626 2681 ,
648 2639 833 2674 aedificavit
852 2643 1020 2688 templum
1038 2643 1074 2675 in
1095 2643 1159 2676 ho-

481 2705 603 2727 norem
621 2694 779 2727 omnium
800 2694 945 2728 deorum
963 2722 970 2735 ,
990 2695 1081 2740 quod
1105 2708 1160 2741 ap-

1219 1261 1362 1306 pellavit
1403 1262 1581 1294 Pantheum
1603 1277 1612 1302 ς
1653 1261 1899 1307 porticumque

1222 1312 1358 1347 addidit
1380 1315 1486 1348 lauris
1506 1314 1770 1357 obumbratam,
1795 1327 1901 1361 quam

1219 1380 1330 1413 prope
1352 1367 1531 1401 habitabat
1546 1368 1726 1402 Martialis.
1741 1388 1794 1394 --
1811 1369 1899 1401 Lau-

1219 1433 1272 1453 rus
1292 1420 1454 1454 secundae
1483 1429 1515 1454 et
1535 1429 1668 1467 quartae
1690 1420 1898 1454 declinatio-

1219 1473 1272 1506 nis
1291 1481 1353 1506 est.
1375 1496 1428 1500 —
1453 1474 1633 1507 Coenacula.
1659 1474 1743 1507 Pars
1769 1473 1899 1508 aedium

1219 1526 1279 1559 ubi
1319 1528 1520 1560 coenabatur
1538 1553 1546 1569 ,
1582 1527 1772 1559 coenaculum
1807 1526 1898 1560 dicta

1219 1588 1286 1621 est,
1307 1588 1381 1612 erat
1408 1580 1479 1613 fere
1506 1580 1541 1613 in
1568 1580 1742 1625 superiori
1768 1578 1898 1621 domo,

1218 1645 1294 1678 quae
1304 1644 1384 1678 pars
1393 1633 1553 1678 superior
1563 1645 1673 1678 quum
1683 1633 1899 1678 pauperibus

1218 1685 1400 1731 inquilinis
1429 1686 1534 1732 vulgo
1568 1687 1762 1727 locaretur,
1794 1699 1898 1718 coena-

1218 1739 1319 1770 culum
1339 1739 1488 1772 sumitur
1506 1750 1571 1785 pro
1595 1739 1655 1772 vili
1675 1738 1898 1772 domuncula.

1216 1792 1342 1825 Juven.
1375 1792 1445 1825 Sat.
1473 1792 1533 1825 X:
1563 1793 1706 1825 «Rarus
1735 1792 1832 1825 venit
1862 1791 1898 1824 in

1218 1845 1394 1878 coenacula
1412 1845 1524 1878 miles.
1546 1863 1558 1874 n
1580 1865 1632 1870 —
1651 1845 1732 1879 Non
1759 1853 1895 1878 tantum

1217 1897 1286 1931 hoc
1304 1898 1381 1931 loco
1397 1911 1460 1931 nos
1479 1897 1581 1931 docet
1596 1897 1765 1931 Martialis
1775 1910 1811 1930 se
1822 1923 1830 1939 ‚
1841 1906 1897 1930 ut-

1217 1959 1300 1996 pote
1317 1959 1458 1996 poetam
1473 1976 1483 1992 ,
1501 1951 1538 1984 in
1552 1951 1668 1996 parvis
1686 1950 1818 1984 aedibus
1835 1950 1898 1984 ha-

1217 2004 1330 2037 bitare
1343 2030 1353 2046 ,
1375 2003 1434 2037 sed
1454 2004 1544 2037 infra
1566 2004 1768 2045 confirmat,
1787 2004 1897 2049 epigr.

1218 2069 1335 2090 cxvni
1349 2081 1359 2097 ,
1377 2070 1410 2090 v.
1435 2070 1454 2101 7
1469 2070 1478 2099 3
1501 2074 1513 2087 ιι
1533 2058 1577 2090 Et
1588 2057 1685 2090 scalis
1700 2057 1822 2090 habito
1839 2056 1899 2089 tri—

1217 2110 1300 2151 bus,
1311 2109 1370 2143 sed
1384 2109 1470 2143 altis.
1490 2111 1700 2144 »Eu—De
1714 2109 1898 2144 coenaculis

1217 2164 1325 2196 multa
1354 2164 1502 2205 mentio,
1530 2163 1653 2208 digest.
1684 2163 1739 2196 tit.
1771 2162 1815 2195 de
1843 2162 1898 2196 his

1224 2217 1285 2262 qui
1307 2215 1514 2250 effuderunt
1526 2243 1534 2259 ,
1552 2217 1607 2249 vel
1627 2215 1843 2262 dejecerunt.

1275 2269 1308 2303 5.
1333 2270 1541 2315 ssligrandum
1560 2278 1616 2303 est.
1642 2270 1795 2315 Migrare
1813 2280 1897 2314 pro-

1217 2322 1295 2368 prie
1323 2332 1373 2356 est
1395 2323 1463 2356 alio
1491 2323 1533 2357 ad
1560 2321 1792 2356 habitandum
1814 2322 1866 2354 ire
1886 2334 1895 2362 ;

1218 2389 1301 2421 ergo
1320 2389 1438 2409 sensus
1459 2385 1508 2410 est
1526 2389 1533 2410 ε
1554 2376 1642 2409 mihi
1664 2372 1897 2409 conducenda

1219 2437 1269 2463 est
1292 2428 1507 2462 domuncula
1531 2430 1568 2462 in
1589 2429 1732 2474 regione
1752 2428 1816 2460 alia
1836 2440 1896 2460 ur-

1218 2483 1271 2516 his
1286 2508 1295 2523 ,
1326 2491 1393 2516 tuae
1416 2482 1542 2516 vicina.
1563 2483 1632 2515 Vel
1652 2481 1769 2514 forsan
1792 2480 1896 2513 intel-

1217 2536 1322 2581 liges,
1354 2543 1388 2569 et
1420 2548 1464 2568 ex
1493 2547 1595 2569 versu
1623 2534 1804 2579 sequenti,
1836 2534 1898 2566 ubi

1219 2588 1316 2622 addit
1337 2597 1441 2634 poeta
1458 2589 1513 2621 wel
1529 2591 1556 2621 si
1571 2588 1695 2632 longius
1715 2587 1770 2619 illa
1780 2587 1870 2629 soret
1885 2614 1892 2623 ‚

1220 2643 1428 2688 conjicerem
1461 2642 1608 2674 alterum
1636 2652 1776 2674 sensum
1791 2665 1800 2681 ,
1823 2639 1893 2673 scil.

1218 2695 1380 2740 migratio
1404 2694 1561 2739 quaedam
1588 2701 1638 2727 est
1654 2720 1662 2735 ‚
1686 2701 1719 2727 ct
1741 2693 1837 2739 quasi
1860 2693 1895 2725 in
