2061 3288
426 205 522 258 248

801 210 862 250 M.
885 211 962 253 VA
979 212 1025 253 L.
1066 212 1463 257 MARTIALIS

983 363 1279 421 LXXXI.

961 520 1018 548 IN
1066 521 1300 550 ZOILUM.

488 642 675 685 LaxioR
700 642 964 703 hexaphoris
989 653 1062 687 tua
1085 645 1139 688 sit
1163 644 1315 688 lectica
1338 643 1483 689 licebit
1505 662 1512 688 :

559 714 679 755 Dum
704 722 851 757 tamen
878 714 972 758 haec
999 724 1074 758 tua
1099 716 1152 760 sit
1168 751 1179 771 ,
1197 714 1336 770 Zoile,
1357 715 1590 777 sandapila.

480 865 512 887 1.
538 853 605 885 Per
632 866 689 887 me
711 854 850 897 licebit,
877 867 898 887 o
923 854 1037 896 Zoile,
1059 863 1098 888 ut

422 914 480 939 tua
516 906 638 940 lectica
669 908 713 940 sit
741 907 854 941 laxior
881 916 914 941 et
949 908 1099 953 amplior

421 971 528 1005 quain
557 959 623 993 illae
646 973 726 1006 quae
751 972 770 993 a
792 973 850 994 sex
870 961 995 1007 bajulis
1016 973 1098 1007 por-

418 1020 562 1055 tantur3
592 1022 626 1046 et
656 1013 703 1047 ita
732 1022 766 1047 te
790 1013 936 1048 divitem
965 1014 1100 1059 fingas,

420 1078 494 1099 non
512 1065 680 1100 invidebo
696 1079 706 1108 ;
723 1067 832 1101 modo
856 1067 975 1101 eadem
996 1068 1032 1100 in
1050 1069 1100 1101 le-

422 1119 490 1153 tica
500 1128 659 1154 mortuus
673 1121 841 1162 efferaris,
858 1121 893 1154 in
907 1134 977 1167 qua
993 1131 1101 1166 gesta-

419 1173 468 1205 ris
490 1173 613 1215 vivus;
630 1174 697 1208 hoc
715 1183 786 1216 est,
804 1175 903 1208 brevi
918 1183 1100 1208 mortuum

419 1234 453 1259 te
474 1225 622 1260 videam.
651 1249 703 1254 —
725 1228 941 1274 Hexaplzoris.
962 1227 1101 1262 Lectica

420 1291 500 1324 quae
510 1288 663 1325 gestatur
676 1294 693 1314 a
711 1293 768 1315 sex
785 1278 946 1321 famulis(
961 1282 992 1322 ἓξ
1005 1308 1013 1322 ,
1026 1294 1101 1323 sai-3

420 1334 502 1377 φέρω
515 1356 526 1372 ‚
547 1332 676 1379 porto.)
695 1356 747 1362 --
766 1336 904 1368 Lectica.
924 1336 966 1368 In
983 1347 1022 1367 ea
1043 1348 1101 1380 ge-

421 1387 604 1420 stabantur
642 1388 713 1420 vivi
737 1415 746 1430 ‚
789 1396 822 1421 et
865 1388 1103 1422 efferebantur

422 1440 554 1472 mortui
568 1465 577 1482 ,
595 1441 745 1474 maxime
755 1442 889 1475 nobiles
905 1454 943 1474 ac
958 1440 1101 1481 divites;

420 1504 591 1538 pauperes
619 1506 702 1527 vero
732 1494 769 1527 in
796 1493 998 1540 sandapila,
1025 1507 1102 1539 qucc

421 1554 471 1578 est
493 1546 672 1591 plebeium
699 1547 875 1581 feretrum.
912 1547 1101 1581 Suetonius

420 1598 457 1630 in
475 1599 698 1641 Domitiano,
723 1613 798 1646 cap.
822 1614 885 1646 17,
910 1617 923 1629 n
946 1599 1103 1634 Cadaver

418 1653 494 1696 ejus
518 1653 679 1697 populari
695 1653 874 1700 sandapila
895 1666 958 1699 per
975 1653 1104 1699 vespil-

420 1705 521 1738 lones
537 1714 771 1751 exportatum.
790 1725 803 1737 u
829 1708 871 1740 In
886 1714 1026 1740 vetusto
1043 1719 1103 1739 co-

419 1757 499 1791 dice
528 1759 576 1791 sic
610 1760 736 1804 legitur
773 1760 919 1793 ultimus
951 1771 1102 1793 versus:

423 1812 528 1855 Quum
562 1820 662 1845 tamen
698 1814 764 1845 lzcec
796 1821 850 1846 tua
884 1815 948 1853 sit,
983 1813 1103 1852 Zoile,·

420 1865 589 1909 sandapila
600 1874 656 1899 est.
669 1867 801 1911 Argute
813 1865 958 1912 quidem
970 1891 979 1907 ‚
993 1878 1104 1911 quum

419 1918 540 1950 vivum
563 1917 711 1952 cadaver
732 1919 915 1953 videretur
945 1919 1074 1952 Zoilus.

477 1983 509 2004 2.
546 1971 670 2004 Inveni
697 1973 732 2005 in
764 1972 840 2006 MS.
869 1973 973 2017 Quam
1000 1981 1102 2004 tamen

421 2024 486 2055 laec
506 2033 559 2057 tua
572 2028 612 2058 sit
625 2053 634 2066 ,
660 2026 773 2067 Zoile,
789 2026 957 2071 sandapila
974 2034 1028 2058 est.
1058 2026 1102 2058 Et

1159 855 1206 888 ita
1233 855 1370 900 scripsit
1401 855 1582 889 Martialis.
1614 854 1755 889 Gronov.
1784 854 1840 889 Sic

1159 916 1232 941 erat
1251 909 1355 942 etiarn
1375 909 1411 942 in
1438 916 1508 942 vet.
1536 907 1615 942 eod.
1639 908 1839 942 Pulmanni.

1158 960 1247 994 Inde
1266 970 1369 1007 poeta
1386 962 1598 1007 intelligeret
1612 961 1773 995 lecticam
1790 961 1841 994 fa-

1159 1015 1269 1048 stuosi
1292 1015 1382 1048 Zoili
1399 1016 1509 1048 laxam
1523 1041 1532 1058 ,
1554 1015 1705 1049 maxime
1725 1013 1840 1048 videri

1160 1080 1262 1113 posse
1283 1067 1499 1115 sandapilam
1514 1093 1523 1109 ‚
1546 1081 1658 1114 quum
1688 1076 1722 1101 et
1753 1080 1841 1113 pau-

1159 1133 1222 1166 per
1232 1122 1276 1154 sit
1286 1130 1320 1154 et
1332 1122 1498 1167 strigosus
1511 1147 1520 1163 ‚
1535 1130 1570 1155 et
1582 1121 1665 1155 vivo
1682 1120 1841 1155 cadaveri

1159 1174 1356 1220 persimilis.
1377 1175 1446 1208 Alii
1472 1175 1520 1208 sic
1546 1182 1739 1220 exponunt.
1763 1175 1842 1216 Tu,

1160 1228 1280 1269 Zoile,
1312 1229 1406 1262 velut
1441 1240 1459 1261 e
1488 1228 1698 1262 lautioribus
1728 1240 1844 1270 unus,

1161 1289 1237 1314 tum
1258 1281 1382 1315 lectica
1398 1281 1512 1327 ampla
1529 1290 1563 1315 et
1582 1281 1766 1326 magnifica
1778 1281 1843 1313 cir-

1160 1335 1343 1368 cumferris
1366 1348 1383 1368 a
1410 1347 1468 1367 sex
1496 1334 1702 1376 lecticariis,
1731 1345 1841 1379 quum

1161 1386 1290 1433 dignus
1320 1388 1365 1421 sis
1395 1387 1573 1433 sandapila
1602 1400 1660 1421 seu
1685 1387 1840 1421 feretro:

1162 1441 1251 1474 nihil
1274 1441 1367 1474 enim
1387 1453 1421 1474 es
1443 1449 1570 1486 praeter
1588 1441 1709 1473 vivum
1739 1438 1841 1473 cada-

1160 1506 1243 1536 ver;
1266 1493 1374 1526 immo
1393 1496 1462 1539 jam
1478 1501 1552 1526 tum
1569 1506 1643 1526 non
1662 1492 1764 1531 ferri,
1780 1491 1842 1525 sed

1161 1546 1280 1580 efferri
1306 1546 1433 1580 videris
1455 1572 1463 1588 ‚
1496 1546 1582 1581 adeo
1612 1545 1813 1592 squalidum
1830 1571 1840 1587 ‚

1163 1608 1383 1642 emortuum,
1401 1608 1503 1645 turpe
1522 1608 1555 1633 et
1578 1599 1708 1632 foedum
1730 1599 1839 1632 habes

1162 1665 1306 1698 corpus,
1318 1653 1371 1686 vel
1386 1653 1504 1699 potius
1515 1651 1673 1686 cadaver.
1687 1652 1841 1685 Radems.

1162 1727 1213 1732 —-
1226 1706 1299 1739 Nec
1314 1705 1441 1739 Raderi
1454 1706 1724 1752 explicationem
1739 1717 1841 1751 pror-

1163 1771 1221 1792 sus
1253 1758 1484 1805 abjiciendam
1514 1767 1627 1805 puto:
1655 1771 1736 1791 nam
1768 1758 1842 1791 haec

1163 1813 1290 1846 macies
1313 1820 1418 1847 tetra,
1444 1813 1508 1846 iste
1531 1811 1659 1845 lividus
1681 1820 1715 1845 et
1730 1810 1841 1844 foedus

1162 1866 1321 1910 corporis
1350 1865 1493 1898 habitus
1529 1865 1686 1910 apprime
1716 1863 1840 1897 invido

1162 1919 1317 1959 homini,
1344 1918 1451 1964 ipsius
1475 1917 1617 1951 invidiae
1645 1918 1840 1962 archetypo

1163 1972 1395 2008 conveniunt,
1417 1972 1463 2004 ita
1483 1979 1521 2004 ut
1541 1979 1652 2016 poetae
1671 1983 1743 2003 non
1765 1970 1839 2004 aliis

1163 2025 1340 2059 coloribus
1366 2023 1541 2059 Invidiam
1564 2024 1755 2069 pinxerint.
1772 2024 1838 2056 ΕΙ).
