2061 3288
464 226 1052 271 EPIGRAMMATUM
1091 225 1216 269 LIB.
1256 226 1340 268 IV.

1516 223 1611 287 377

268 316 396 361 Unde
427 317 557 359 miser
586 314 737 360 vives?
759 315 892 359 homo
924 313 1064 369 fidus,
1095 322 1241 357 certus
1269 314 1448 358 amicus.

338 390 434 431 Hoc
460 385 565 430 nihil
591 396 656 431 est
678 403 686 430 :
708 402 932 447 nunquam
960 386 1020 430 sic
1042 383 1311 429 Philomelus
1340 385 1437 428 eris.
1590 413 1619 427 ,0

197 533 364 567 Suetonio
375 558 385 575 ,
401 532 513 566 Galba
528 559 536 575 ‚
553 545 626 578 cap.
654 545 667 567 1
679 545 695 565 2
712 526 725 576 )
745 532 855 566 Galba
868 558 876 571 ,

195 587 277 621 licet
312 587 422 620 homo
454 586 675 620 avarissimus
699 609 709 626 ,
747 584 878 618 dicitur

197 655 210 667 ι
228 641 316 674 mire
346 640 499 686 placenti
528 639 691 673 denarios
722 639 878 684 quinque

196 692 342 727 donasse
356 720 364 733 ,
394 694 550 739 prolatos
569 706 675 727 manu
698 705 759 726 sua
779 704 797 725 e
816 704 877 737 pe-

197 746 388 781 culiaribus
418 747 543 780 loculis
570 747 655 780 suis.
683 763 696 776 »
732 747 800 779 En.
825 766 878 772 —

199 799 378 847 Glaphyro.
410 800 612 847 Glaphyrus
640 798 878 840 citharoedus,

195 852 241 887 de
267 866 338 899 quo
364 854 525 888 Juvenal.
551 861 614 887 sat.
632 854 706 894 VI,
726 865 776 886 vs.
802 854 848 897 76
868 864 876 886 :

201 923 215 936 «
245 907 385 953 Accipis
415 919 580 948 uxorein,
607 905 650 939 de
678 919 746 951 qua
766 905 878 939 citha-

195 958 313 993 roedus
327 960 466 993 Echion
485 985 494 1003 ,
513 962 584 993 Aut
600 959 802 1005 Glaphyrus
817 959 879 993 fiat

195 1021 314 1058 pater,
336 1013 614 1059 Ambrosiusque
640 1013 835 1046 choraules.
859 1029 872 1042 ω

196 1060 381 1112 (γλαφυρὸς
393 1093 402 1109 ,
425 1067 589 1112 elegans.)
610 1065 803 1100 Citharoedi
818 1078 878 1099 au-

197 1128 267 1153 tem
289 1128 323 1154 et
345 1120 527 1154 choraules
554 1128 653 1154 erant
675 1132 814 1154 summo
842 1120 880 1153 in

196 1174 311 1218 pretio
326 1199 335 1215 ‚
366 1174 430 1207 hac
453 1181 658 1220 tempestate
671 1199 679 1215 ,
700 1173 738 1206 in
757 1170 859 1206 Urbe
871 1198 880 1214 ‚

196 1225 270 1260 vid.
294 1226 356 1260 lib.
379 1228 433 1260 III
448 1253 457 1268 ‚
479 1227 588 1273 epigr.
611 1240 661 1268 1v,
677 1239 726 1260 vs.
743 1227 880 1268 ultim.;

195 1279 258 1313 lib.
283 1280 328 1319 V,
351 1280 460 1326 epigr.
482 1293 563 1323 LVI,
589 1294 637 1314 vs.
665 1293 707 1325 9,
736 1288 802 1314 etc.
825 1278 879 1312 di-

199 1332 392 1379 tissimique
412 1333 554 1367 fiebant.
577 1335 688 1380 Igitur
704 1333 880 1367 Fabianus

200 1384 370 1420 ditescere
389 1395 507 1432 posset
523 1413 532 1429 ,
555 1387 580 1420 si
609 1387 787 1433 opulentis
811 1386 880 1419 illis

198 1438 279 1472 viris
295 1438 498 1485 plaudendo
509 1464 517 1479 ‚
533 1452 680 1474 munera
694 1440 791 1474 abiis
806 1452 881 1473 ero-

197 1500 315 1537 garet3
343 1493 400 1526 vel
431 1494 522 1527 forte
551 1494 708 1540 intellige
742 1502 878 1527 tantum

198 1546 396 1579 Fabianum
417 1559 489 1580 non
512 1559 612 1592 posse
636 1546 807 1593 plaudere
829 1546 878 1580 ci-

197 1598 363 1633 tharoedis
379 1625 390 1641 ,
414 1609 453 1634 ut
481 1600 614 1634 faciunt
638 1601 779 1635 leviculi
808 1601 878 1633 Ro-

199 1652 292 1685 mani
308 1678 317 1693 ‚
335 1653 379 1686 ita
400 1661 439 1686 ut
456 1654 553 1698 gravi
571 1654 654 1687 huic
671 1654 807 1687 homini
822 1666 880 1687 va-

199 1717 261 1738 nos
280 1705 372 1738 inter
387 1706 550 1740 homines
567 1707 683 1740 nullus
703 1708 747 1740 sit
762 1708 858 1741 locus
871 1733 879 1748 ‚

198 1758 296 1792 nulla
318 1757 361 1792 ad
379 1758 624 1793 dites-:endum
640 1760 708 1794 via.
732 1762 798 1794 En.

990 544 1025 574 9.
1050 531 1144 565 Unde
1158 534 1248 563 mism-
1260 532 1343 564 vives
1356 557 1364 571 ,
1383 539 1448 564 etc.
1463 531 1599 564 Bolanus
1613 556 1622 572 ‚

937 583 1086 619 inducto
1106 585 1264 618 Damone
1283 597 1291 618 :

937 654 1075 687 Puisqu'en
1088 663 1116 678 ce
1132 653 1182 679 heu
1194 654 1260 687 jadis
1273 663 1321 678 aux
1338 663 1422 678 muses
1435 655 1455 678 si
1469 654 1603 678 commodi*
1614 674 1620 682 ,

936 701 972 726 Le
984 701 1074 726 me'rite
1086 708 1110 726 et
1118 701 1218 734 l'esprit
1227 710 1258 725 ne
1271 707 1327 726 sont
1340 700 1401 735 plus
1415 701 1428 725 a
1441 700 1464 724 la
1477 702 1551 725 mode
1561 720 1567 730 ,

936 748 1019 779 Qu’un
1036 747 1112 782 poete
1123 767 1130 778 ‚
1143 748 1230 778 dit-il,
1247 749 1284 782 s'y
1301 748 1354 772 voit
1368 748 1467 772 maudit
1483 748 1513 771 de
1534 748 1600 771 Dieu
1614 767 1619 776 ‚

936 798 967 821 Et
977 795 1052 829 qu’ici
1062 795 1086 819 la
1102 801 1175 819 vei-tu
1185 796 1225 819 n'a
1235 794 1293 829 plus
1306 796 1332 819 ni
1344 794 1386 819 feu
1397 795 1424 819 ni
1433 794 1484 818 lieu
1493 812 1500 823 ,
1512 801 1560 819 etc.
1571 796 1617 820 Ευ.

938 872 988 877 —
1005 850 1111 883 Homo
1115 848 1206 895 fidus
1217 877 1224 890 ,
1239 857 1342 882 cet-lus
1359 851 1486 881 amicus.
1500 847 1622 890 Fides,

937 903 1101 944 amicitia,
1115 903 1273 949 probitas
1285 903 1425 936 viliores
1439 902 1513 948 alga
1529 911 1623 944 sunt,

942 957 1031 991 nihil
1047 955 1091 991 ad
1109 970 1186 990 rem
1208 955 1403 990 faciendam
1415 957 1551 1000 juvant.
1570 956 1623 989 Ex

936 1023 1086 1057 persona
1129 1010 1275 1044 Fabiani
1306 1009 1457 1043 dicentis
1475 1022 1483 1043 :
1516 1010 1624 1042 Homo

937 1077 1004 1097 sum
1014 1064 1117 1110 fidum,
1131 1072 1232 1097 cet-lus
1249 1066 1380 1103 amica-5⁷,
1397 1063 1439 1096 ab
1459 1063 1624 1096 omnibus

937 1119 1138 1164 probabor:
1162 1116 1354 1164 respondet
1379 1117 1453 1150 haec
1474 1115 1516 1149 ad
1545 1128 1623 1149 rem

937 1185 1063 1218 parum
1092 1171 1215 1205 facere.
1247 1170 1302 1204 Sic
1327 1183 1422 1216 supr.
1451 1170 1511 1203 lib.
1541 1170 1596 1202 III
1612 1195 1621 1211 ‚

938 1225 1046 1271 epigr.
1065 1237 1203 1259 xxxvni
1215 1250 1225 1267 ‚
1238 1237 1286 1258 vs.
1305 1224 1451 1265 ultimo,
1471 1241 1484 1253 κ
1502 1222 1536 1256 Si
1556 1223 1621 1256 bo-

938 1291 1004 1312 nus
1024 1292 1059 1312 es
1071 1305 1080 1323 ‚
1094 1291 1173 1312 casu
1191 1277 1309 1311 vivere
1321 1303 1330 1319 ‚
1341 1277 1442 1311 Sexte
1453 1302 1461 1316 ,
1482 1284 1595 1322 potes.
1605 1294 1618 1306 u

996 1345 1052 1365 10.
1080 1332 1272 1365 Plzilomeus.
1307 1329 1518 1364 Beverlandi
1548 1329 1624 1363 MS.

938 1408 984 1412 —-
1030 1386 1201 1432 Nunquam
1236 1388 1281 1418 sic
1319 1384 1513 1417 Philomelus
1550 1385 1624 1416 eris.

939 1439 1142 1485 Numquam
1169 1438 1230 1472 fies
1260 1437 1383 1471 dives:
1407 1437 1625 1470 Philomelus

940 1491 1155 1526 citharoedus
1175 1500 1248 1526 erat
1270 1491 1463 1525 ditissimus
1476 1515 1486 1532 ‚
1503 1499 1542 1523 ut
1563 1503 1626 1535 ap-

938 1555 1038 1591 paret
1061 1558 1102 1579 ex
1124 1546 1186 1580 lib.
1213 1546 1288 1587 III,
1313 1545 1423 1590 epigr.
1448 1555 1529 1577 xxm
1545 1569 1554 1585 ,
1575 1556 1624 1576 vs.

940 1599 1090 1633 ultimo:
1127 1617 1140 1629 α
1160 1599 1242 1632 Plus
1271 1598 1396 1631 habuit
1423 1596 1598 1643 Didymus
1613 1622 1621 1637 ‚

939 1653 1018 1698 plus
1040 1653 1258 1686 Philomelus
1279 1652 1397 1685 habet.
1425 1668 1438 1680 »
1463 1651 1622 1684 Bolaeus:

940 1719 972 1741 Et
985 1716 1085 1750 l'esprit
1100 1716 1124 1741 le
1136 1716 1195 1750 plus
1209 1717 1275 1740 beau
1287 1735 1293 1746 ,
1317 1714 1427 1739 l'auteur
1441 1714 1466 1739 le
1482 1714 1538 1748 plus
1553 1712 1605 1747 poli
1621 1732 1627 1741 ,

940 1760 991 1797 N'y
1002 1763 1156 1796 pai-viendra
1171 1763 1261 1796 jamais
1275 1772 1307 1787 au
1323 1768 1377 1787 sort
1393 1762 1424 1786 de
1437 1760 1557 1794 l'Angcli.
1580 1762 1626 1785 Eu

859 1928 960 1983 VI.

662 2086 718 2114 IN
764 2062 1165 2113 MALISIANUM.*

413 2210 563 2252 CREDI
591 2210 760 2270 virgine
787 2210 946 2253 castior
972 2208 1131 2270 pudica
1147 2244 1157 2264 ,

413 2280 470 2323 Et
493 2279 648 2323 frontis
670 2289 831 2324 tenerae
853 2281 976 2342 cupis
1004 2279 1167 2333 videri,

254 2407 268 2421 '¹
290 2412 512 2446 Malisianum
524 2438 533 2452 ‚
551 2413 606 2445 vel
623 2421 662 2445 ut
682 2412 739 2446 alii
755 2412 881 2445 volunt

202 2465 451 2501 Massilianum⁷
462 2466 525 2511 qui
543 2465 729 2499 simulabat
744 2464 883 2511 pudici-

201 2519 284 2552 tiam
308 2527 343 2551 et
367 2519 559 2553 castitatem
574 2544 583 2560 ‚
610 2531 723 2564 quum
748 2519 882 2564 impro-

201 2573 265 2605 bus
288 2572 434 2605 omnino
461 2581 570 2614 esset,
593 2572 719 2606 acriter
746 2572 880 2618 carpit,

202 2634 236 2659 ct
246 2634 423 2671 comparat
434 2638 516 2659 cum
528 2625 683 2671 quodam
693 2625 882 2671 elegiarum

202 2678 384 2720 recitator-e
405 2679 675 2724 improbissimo.
695 2680 847 2713 Ramircs.

995 2433 1047 2438 --
1069 2412 1109 2444 In
1134 2411 1358 2444 Massillanum
1385 2410 1422 2442 in
1456 2408 1511 2443 ed.
1543 2417 1627 2443 vett,

941 2466 981 2499 In
1009 2465 1219 2498 Mat-ilianum
1248 2463 1453 2497 inscribitur
1481 2463 1517 2496 in
1547 2461 1627 2496 cod„

941 2518 1141 2552 Pulmanni.

997 2584 1010 2604 1
1017 2599 1024 2606 .
1038 2573 1056 2604 Ῑ
1065 2572 1178 2616 'irgine
1186 2572 1312 2604 castior.
1323 2569 1557 2604 Proverbium
1566 2577 1631 2609 est,

943 2625 1067 2671 gallice
1090 2638 1166 2669 suge
1187 2637 1302 2657 comme
1324 2637 1384 2657 ιιηε
1401 2623 1590 2656 demoiselle.

1001 2692 1033 2711 2.
1059 2679 1189 2712 Frontis
1220 2686 1342 2712 teneram
1368 2676 1604 2723 Impudentes
1621 2700 1628 2713 τ,
