2061 3288
436 204 1019 249 EPIGRAMMATUM
1058 203 1180 246 LIB.
1221 203 1303 245 IV.

1484 198 1575 254 405

715 368 1029 431 XXVIII.

677 533 745 560 Au
803 508 1070 560 CHLOEN.*

382 665 597 707 Domsn
627 671 800 715 tenero,
830 659 992 712 Chloe,
1017 662 1217 721 Luperco

381 735 594 795 Hispanas
606 769 617 788 ,
637 733 872 793 Tyriasque
884 768 895 787 ,
920 731 1204 790 coccinasque
1216 765 1229 785 ,

384 807 441 848 Et
472 803 604 848 lotam
634 803 781 865 tepido
812 812 960 863 togam
991 800 1172 856 Galeso,

384 874 516 919 Indos
545 874 858 935 sardonychas,
885 873 1068 934 Scythas
1096 870 1371 933 smaragdos,
1408 926 1412 929 Ι

379 947 435 990 Et
463 955 637 991 centum
664 945 866 989 dominos
896 959 1020 988 novae
1048 952 1257 998 monetae,

380 1018 436 1061 Et
463 1016 673 1078 quidquid
701 1017 809 1077 petit
837 1032 972 1076 usque
1004 1024 1047 1059 et
1077 1031 1213 1075 usque
1243 1013 1392 1057 donas.

224 1158 238 1172 ''
257 1163 348 1197 Huic
367 1163 519 1197 Fabullae
544 1160 644 1209 (sup.
658 1164 769 1210 epigr.
787 1162 843 1203 xx)

172 1215 265 1249 haud
292 1217 484 1251 absimilem
516 1216 651 1251 deridet
686 1217 845 1257 Chloen,

172 1282 273 1314 quam
307 1271 468 1304 omnibus
497 1271 600 1304 bonis
630 1271 665 1303 in
699 1270 843 1315 gratiam

172 1323 317 1356 amantis
344 1324 397 1356 sui
428 1324 578 1369 Luperci
600 1336 635 1356 se
661 1322 845 1356 denudan-

173 1384 240 1408 tem
251 1401 260 1417 ‚
276 1375 404 1409 nudam
422 1377 577 1410 relictam
594 1376 637 1410 iri
651 1389 669 1409 a
684 1377 845 1422 Luperco

173 1428 220 1462 ait
239 1429 357 1463 Poeta.
386 1430 585 1475 Lupercus,
611 1442 739 1462 nomen
762 1442 845 1475 pro-

172 1482 289 1526 prium
303 1508 312 1523 ‚
326 1490 359 1515 at
376 1483 526 1529 Luperci
542 1483 577 1516 in
592 1483 844 1528 Lupercalibus

172 1534 276 1569 ludos
294 1537 439 1581 agebant
454 1535 562 1577 nudi,
580 1535 622 1569 ad
643 1534 738 1580 quod
759 1536 845 1569 allu-

174 1586 226 1621 dit
249 1589 430 1622 Martiaelis.
448 1589 546 1635 Virg.
574 1587 710 1622 AEneid.
734 1589 844 1630 VIII,

176 1640 267 1682 6633
289 1659 301 1671 «
320 1640 501 1687 nudosque
526 1643 716 1687 Lupercos.
738 1660 749 1671 u
779 1642 843 1675 ΕΙ).

232 1709 260 1727 1.
290 1695 416 1727 Tenem.
443 1694 733 1734 Adolescentulo,
761 1694 847 1728 deli-

176 1755 252 1780 cato
269 1759 276 1780 :
297 1746 392 1780 idem
420 1757 469 1781 est
492 1747 587 1793 quod
604 1748 733 1792 gracilis
753 1747 845 1793 apud

175 1800 295 1833 Horat.
318 1800 379 1834 lib.
397 1801 413 1832 Ι
428 1827 436 1842 ,
456 1800 515 1834 od.
543 1802 583 1841 5;
603 1810 635 1835 et
657 1799 749 1846 apud
774 1802 845 1834 No-

176 1862 308 1893 strum,
332 1854 393 1886 lib.
417 1855 488 1895 XI,
515 1855 623 1900 epigr.
644 1867 740 1895 xmv,
757 1867 790 1887 v.
813 1858 845 1894 4.

229 1921 259 1940 2.
288 1907 451 1951 Hispanas
482 1909 656 1953 waiasque
691 1910 847 1940 coccinus-

176 1973 232 2004 que
245 1987 253 2000 ‚
278 1967 343 1993 etc.
364 1959 518 1994 Subaud.
540 1961 703 1994 lacernas.
723 1976 770 1981 -
788 1961 849 1993 Ηί-

175 2025 299 2057 spanas.
325 2013 354 2045 E
381 2013 458 2046 lana
483 2013 607 2048 Baetica
631 2026 638 2047 :
660 2013 780 2054 Baetis,
811 2022 849 2046 ut

176 2065 373 2099 Clitumnus
410 2075 444 2100 et
467 2066 628 2108 Galesus‚
651 2065 847 2112 pecudibus

175 2119 287 2152 bonus
321 2119 462 2153 alendis.
485 2119 567 2153 Vid.
585 2120 763 2153 ,Iuvenalis
784 2127 847 2153 sat.

178 2171 271 2205 XII:
297 2188 310 2201 n
328 2180 457 2206 vestem
482 2173 697 2218 Purpuream
721 2173 849 2207 teneris

177 2235 318 2269 quoque
330 2225 580 2259 Maecenatibus
592 2234 704 2271 aptam
717 2251 726 2266 ,
737 2227 850 2271 Atque

178 2276 259 2310 alias
299 2290 448 2323 quarum
491 2280 647 2324 generosi
686 2279 849 2323 graminis

177 2329 291 2373 ipsum
310 2331 435 2365 Infecit
451 2340 572 2365 natura
592 2344 714 2377 pecus,
737 2331 796 2365 sed
818 2341 851 2366 et

178 2383 333 2428 egregius
359 2384 435 2417 fons
460 2384 604 2417 Viribus
626 2385 793 2425 occultis,
818 2395 851 2419 et

177 2435 323 2469 Baeticus
346 2436 485 2482 adjuvat
499 2449 569 2471 aer.
590 2455 603 2467 n
625 2437 786 2483 Hispanae
801 2447 850 2472 ta-

178 2500 258 2521 men
278 2502 338 2522 seu
355 2491 488 2523 Baeticae
501 2491 643 2524 lacernae
662 2503 732 2523 non
748 2492 849 2536 vulgo

177 2540 332 2576 delicatis
346 2552 530 2589 usurpatae,
541 2545 621 2589 quia
632 2544 758 2583 mitivo,
778 2557 849 2578 non

178 2595 346 2629 artificiali
372 2597 487 2630 colore
512 2598 741 2642 tingebantur.
765 2597 846 2630 Vid.

180 2647 239 2681 lib.
261 2650 292 2683 I.
311 2650 416 2694 epigr.
441 2663 539 2683 xcvii
555 2676 561 2684 ,
584 2663 614 2681 τ,
646 2653 675 2683 3.
696 2652 760 2683 En.

959 1163 978 1196 3
991 1186 1003 1202 ,
1025 1167 1057 1202 4.
1082 1162 1127 1195 Hi
1149 1160 1220 1195 duo
1241 1173 1360 1194 versus
1379 1159 1578 1207 transpositi

903 1223 986 1249 sunt
1016 1215 1052 1248 in
1078 1214 1157 1248 Ald.
1188 1216 1287 1248 Juut.
1312 1223 1346 1247 et
1367 1214 1443 1247 Col.
1460 1235 1513 1240 —-
1533 1213 1580 1246 Et

904 1269 1000 1301 lotam
1020 1268 1144 1313 tepido,
1168 1276 1234 1302 etc.
1254 1266 1337 1300 Vid.
1355 1267 1418 1301 lib.
1436 1267 1488 1309 II,
1510 1266 1580 1312 epi·

903 1334 953 1366 gr.
978 1333 1069 1355 x1.111
1086 1348 1094 1362 ‚
1114 1334 1163 1354 vs.
1183 1321 1216 1355 3.

958 1378 990 1414 4.
1003 1375 1099 1408 Indos
1118 1374 1340 1419 sardonychas.
1358 1372 1442 1406 Vid.
1457 1372 1518 1405 lib.
1532 1373 1578 1410 II,

904 1427 1013 1472 epigr.
1033 1440 1139 1469 xxm,
1157 1440 1206 1460 vs.
1234 1440 1265 1460 2.
1295 1448 1345 1453 —-
1372 1425 1577 1469 Smaragdos.

905 1480 1036 1514 Gallice
1058 1480 1246 1513 e'meraudes.

960 1533 992 1568 5.
1025 1534 1074 1566 Et
1109 1542 1230 1566 centum
1258 1545 1398 1565 numeros
1432 1532 1469 1565 in
1499 1530 1580 1564 Ald.

904 1587 1002 1620 Junt.
1039 1596 1072 1620 et
1104 1587 1219 1621 Colin.
1258 1599 1395 1619 nummos
1427 1585 1462 1618 in
1493 1584 1579 1617 aliis.

905 1634 1030 1672 Νιῧηιω
1051 1634 1259 1682 (nummus),
1274 1648 1307 1672 et
1326 1633 1454 1678 ntffnus,
1474 1637 1512 1670 id
1531 1646 1582 1670 est

906 1706 1047 1726 numerus
1064 1721 1071 1733 ,
1110 1692 1296 1738 saepissirne
1328 1699 1522 1738 permutata
1563 1703 1580 1722 a

904 1746 1068 1780 librariis.
1089 1768 1138 1772 —
1163 1747 1328 1779 Dominos.
1350 1746 1448 1778 Hanc
1467 1743 1583 1777 lectio·

905 1812 985 1832 nem
1007 1811 1026 1833 e
1046 1799 1155 1833 veteri
1170 1798 1290 1832 codice
1306 1810 1500 1844 expressam
1515 1809 1579 1830 cae·

907 1852 988 1886 teris
1005 1852 1268 1897 anteponimus,
1286 1851 1581 1896 intelligimusque

907 1914 1047 1939 centum
1082 1917 1246 1938 nummos
1279 1904 1430 1950 signatos
1465 1902 1581 1948 effigie

907 1958 1096 1992 Domitiani
1126 1958 1186 2004 qui
1215 1959 1308 1991 Deus
1338 1957 1581 2001 Dominusque

907 2012 1154 2058 appellabatur.
1174 2010 1230 2044 Sic
1246 2010 1369 2044 Horat.
1389 2012 1464 2043 Art.
1482 2009 1579 2043 Poet.

907 2064 951 2098 de
980 2065 1131 2099 Chaerilo
1160 2073 1284 2109 poeta:
1307 2082 1320 2093 «
1345 2063 1493 2097 Rettulit
1526 2074 1581 2096 ac-

907 2126 1039 2163 ceptos,
1047 2118 1159 2163 regale
1168 2117 1553 2161 numismafflhilippos.
1563 2134 1576 2146 n

909 2172 1028 2205 Exstat
1064 2171 1169 2204 etiam
1205 2178 1346 2204 moneta
1379 2169 1555 2204 recentior
1571 2196 1579 2209 ‚

910 2237 987 2270 quae
1009 2223 1132 2258 eodem
1152 2236 1257 2257 sensu
1274 2231 1438 2263 vocatur,
1457 2235 1498 2255 un
1512 2235 1582 2255 sou-

912 2280 1026 2311 verain.
1047 2277 1222 2310 Domitius
1240 2276 1402 2322 intelligit
1420 2275 1556 2308 Fluvios
1571 2289 1578 2308 :

911 2344 990 2364 nam
1010 2330 1119 2365 Flavii
1136 2339 1233 2364 erant
1248 2343 1266 2364 a
1287 2329 1413 2363 Flaviis
1433 2329 1583 2375 impera-

915 2385 1051 2417 toribus
1080 2384 1223 2428 signati‚
1248 2384 1314 2416 hoc
1345 2390 1397 2416 est
1415 2409 1424 2423 ,
1449 2383 1582 2427 Vespa-

913 2438 1028 2478 siano,
1044 2438 1125 2471 Tito
1141 2445 1175 2469 et
1192 2436 1391 2469 Domitiano
1404 2462 1413 2476 ,
1431 2447 1583 2480 quorum

911 2489 997 2523 illud
1020 2499 1092 2524 erat.
1110 2502 1317 2535 cognomen.
1332 2511 1383 2515 —-
1396 2489 1495 2522 Novae
1518 2501 1585 2520 mo-

911 2553 999 2576 neta-n
1030 2545 1115 2586 Quae
1143 2542 1265 2588 majori
1297 2551 1369 2576 erat
1399 2542 1435 2574 in
1465 2541 1581 2587 pretio

910 2609 1013 2642 quzuu
1031 2598 1110 2631 trita
1125 2610 1131 2630 :
1144 2597 1226 2629 hinc
1241 2609 1367 2629 munus
1383 2607 1482 2628 suum
1498 2594 1584 2627 insa-

911 2664 951 2682 na
969 2650 1074 2695 inagis
1093 2648 1361 2682 commendabat
1377 2649 1496 2682 Chloe.
1516 2647 1580 2679 Eu

1286 2713 1375 2765 26⁵
