2061 3288
480 234 574 287 144
849 234 912 277 M.
932 234 1075 277 VAL.
1113 235 1508 281 MARTIALIS

612 321 827 382 Rogaliis,
855 320 970 365 unde
997 322 1190 383 suspicer
1214 325 1357 368 virum
1381 323 1569 369 mollem.

611 393 714 436 Una
744 391 941 436 lavamur
968 409 977 435 ε

1010 394 1165 454 aspicit
1191 394 1297 437 nihil
1329 412 1524 450 sursum;

613 462 697 506 Sed
727 472 895 524 spectat
921 462 1056 507 oculis
1082 463 1393 509 devorantibus
1421 466 1606 511 draucos
1629 483 1637 510 :

611 535 705 577 Nee
736 533 882 578 otiosis
912 533 1126 578 mentulas
1156 535 1275 579 videt
1302 534 1445 580 labris.

612 604 802 662 Quaeris,
830 605 924 665 quis
950 605 1021 649 hic
1047 604 1130 649 sit?
1152 606 1310 650 excidit
1333 606 1440 650 mihi
1464 624 1638 652 nomen.

474 745 510 777 in
532 743 691 777 Galbano
704 768 714 783 ‚
735 743 831 790 quod
847 752 898 777 est
917 743 1001 777 visci
1023 754 1082 778 aut
1095 758 1148 778 re-

473 799 556 832 sinae
577 810 683 842 genus
707 798 743 830 in
770 797 871 843 Syria
898 797 1084 842 frequens3
1107 810 1148 831 eo

472 851 621 885 vestium
659 850 776 883 colore
822 851 971 883 maxime
989 843 1148 884 tifeminae

472 905 674 938 utebantur.
695 923 746 930 —-
766 904 901 936 Volunt
923 903 1030 949 aliqui
1050 913 1149 937 nota-

473 966 548 991 tum
569 958 623 991 his
642 957 759 990 verbis
782 957 870 989 clam
900 956 1148 1001 imperatorem

474 1011 640 1051 Galbam,
677 1009 851 1055 imprimis
898 1009 1147 1043 effeminatum.

473 1063 566 1097 Vide
596 1063 753 1097 Turneb.
782 1063 843 1096 lib.
869 1063 977 1104 VIII,
1001 1075 1076 1108 cap.
1103 1065 1122 1097 8
1140 1089 1148 1104 ,

472 1125 506 1150 et
524 1117 705 1150 Laevinum
727 1115 957 1149 Torrentium
977 1116 1015 1148 in
1040 1116 1150 1149 Galba

473 1170 653 1211 Suetonii,
673 1182 747 1214 cap.
773 1169 807 1202 3.

531 1236 584 1258 10.
599 1224 640 1256 In
655 1222 774 1255 multis
788 1222 936 1267 Rogabit.
948 1222 1149 1256 ---Illollem⁸

473 1276 569 1318 Quid
593 1277 661 1309 hoc
680 1276 789 1309 verbo
810 1276 979 1320 intelligat
1005 1276 1149 1309 Martia-

472 1330 514 1363 lis
533 1329 604 1363 vid.
623 1329 684 1362 lib.
699 1330 735 1362 II
749 1354 758 1370 ,
780 1328 983 1374 epigramm.
1007 1341 1150 1370 Lxxxw,

474 1392 508 1416 et
528 1384 590 1417 lib.
617 1383 692 1423 III,
716 1382 825 1426 epigr.
850 1394 958 1414 Lxxn.
982 1382 1135 1415 [tamir-es.

531 1449 588 1469 12.
617 1437 726 1468 Janus
752 1435 931 1468 Guilielm.
962 1434 1149 1467 Verisimil.

473 1489 534 1523 lib.
556 1490 629 1525 HI,
654 1501 728 1534 cap.
760 1500 803 1531 19
821 1512 830 1526 ,
857 1486 1019 1520 emendat
1046 1499 1054 1520 ε
1082 1488 1150 1519 De-

472 1550 593 1586 spectat
608 1542 703 1574 oeulis
720 1568 728 1581 ‚
747 1549 814 1574 etc.
828 1539 959 1573 Eadem
977 1539 1149 1573 medicina

473 1596 562 1628 sorte
577 1593 733 1628 facienda
746 1593 854 1639 epigr.
870 1606 968 1629 Lx1v‚
981 1593 1063 1626 libri
1076 1594 1147 1626 XI:

478 1667 490 1677 ‹-
518 1649 660 1693 Spectas
678 1660 767 1685 nos,
794 1647 1014 1687 Philmmmse,
1040 1659 1148 1692 quum

473 1702 647 1735 lavamur:
668 1718 681 1730 »
702 1709 735 1733 et
753 1699 943 1746 legendum
957 1700 1147 1744 Despectus,

473 1768 582 1800 quum
596 1753 688 1787 idem
700 1754 743 1787 sit
761 1760 1006 1798 argumentum
1023 1753 1149 1786 utrius-

472 1820 540 1852 que
565 1807 833 1853 epigrammatis.

531 1860 587 1894 13.
612 1861 680 1894 Nec
699 1861 818 1893 otiosis.
844 1859 965 1892 Labris
984 1857 1149 1892 undanti-

472 1914 537 1947 bus
558 1922 592 1948 et
611 1926 684 1960 prae
708 1912 883 1947 desiderio
909 1913 1014 1946 saliva
1038 1911 1151 1945 ssuen-

1208 745 1314 779 tibus.
1339 745 1396 778 Sic
1419 746 1547 780 Juven.
1576 746 1645 780 Sat.
1673 746 1746 788 IX,
1764 758 1797 780 v.
1822 746 1882 780 31.

1209 813 1221 823 «
1236 798 1427 844 Spumante
1444 799 1585 833 labello.
1604 816 1617 829 n
1633 799 1787 842 Gallice,
1800 800 1884 832 l'eau

1208 851 1252 883 lui
1270 853 1359 883 vient
1375 853 1395 883 ὰ
1417 852 1448 883 la
1467 851 1592 886 boucha.
1608 851 1692 886 Vid.
1710 865 1786 898 sup.
1809 852 1885 897 epi-

1207 916 1354 949 gramm.
1378 909 1435 944 221.
1453 904 1605 938 Ramires.

1265 961 1323 997 14.
1352 957 1488 990 Excidit
1516 958 1592 990 milli
1618 971 1738 992 nomen.
1768 958 1883 999 Quem

1207 1009 1396 1043 insectetur
1413 1023 1485 1043 non
1504 1010 1665 1044 nominat
1691 1010 1860 1044 Martialis
1873 1034 1884 1051 ,

1208 1071 1246 1096 ut
1267 1061 1356 1096 dixit
1374 1063 1411 1096 in
1431 1063 1576 1109 epistola
1602 1063 1681 1097 libri
1702 1063 1829 1109 primi,
1851 1071 1886 1096 et

1207 1116 1327 1149 multis
1345 1116 1419 1150 aliis
1441 1116 1478 1149 in
1501 1116 1583 1150 locis
1603 1129 1612 1148 :
1635 1131 1648 1143 τι
1666 1129 1700 1149 se
1722 1116 1812 1150 salva
1829 1116 1884 1149 in·

1208 1168 1368 1201 {imarum
1402 1181 1543 1215 quoque
1572 1181 1800 1215 personarum
1827 1180 1883 1201 re-

1207 1222 1363 1255 verentia
1383 1221 1517 1256 ludere.
1541 1239 1554 1251 n
1584 1244 1628 1249 -—
1660 1222 1749 1255 Sunt
1769 1230 1885 1255 tamen

1208 1276 1267 1320 qui
1284 1283 1409 1320 putent
1427 1287 1507 1308 eum
1525 1274 1648 1308 ludere
1660 1276 1695 1308 in
1713 1274 1884 1320 ambigui-

1208 1336 1278 1361 tate
1306 1328 1402 1361 verbi
1428 1328 1570 1368 e1cidit;
1593 1336 1627 1361 et
1647 1327 1730 1361 ideo
1755 1340 1884 1360 nomen

1208 1380 1305 1426 quod
1332 1393 1404 1414 non
1431 1393 1472 1414 ex
1502 1382 1578 1427 ejus
1605 1380 1796 1421 memoria,
1823 1379 1884 1413 sed

1208 1435 1280 1478 ejus
1323 1435 1455 1467 calamo
1490 1434 1606 1466 eaecidit
1645 1431 1886 1479 imprudenti,

1208 1495 1369 1532 quaerunt
1395 1488 1429 1520 in
1452 1487 1519 1520 hoc
1545 1487 1816 1532 epigrammate,
1847 1498 1885 1519 ac

1208 1539 1357 1572 credunt
1377 1540 1486 1572 latere
1513 1541 1576 1572 sub
1599 1539 1714 1572 verbis
1739 1539 1882 1578 Fuscos,

1212 1592 1377 1626 Galbanos
1393 1620 1402 1632 ‚
1428 1593 1638 1632 Coccinatos;
1658 1601 1692 1625 et
1712 1590 1792 1624 ideo
1815 1591 1884 1624 Fu-

1209 1658 1328 1687 scum,
1361 1646 1417 1678 vel
1451 1646 1623 1684 Galbam,
1647 1645 1703 1678 vel
1735 1644 1886 1678 Cinnam

1210 1698 1397 1744 quemdam
1415 1698 1511 1744 carpi
1532 1711 1551 1731 a
1573 1698 1717 1731 Nostro.
1741 1697 1830 1730 Sunt
1852 1705 1887 1730 et

1211 1752 1270 1797 qui
1280 1751 1423 1785 credant
1433 1752 1633 1784 Maternum
1644 1751 1757 1796 ipsum
1769 1763 1778 1791 ;
1790 1749 1885 1796 quod

1211 1817 1335 1850 parum
1364 1804 1552 1838 verisimile
1574 1816 1615 1838 ex
1643 1804 1704 1837 lib.
1735 1803 1789 1843 X,
1811 1803 1886 1848 epi-

1210 1870 1354 1903 gramm.
1379 1870 1536 1896 xxxvur,
1553 1870 1585 1891 v.
1613 1872 1626 1890 1
1646 1865 1680 1889 et
1703 1869 1736 1889 2.
1756 1855 1886 1889 Forsan

1212 1923 1284 1944 non
1307 1910 1400 1945 idem
1422 1911 1601 1945 Maternus
1619 1917 1682 1944 est.
1705 1910 1773 1944 En.

1030 2060 1329 2118 XCVIII.

792 2208 861 2236 AD
900 2204 1177 2235 NAEVOLUM
1216 2203 1570 2233 CAUSIDICUM.

546 2339 698 2397 Quum
731 2336 921 2382 clamant
952 2351 1130 2390 omnes,
1158 2332 1346 2394 loqueris
1376 2343 1446 2388 tu,
1471 2330 1673 2386 Naevole,
1695 2339 1886 2384 tantum,

536 2492 565 2512 1.
590 2480 631 2511 In
652 2477 729 2511 Ald.
747 2478 844 2511 Junt.
865 2485 898 2510 et
917 2475 1032 2510 Colin.
1047 2475 1152 2519 Quum

477 2533 617 2564 clamant
630 2544 731 2563 onmes
746 2559 754 2571 ,
778 2531 910 2575 loqueris
930 2538 962 2561 tu
978 2556 986 2569 ,
1009 2527 1126 2561 Nevole
1140 2554 1150 2567 ‚

476 2599 604 2630 πωρον.
627 2586 668 2616 In
693 2597 800 2628 marg.
831 2583 943 2616 Plant.
968 2581 1015 2614 sic
1037 2593 1153 2614 emen-

478 2638 581 2672 datur
596 2651 602 2671 :
622 2638 707 2670 Dum
724 2638 860 2668 clamant
877 2648 979 2668 onmes
994 2662 1001 2675 ,
1023 2635 1154 2679 loqueris

478 2693 550 2724 hinc
574 2690 690 2724 lx‘oeole
711 2698 840 2721 tamum.
864 2688 1002 2722 Thuau.
1026 2687 1153 2719 habet:

1214 2482 1285 2506 ttmc
1298 2500 1307 2513 ,
1326 2472 1454 2506 Noevole
1466 2499 1474 2512 ,
1497 2478 1629 2503 tantum.
1639 2490 1689 2496 —-
1705 2469 1808 2512 Quum
1823 2469 1886 2499 cla-

1213 2534 1309 2558 mant.
1335 2526 1486 2558 Tantum
1505 2522 1658 2568 loqueris
1679 2533 1789 2566 quum
1807 2534 1884 2552 om-

1212 2580 1311 2612 nium
1338 2577 1546 2611 clamoribus
1567 2574 1886 2619 circumstrepenti·

1214 2634 1278 2665 bus
1290 2659 1299 2671 ,
1320 2644 1392 2664 non
1410 2629 1555 2674 intelligi
1574 2629 1628 2661 vel
1646 2626 1759 2660 audiri
1773 2635 1884 2671 potes.

1215 2685 1335 2726 Qualis
1355 2684 1399 2717 sis
1419 2691 1553 2721 orator,
1574 2693 1677 2714 nemo
1696 2680 1743 2713 sic
1757 2678 1888 2725 judica·
