2061 3288
432 239 540 267 val
667 223 1137 267 DISSERTATIO
1175 224 1263 265 DE
1302 224 1608 268 INGENIO

434 323 580 355 tamen
600 310 863 356 vividissime
880 327 958 372 per
971 311 1196 371 ambages,
1217 320 1262 353 at
1278 327 1348 354 eas
1366 313 1548 368 vitreas,
1562 310 1840 372 eloquuntur,

432 393 475 426 et
491 383 633 426 minus
651 382 819 443 pudicis
837 383 1096 442 imaginibus
1113 383 1235 442 quasi
1257 381 1403 426 mollia
1420 381 1515 425 vela
1535 382 1778 426 obtendunt
1798 393 1842 427 et

432 452 837 497 circuminducunt:
856 462 904 496 ut
928 451 1030 496 olim
1044 454 1277 512 Poppaeam
1295 453 1482 497 Neronis
1502 453 1684 497 decebat
1705 452 1841 497 velari

430 534 599 584 partem
631 524 718 567 oris
739 523 774 576 ¹3
804 532 878 575 ut,
914 524 948 566 si
979 523 1071 567 haec
1108 524 1353 584 comparari
1386 533 1571 584 queant,
1604 522 1842 584 elegantior

430 595 570 639 forma
590 611 739 638 earum
754 593 997 649 videbatur,
1015 611 1110 654 quae
1124 594 1227 638 Cois
1244 593 1437 638 vestibus
1452 593 1699 655 gaudebant
1711 630 1722 650 ,
1737 594 1840 637 dum

429 667 625 726 corporis
642 664 807 710 candor
830 674 874 708 et
898 663 1098 709 mollities
1119 663 1389 726 pellucebat3
1418 681 1606 725 namque
1622 700 1633 720 ,
1659 674 1708 708 ut
1727 666 1841 708 Coas

427 746 592 791 vestes,
624 737 684 780 sic
716 735 919 779 lascivam
952 752 1046 779 eam
1079 745 1122 779 et
1152 734 1346 779 dolosam
1378 735 1629 796 pudicitiam
1664 745 1840 779 ventum

427 809 642 862 textilem,
672 808 817 850 lineas
841 805 1032 850 nebulas
1057 816 1174 850 recte
1197 805 1368 849 dixeris.
1392 808 1447 850 At
1472 806 1582 849 varii
1607 806 1737 849 variis
1767 805 1839 848 de-

429 877 664 933 lectantur,
692 894 742 921 ac
772 877 909 921 ferme
940 886 1111 921 constat

588 1021 596 1029 .
616 1021 623 1030 .
642 993 836 1029 .inornata
855 1001 891 1029 et
911 992 1146 1029 dominantia
1164 993 1320 1030 nomina
1336 994 1481 1030 εοΙιιῐῐι2

425 1113 636 1175 placuisse
665 1112 768 1157 olim
804 1113 847 1155 in
872 1113 1043 1157 Graecia
1072 1122 1116 1156 et
1149 1113 1194 1155 in
1219 1111 1358 1156 Italia.
1383 1112 1503 1170 Quid
1530 1114 1646 1156 enim
1672 1113 1837 1157 Aristo-

422 1185 589 1246 phanes
603 1184 875 1227 Athenarum
898 1200 1033 1227 nurus
1057 1192 1100 1226 et
1120 1182 1287 1244 puellas
1308 1182 1839 1240 (locuit?QuiclPlauti11ae

422 1255 577 1299 fabulae
594 1264 798 1309 narrant,
817 1254 1026 1298 exhibent
1040 1288 1050 1307 ,
1068 1253 1300 1314 ingerunt?
1319 1254 1422 1315 quid
1441 1255 1723 1298 amoenissimi
1742 1270 1839 1314 poe-

419 1336 472 1371 tae
499 1325 694 1371 Catullus
721 1335 763 1368 et
789 1324 989 1380 Flaccus,
1018 1341 1205 1385 quorum
1230 1325 1402 1384 utrique
1423 1323 1553 1368 molle
1573 1341 1623 1368 ac
1649 1324 1835 1368 facetum

422 1399 543 1441 Deus
574 1407 618 1440 et
645 1398 751 1440 Deae
784 1405 1054 1449 annuerant,
1087 1396 1247 1455 passim
1278 1393 1487 1456 crepant?
1512 1394 1615 1455 quid
1651 1404 1839 1438 assertor

422 1485 473 1512 ac
514 1468 673 1512 vindex
720 1466 905 1527 publicae
944 1465 1164 1527 pudicitiae
1204 1466 1503 1510 tenacissimus
1535 1467 1559 1508 J
1564 1464 1756 1509 uvenalis
1795 1466 1837 1508 in

421 1539 561 1583 satiris
600 1538 689 1582 fere
726 1537 928 1580 omnibus
948 1536 966 1579 P
997 1538 1097 1579 Tria
1138 1536 1350 1580 duntaxat
1391 1536 1520 1591 novi,
1560 1553 1656 1596 quae
1696 1536 1837 1579 minus

421 1626 576 1671 spurca
599 1610 642 1652 in
666 1608 874 1669 spurcitia
894 1624 971 1652 sua
995 1607 1066 1651 hic
1088 1617 1258 1660 notem,
1280 1607 1582 1651 Theocriteam
1605 1607 1836 1666 Oaristyn,

417 1681 609 1724 Petronii
625 1678 930 1733 Miscellanea,
952 1677 1121 1739 Apuleii
1143 1679 1321 1722 Asinum
1338 1679 1553 1730 Aureum3
1572 1694 1667 1737 quae
1691 1686 1835 1720 tamen

418 1767 547 1813 quam
575 1760 748 1811 aperta,
771 1766 901 1810 quam
926 1749 1053 1793 obvia
1082 1758 1203 1804 sunt,
1226 1749 1259 1792 si
1286 1747 1442 1792 fabulis
1468 1748 1626 1791 nostris
1648 1746 1832 1790 Milesia·

419 1825 479 1867 cis
495 1859 506 1877 ,
530 1824 660 1866 etiam
676 1820 823 1883 paullo
844 1819 1142 1873 liberioribus,
1163 1815 1420 1863 contuleris!
1442 1820 1639 1862 Persium
1661 1818 1836 1861 memini

418 1895 460 1937 in
492 1895 623 1937 satira
666 1893 805 1953 prima
843 1890 1079 1951 aequalibus
1112 1891 1199 1934 suis
1237 1888 1396 1933 bellum
1442 1889 1574 1932 veluti
1612 1888 1835 1942 indixisse,

418 1964 538 2025 quod
568 1962 792 2007 mollitiem
821 1971 951 2022 atque
978 1960 1168 2022 ἁρμονίαν
1199 1960 1431 2021 quamdam
1472 1976 1594 2003 suam
1625 1959 1833 2002 affectan-

420 2046 483 2079 tes
499 2071 510 2091 ,
530 2037 729 2078 Romana
755 2033 889 2077 verba
906 2032 1172 2093 eliquarent,
1199 2032 1427 2074 evirarent.
1455 2049 1476 2070 «
1494 2033 1597 2073 Haec
1619 2030 1773 2073 fierent
1787 2048 1806 2069 n
1824 2064 1835 2084 ,

417 2107 475 2150 ait
508 2105 808 2166 pudicissimus
841 2114 998 2164 poeta,

574 2236 663 2270 Haec
685 2233 840 2274 fierent,
861 2231 891 2267 si
912 2231 1075 2266 testiculi
1095 2243 1189 2266 vcna
1209 2230 1283 2265 ulla
1306 2229 1453 2278 paterni

577 2296 732 2332 Viveret
757 2295 794 2331 in
818 2294 977 2330 nobis?³

418 2420 577 2460 ‘Nonne
605 2414 757 2458 eodem
796 2413 884 2456 fero
915 2411 1046 2454 modo
1086 2409 1422 2454 reclamaturum
1455 2426 1553 2452 cum
1590 2409 1717 2452 fuisse
1749 2425 1834 2468 pu-

480 2571 505 2591 1.
527 2556 637 2589 Tacit.
657 2554 783 2586 Annal.
803 2553 862 2584 lib.
890 2552 976 2583 XIII
990 2576 999 2592 ,
1020 2564 1094 2595 cap.
1115 2550 1173 2584 65.

482 2624 513 2643 2.
533 2610 652 2642 Horat.
672 2609 746 2639 Art.
764 2606 859 2638 Poet.
875 2617 924 2637 vs.
952 2604 1036 2643 234.

475 2662 616 2695 3.Pe1·s.
638 2661 707 2693 Sat.
725 2660 739 2691 I
754 2685 762 2698 ,
782 2671 828 2691 vs.
858 2656 935 2689 103.
