2061 3288
464 242 560 269 210

838 226 898 268 M.
923 225 1062 268 VAL.
1104 225 1494 269 MARTIALIS

1056 379 1268 435 XLII.

1007 536 1059 564 IN
1103 536 1324 565 ZOILUM.

530 665 672 706 2011AE
689 697 700 717 ,
726 661 829 722 quid
860 660 1014 704 solium
1041 659 1216 704 subluto
1243 660 1397 721 podice
1422 660 1592 722 perdis?

598 733 806 794 Spurcius
831 742 881 775 ut
910 731 1008 785 fiat,
1036 730 1179 788 Zoile,
1204 748 1352 792 merge
1377 741 1521 793 caput.

515 884 543 905 1.
576 871 741 904 Barthius
769 871 805 903 in
833 870 955 904 codice.
980 868 1131 916 quodam

454 925 678 970 legitpa1·dis;
694 923 790 957 unde
807 924 949 969 conjicit
964 922 1059 956 haud
1078 923 1132 956 in-

455 987 535 1024 t‘pte
555 991 563 1010 2
586 978 665 1023 qnid
687 977 767 1010 solio
785 977 909 1010 sublato
926 977 1039 1022 podice
1058 989 1134 1020 pal·-

455 1034 498 1064 cis
513 1037 532 1063 Ρ
552 1030 654 1064 Conf.
672 1030 733 1064 lib.
751 1031 826 1072 XI,
849 1030 957 1075 epigr.
978 1042 1069 1063 xcw.
1082 1045 1133 1050 —

453 1084 588 1117 Solium
601 1092 674 1117 erat
689 1097 747 1117 vas
761 1084 797 1116 in
814 1096 884 1129 quo
906 1084 1010 1128 vulgo
1027 1081 1132 1128 pedes

453 1138 684 1178 lavabantur,
711 1149 800 1182 aqua
822 1149 931 1183 usque
956 1135 999 1169 ad
1021 1148 1132 1181 genua

452 1191 688 1236 pertingente.
723 1189 906 1223 Interdum
942 1198 1058 1223 autem
1096 1189 1132 1221 in

453 1244 581 1276 solium
598 1243 745 1288 genibus
765 1243 861 1277 flexis
887 1243 993 1288 proni
1017 1254 1052 1276 se
1072 1240 1132 1274 de-

450 1297 639 1330 mittebant
654 1298 799 1330 Veteres
817 1296 962 1341 inguina
976 1296 1032 1329 vel
1047 1307 1131 1329 ven-

452 1358 541 1382 trem
561 1349 726 1390 lavaturi3
743 1357 782 1381 ut
799 1357 893 1394 patet
908 1362 947 1381 ex
967 1349 1130 1382 hocloco

449 1402 607 1436 Cornelii
630 1402 741 1435 Celsi:
767 1419 780 1431 «
799 1402 1019 1447 Interpositis
1042 1400 1130 1433 dua-

450 1456 513 1488 bus
533 1456 603 1488 oris
621 1455 657 1488 in
679 1455 805 1487 solium
821 1467 919 1499 aquae
936 1453 1056 1487 calidae
1075 1465 1130 1486 re-

451 1509 598 1554 supinus
617 1506 848 1541 dimittendus
864 1516 913 1540 est
929 1504 1043 1551 (aeger
1056 1505 1132 1551 qui-

451 1556 577 1604 dam),
600 1561 648 1593 sic
671 1569 709 1593 ut
736 1574 753 1593 a
772 1560 921 1605 genibus
947 1559 990 1592 ad
1016 1558 1131 1592 umbi-

451 1614 559 1647 licum
592 1626 679 1659 aqua
703 1613 892 1658 pertingat.
918 1630 930 1642 »
963 1613 1100 1645 Solium
1121 1635 1129 1650 ‚

450 1666 545 1712 quod
561 1667 676 1712 primo
689 1667 800 1699 fuerat
812 1667 969 1711 ligneum
980 1691 989 1706 ,
1001 1664 1131 1698 deinde

450 1720 620 1764 gliscente
634 1720 772 1752 luxuria
783 1727 987 1764 argenteum
997 1744 1006 1759 ,
1017 1718 1064 1751 sic
1076 1731 1133 1764 ap·

450 1772 573 1817 pellari
591 1781 689 1816 putat
705 1772 918 1806 Ramiresius
935 1786 951 1804 a
969 1771 1132 1805 similitu-

1193 869 1275 903 dine
1288 869 1366 903 50111
1379 869 1466 916 regii
1480 869 1576 916 quod
1593 880 1666 904 erat
1680 883 1739 904 vas
1753 873 1871 918 amplo

1193 932 1227 957 et
1246 924 1317 956 lato
1337 936 1409 957 ore.
1428 945 1480 950 ——
1501 924 1570 957 Alii
1595 924 1793 970 intelligunt
1815 938 1871 958 so-

1191 976 1297 1018 lium,
1318 989 1377 1009 vas
1396 989 1465 1022 quo
1488 977 1523 1009 in
1551 977 1682 1010 balneis
1709 978 1871 1011 mulieres

1193 1030 1398 1071 utebantur,
1418 1038 1452 1063 et
1466 1030 1502 1062 in
1520 1043 1590 1075 quo
1606 1029 1762 1064 sedentes
1778 1031 1870 1064 lava-

1193 1083 1334 1116 bantur.
1351 1083 1540 1116 Suetonius
1554 1083 1591 1116 in
1604 1083 1780 1128 Augusto,
1794 1095 1870 1129 cap.

1196 1138 1239 1170 82
1259 1148 1267 1169 ε
1297 1154 1310 1165 «
1330 1136 1527 1169 Contentus
1551 1136 1619 1169 hoc
1640 1145 1733 1177 erat,
1755 1144 1796 1169 ut
1817 1137 1870 1170 in-

1193 1188 1309 1222 sidens
1328 1189 1445 1234 ligneo
1474 1189 1583 1231 solio,
1605 1189 1699 1234 quod
1722 1189 1797 1234 ipse
1816 1190 1870 1223 hi-

1193 1242 1335 1287 spanico
1367 1243 1475 1275 verbo
1510 1241 1671 1275 duretam
1701 1243 1846 1276 vocabat
1863 1269 1872 1286 ,

1193 1308 1318 1328 manus
1338 1294 1378 1328 ad
1397 1294 1501 1340 pedes
1520 1296 1662 1329 alternis
1681 1296 1839 1340 jactaret.
1856 1314 1870 1325 ·›

1191 1349 1269 1381 Lib.
1284 1349 1357 1387 VI,
1378 1348 1486 1394 epigr.
1508 1361 1611 1381 Lxxxl
1627 1374 1636 1389 ‚
1657 1357 1691 1382 et
1714 1349 1772 1381 lib.
1795 1350 1845 1382 XI
1862 1375 1870 1390 ‚

1192 1402 1304 1446 epigr.
1324 1414 1415 1434 xevr.
1434 1401 1568 1434 Plinius
1585 1427 1594 1441 ‚
1613 1401 1676 1435 lib.
1692 1401 1870 1443 XXXIII,

1192 1466 1267 1498 cap.
1295 1466 1307 1486 1
1320 1466 1351 1486 2.

1248 1519 1279 1539 2.
1305 1506 1415 1549 [Ilerge
1434 1515 1539 1550 caput.
1564 1505 1669 1547 Quod
1685 1519 1796 1551 quum
1812 1506 1870 1539 ob<

1191 1571 1343 1592 scoenum
1369 1559 1429 1599 sit,
1450 1559 1556 1604 magis
1579 1558 1722 1593 foedabit
1744 1559 1870 1592 solium
1897 1600 1899 1602 η

1191 1624 1294 1657 quam
1308 1611 1334 1644 si
1352 1612 1458 1644 utaris
1472 1612 1541 1644 hoc
1553 1624 1632 1645 vase
1648 1612 1690 1645 ad
1709 1613 1870 1646 subluen-

1192 1663 1278 1697 dum
1299 1665 1354 1696 vel
1375 1663 1549 1709 podicem.
1572 1664 1709 1698 Zoilum
1736 1665 1872 1699 fellato-

1191 1730 1267 1751 rem
1276 1717 1331 1751 vel
1341 1717 1598 1762 cunnilingum,
1607 1719 1662 1752 vel
1678 1727 1870 1764 utrumque

1192 1778 1293 1815 putat
1310 1770 1415 1804 fuisse
1437 1771 1660 1803 Ramiresius.

1048 1909 1280 1967 XLIII.

949 2067 1002 2095 IN
1042 2045 1378 2095 0111111100*Μῖ

525 2189 768 2239 CANmnE,
790 2184 902 2229 κοινὰ
927 2184 1071 2243 φίλων,
1097 2184 1189 2228 haec
1213 2194 1314 2227 sunt
1339 2195 1435 2240 tua,
1458 2185 1674 2237 Candide,
1696 2187 1852 2242 πάντα,

594 2260 705 2313 Quae
731 2267 777 2299 tu
805 2254 1109 2316 magniloquus
1136 2264 1265 2299 nocte
1288 2255 1443 2315 dicque
1464 2272 1605 2299 sonas.

510 2395 522 2407 ⁵*
560 2395 733 2429 Eumdem
770 2394 993 2435 Candidum,
1027 2407 1131 2440 quem

457 2462 561 2494 supra
576 2475 584 2489 ‚
613 2449 723 2494 epigr.
743 2461 838 2489 xxiv¹
863 2449 1040 2482 cavillatus
1064 2456 1132 2489 est,

457 2501 616 2535 amicitiae
649 2501 826 2547 loquendo
866 2502 1102 2534 simulatorem
1123 2528 1130 2542 ‚

457 2567 637 2599 nunquam
684 2554 818 2599 agendo
866 2554 1098 2588 exhibitorem
1121 2581 1129 2593 ,

458 2620 553 2639 nunc
577 2616 607 2640 et
632 2615 721 2640 taxat
744 2608 991 2648 urbanissime,
1017 2606 1133 2652 lepida

459 2659 599 2693 inducta
619 2660 880 2704 comparatione
894 2661 985 2693 inter
1001 2673 1132 2705 paupe-

1190 2406 1266 2426 rem
1286 2407 1389 2427 suum
1414 2396 1565 2436 cultum,
1590 2405 1624 2429 et
1652 2396 1869 2430 ambitiosam

1193 2447 1343 2481 Candidi
1376 2448 1553 2481 luxuriam
1570 2475 1578 2489 ‚
1602 2462 1681 2482 suas
1709 2449 1772 2482 sibi
1805 2451 1866 2482 soli

1193 2499 1332 2534 delicias
1347 2502 1568 2541 reservantis,
1583 2510 1615 2534 et
1631 2502 1749 2535 amicis
1764 2503 1867 2535 verba

1194 2561 1327 2587 tantun]
1345 2554 1535 2599 largientis.
1557 2555 1622 2587 Εῑ).

1252 2620 1263 2639 1
1274 2634 1281 2640 .
1303 2607 1448 2640 Candide
1465 2606 1552 2640 κεινὰ
1567 2608 1659 2640 σθίλω
1670 2608 1770 2640 Junt.
1787 2620 1864 2640 ann.

1200 2672 1210 2691 1
1223 2659 1291 2692 51⁴2
1308 2673 1316 2700 ;
1349 2659 1407 2692 sed
1434 2660 1466 2691 in
1496 2659 1608 2693 Colin.
1641 2673 1718 2692 min.
1756 2660 1866 2700 1528,
