2061 3288
449 237 546 282 208

818 238 880 282 M.
913 239 1054 283 VAL.
1095 237 1489 283 MARTIALIS

660 327 805 383 Quam
832 336 993 370 cretata
1021 326 1145 370 timet
1171 324 1349 369 Fabulla
1373 327 1595 383 nimbum,

657 399 891 442 Cerussata
914 398 1037 441 timet
1058 395 1231 441 Sabella
1256 396 1405 441 solem.

658 466 818 512 Vultus
843 468 976 512 indue
1006 478 1055 512 tu
1084 468 1222 529 magis
1254 484 1452 525 severos,

658 539 804 595 Quam
831 539 991 600 conjux
1017 539 1206 594 Priami,
1237 554 1459 600 nurusque
1486 538 1637 600 major.

658 609 818 654 Mimos
844 609 1014 656 ridiculi
1036 609 1298 654 Philistionis
1313 645 1325 665 ‚
1832 629 1861 653 15

450 779 591 800 crurum
627 765 857 799 distortorum
895 767 1047 799 informe
1074 766 1126 798 vi-

450 821 551 854 tium.
576 841 617 847 -—-
639 820 775 852 sentam
801 820 949 864 Spanius.
977 819 1128 864 Spanius

450 882 523 907 erat
537 873 645 906 homo
663 871 832 906 delicatus
851 874 911 918 qui
931 885 1067 906 comam
1081 872 1128 905 ita

450 927 640 972 diligenter
652 927 811 971 pectebat
825 925 1055 972 flectebatque
1068 951 1076 968 ‚
1089 933 1127 958 ut

450 980 507 1013 vix
530 980 566 1012 in
590 979 774 1025 publicum
794 977 938 1024 prodire
961 978 1104 1012 auderet
1119 1004 1127 1019 ‚

453 1046 497 1066 ne
512 1033 621 1066 cirros
643 1040 770 1065 ventus
794 1032 953 1066 turbaret
974 1045 1012 1065 ac
1032 1032 1128 1077 disji-

452 1094 557 1119 ceret.
569 1108 621 1111 —
634 1085 739 1118 Forte
752 1085 899 1131 Spanius
913 1085 1029 1118 calvus
1040 1094 1126 1123 erat,

453 1149 485 1172 et
506 1139 639 1172 calvam
654 1138 809 1172 diductis
834 1137 876 1171 ad
902 1139 1055 1172 frontem
1074 1150 1129 1171 ca·

454 1193 547 1238 pillis
569 1193 705 1237 tegebat
724 1205 732 1233 ;
755 1200 789 1225 et
821 1204 866 1224 ne
894 1191 1000 1225 flante
1024 1200 1130 1224 vento

453 1245 609 1279 redirent
642 1244 685 1278 ad
715 1257 816 1278 suum
849 1245 963 1278 locum
996 1244 1130 1290 capilli,

454 1308 558 1332 vento
578 1311 613 1332 se
632 1311 703 1331 non
723 1299 929 1344 exponebat.
959 1297 1046 1331 Vid.
1068 1298 1131 1331 lib.

456 1354 510 1392 X,
547 1352 655 1397 epigr.
687 1364 838 1384 Lxxxnl.
864 1373 916 1377 -—
941 1351 1133 1396 Μαηιιηιιμια

454 1407 596 1439 Priscus.
615 1405 730 1437 Homo
747 1405 883 1450 elegans
894 1417 933 1438 ac
947 1403 1132 1444 delicatus,

456 1458 683 1505 politioribus
695 1466 798 1490 utens
813 1458 966 1490 vestibus
977 1483 984 1494 ,
1007 1465 1039 1490 et
1053 1457 1135 1489 alio-

456 1525 536 1546 rum
560 1519 675 1544 vitans
700 1519 880 1544 contactus
899 1533 909 1548 ‚
941 1523 985 1543 ne
1012 1522 1132 1543 earum

456 1565 555 1611 plicae
575 1564 762 1598 turbentur
783 1560 874 1602 (vid.
894 1563 953 1595 lib.
973 1564 1043 1603 III,
1060 1563 1133 1608 epi-

458 1630 601 1663 gramm.
625 1615 752 1656 LXIII).
767 1616 823 1649 Sic
843 1617 908 1649 fuit
926 1616 1134 1649 Hortensius

459 1679 600 1708 orator,
623 1669 683 1715 qui
715 1678 846 1702 vestem
884 1681 980 1702 suam
1010 1667 1135 1713 putide

457 1723 686 1769 compositam
708 1722 794 1755 adeo
820 1723 966 1755 timebat
990 1735 1033 1755 ne
1058 1722 1135 1768 quis

459 1775 694 1811 confunderet
709 1801 718 1816 ,
755 1784 793 1808 ut
830 1775 947 1809 nescio
977 1787 1082 1821 quem
1117 1787 1134 1807 a

461 1843 531 1876 quo
550 1830 658 1875 ipsius
680 1829 784 1862 vestis
802 1827 926 1861 durius
948 1828 1060 1861 suerat
1085 1837 1136 1861 at-

461 1891 603 1917 trectata
618 1908 627 1923 ‚
652 1883 687 1914 in
714 1883 770 1927 jus
794 1881 981 1915 vocaverit.
1002 1903 1053 1908 —
1071 1882 1136 1914 Vel

461 1938 551 1971 forte
569 1936 706 1968 Priscus
722 1947 832 1981 gypso
852 1943 990 1967 cretave
1015 1947 1137 1967 manus

461 2003 538 2023 suas
565 1988 806 2029 dealbaverat3
829 1987 926 2033 quod
954 1987 1137 2021 artificium

463 2056 508 2076 ne
534 2041 745 2088 proderetur
763 2066 771 2079 ,
797 2053 964 2074 manuum
996 2052 1139 2085 prensa-

463 2097 595 2129 tionem
618 2107 636 2127 a
658 2094 846 2127 Veteribus
872 2094 1032 2127 usitatam
1053 2093 1140 2127 vita-

462 2150 521 2182 bat
539 2148 736 2193 diligenter.

522 2214 581 2236 11.
609 2202 677 2234 Pro
701 2200 843 2233 Fabulla
871 2200 907 2232 in
932 2198 1141 2232 Beverlandi

464 2256 539 2288 MS.
556 2255 665 2287 tabula
677 2273 727 2280 ·--
739 2254 870 2287 Crelata
883 2253 1034 2286 Fabulla.
1047 2252 1138 2285 Plin.

463 2309 525 2341 lib.
535 2308 687 2346 XXXV,
700 2319 774 2352 cap.
798 2318 855 2350 17,
865 2306 1076 2351 cretaeplura
1087 2318 1141 2350 ge-

464 2373 549 2394 nera
567 2368 759 2393 enumerat⁴
782 2360 873 2400 Alia,
895 2359 1028 2403 inquit,
1047 2366 1141 2391 creta

465 2414 659 2459 argentaria
682 2413 897 2458 appellatur,
918 2412 1068 2444 nitorem
1087 2424 1141 2444 ar-

467 2475 570 2511 gento
590 2465 760 2507 reddens3
780 2478 849 2511 qua
872 2477 953 2498 sane
978 2466 1142 2498 utebatur

468 2519 612 2552 Fabulla
625 2545 632 2559 ‚
651 2531 729 2564 quae
745 2519 888 2552 timebat
903 2519 1057 2563 pluviam
1069 2544 1078 2559 ‚
1096 2530 1141 2550 ne

465 2573 565 2605 fucus
586 2572 644 2604 ille
666 2571 825 2604 madidus
847 2570 1035 2604 difflueret.

524 2637 536 2658 1
549 2637 580 2658 2.
601 2625 770 2657 Cerussata
789 2626 875 2656 timet
890 2624 1004 2657 tabella
1020 2625 1142 2656 Bever-

464 2677 559 2710 laudi
582 2677 655 2711 MS.
676 2699 726 2704 -
749 2676 863 2710 Solem.
888 2677 941 2710 Ne
959 2690 978 2710 a
997 2677 1069 2710 sole
1084 2688 1140 2709 ca-

1185 765 1307 798 lefacta
1327 777 1483 807 cerussa,
1505 766 1628 799 faciem
1651 774 1791 800 torreat.
1812 788 1862 794 --

1187 818 1333 851 Cerussa
1355 831 1461 864 genus
1480 827 1530 852 est
1544 819 1713 865 pigmenti
1734 832 1805 865 quo
1825 819 1864 852 il-

1185 871 1311 904 linitur
1335 873 1456 905 vultus
1475 871 1518 905 ad
1537 872 1725 906 candorem
1746 873 1864 906 conci-

1185 924 1369 967 liandum,
1392 933 1426 958 et
1454 925 1567 959 calore
1602 925 1683 959 solis
1712 926 1862 972 liquefit.

1187 979 1239 1011 De
1261 978 1328 1011 hoc
1354 978 1555 1024 pigmento,
1581 979 1715 1012 Plinius
1735 1004 1744 1020 ‚
1773 978 1864 1012 libro

1187 1031 1304 1065 citato.

1247 1096 1260 1116 1
1271 1084 1289 1117 3
1298 1110 1306 1118 .
1319 1084 1527 1129 l'⁷ultusfinge
1542 1096 1609 1117 tuos
1623 1097 1665 1118 ex
1678 1084 1864 1118 Pulmanni

1188 1136 1343 1171 editione
1361 1138 1463 1171 affert
1484 1137 1650 1183 Langius.
1679 1159 1729 1165 —
1749 1138 1866 1170 Vultus

1189 1190 1311 1223 indulto
1330 1190 1559 1224 Schrevelius.

1249 1257 1261 1276 1
1273 1248 1306 1283 4.
1322 1242 1446 1288 Consum
1462 1245 1596 1278 Priami.
1612 1244 1726 1285 Quam
1743 1252 1866 1277 moesto

1190 1304 1224 1330 et
1242 1309 1362 1329 severo
1379 1297 1478 1330 vultu
1492 1296 1724 1330 introducunt
1738 1297 1866 1330 Poetae.

1191 1369 1243 1375 —
1265 1350 1372 1383 Nurus
1395 1351 1506 1395 major.
1528 1349 1775 1383 Andromache
1796 1350 1866 1382 He-

1190 1403 1297 1436 ctoris
1312 1416 1418 1444 uxor,
1429 1416 1506 1448 quae
1525 1404 1635 1448 major
1648 1416 1758 1436 nurus
1777 1411 1866 1443 erat,

1191 1468 1302 1500 quum
1324 1456 1497 1501 nupsisset
1524 1455 1664 1489 Hectori
1691 1455 1867 1501 primoge-

1191 1509 1267 1541 nito
1282 1508 1411 1542 Priami
1433 1521 1474 1542 ex
1493 1508 1658 1551 Hecuba3
1677 1509 1794 1542 minor
1808 1521 1867 1542 ve·

1192 1574 1233 1594 ro
1257 1574 1366 1595 nurus
1393 1562 1524 1595 Helena
1540 1561 1675 1595 Paridis
1699 1560 1867 1595 adultera.

1194 1615 1371 1648 Gravibus
1398 1616 1562 1648 aerumnis
1589 1623 1733 1653 vexata,
1767 1623 1801 1648 et
1830 1614 1866 1647 in

1193 1676 1368 1713 perpetuo
1393 1669 1490 1700 luctu
1509 1668 1616 1701 vitam
1636 1668 1777 1701 trahens
1796 1668 1870 1700 An-

1194 1720 1405 1762 dromache,
1425 1721 1542 1754 vultus
1568 1721 1691 1754 habuit
1709 1733 1846 1754 severos
1860 1746 1869 1761 ‚

1194 1773 1397 1807 Maximinae
1418 1773 1615 1808 imitandos.

1254 1827 1312 1859 15-
1331 1827 1458 1860 Mimos.
1484 1828 1646 1861 Poemata
1670 1827 1842 1872 turpicula
1860 1853 1870 1868 ‚

1196 1879 1240 1913 ad
1266 1879 1376 1912 risum
1407 1879 1626 1913 excitandum
1656 1880 1870 1925 composita,

1196 1933 1234 1965 in
1273 1933 1401 1978 quibus
1428 1934 1647 1979 potissimum
1682 1932 1871 1966 histriones

1197 1986 1382 2018 hominum
1421 1994 1537 2031 gestus
1569 1986 1761 2019 scurriliter
1792 1986 1871 2018 imi-

1200 2047 1329 2072 tantur.
1357 2038 1563 2080 Diomedes,
1586 2040 1647 2072 lih.
1667 2040 1744 2072 III:
1771 2056 1783 2068 ιι
1803 2039 1870 2071 Mi-

1199 2104 1277 2125 mus
1309 2101 1359 2125 est
1390 2105 1503 2125 sermo
1545 2092 1730 2136 cujuslibet
1757 2100 1872 2125 motus

1201 2145 1275 2178 sine
1303 2144 1517 2184 reverentia,
1545 2146 1600 2178 vel
1628 2146 1796 2178 factorum
1822 2145 1871 2177 la-

1200 2198 1290 2231 sciva
1301 2198 1459 2231 imitatio,
1471 2216 1483 2228 u
1499 2197 1604 2231 Ovid.
1616 2199 1721 2231 Trist.
1734 2199 1767 2230 ΙΙ
1777 2224 1785 2240 ,
1798 2202 1868 2242 497

1204 2259 1237 2283 et
1262 2250 1332 2285 515
1353 2264 1360 2283 :
1388 2252 1575 2284 «Scribere
1596 2253 1623 2284 si
1650 2252 1698 2284 fas
1719 2259 1768 2283 est
1792 2250 1871 2283 imi-

1200 2312 1330 2338 tantem
1346 2305 1463 2349 turpia
1474 2304 1599 2337 mimos
1611 2330 1619 2344 ‚
1632 2303 1728 2345 Quid
1747 2304 1774 2337 si
1793 2303 1873 2336 scri-

1199 2357 1322 2402 psisses
1341 2358 1465 2390 mimos
1483 2358 1644 2390 obscoena
1658 2359 1811 2403 jocantes
1825 2355 1839 2388 Ρ
1853 2373 1866 2384 n

1201 2425 1251 2431 —
1267 2411 1407 2443 Ridiculi
1422 2410 1631 2443 Philistionis.
1646 2409 1805 2442 Philistio
1818 2421 1875 2441 co-

1202 2463 1311 2496 micus
1324 2488 1333 2504 ‚
1346 2462 1390 2496 de
1407 2475 1478 2508 quo
1492 2462 1624 2495 mentio
1637 2460 1731 2508 apud
1744 2461 1871 2494 Euseb.

1202 2515 1326 2550 Sidon.
1338 2516 1453 2562 Apoll.
1471 2514 1567 2548 Suid.
1578 2523 1611 2548 et
1625 2515 1752 2547 multos
1769 2513 1870 2553 alios,

1201 2582 1313 2614 quum
1332 2569 1405 2614 ipse
1420 2568 1518 2601 daret
1535 2567 1700 2607 mimum,
1712 2566 1770 2611 qui
1788 2567 1872 2610 φιλό-

1200 2628 1297 2667 γελων
1315 2616 1422 2664 (risus
1435 2614 1585 2663 amans),
1599 2619 1786 2664 inscriptus
1803 2627 1869 2659 est,

1200 2675 1272 2709 risu
1289 2674 1441 2716 interiit,
1462 2672 1610 2708 Socratis
1626 2681 1797 2717 tempore.
