<?xml version="1.0" encoding="UTF-8"?>
<!DOCTYPE html PUBLIC "-//W3C//DTD XHTML 1.0 Transitional//EN"
    "http://www.w3.org/TR/xhtml1/DTD/xhtml1-transitional.dtd">
<html xmlns="http://www.w3.org/1999/xhtml" xml:lang="en" lang="en">
 <head>
  <title>
</title>
<meta http-equiv="Content-Type" content="text/html;charset=utf-8" />
  <meta name='ocr-system' content='tesseract 3.04.00' />
  <meta name='ocr-capabilities' content='ocr_page ocr_carea ocr_par ocr_line ocrx_word'/>
</head>
<body>
  <div class='ocr_page' id='page_1' title='image "./epigrammata01martuoft_0281.png"; bbox 0 0 2061 3288; ppageno 0'>
   <div class='ocr_carea' id='block_1_1' title="bbox 0 2642 23 3288">
    <p class='ocr_par' dir='ltr' id='par_1_1' title="bbox 0 2642 23 3288">
     <span class='ocr_line' id='line_1_1' title="bbox 0 2642 23 3288; baseline 0 0"><span class='ocrx_word' id='word_1_1' title='bbox 0 2642 23 3288; x_wconf 95' lang='lat' dir='ltr'> </span> 
     </span>
    </p>
   </div>
   <div class='ocr_carea' id='block_1_2' title="bbox 467 238 1278 283">
    <p class='ocr_par' dir='ltr' id='par_1_2' title="bbox 467 238 1278 283">
     <span class='ocr_line' id='line_1_2' title="bbox 467 238 1278 283; baseline -0.004 0"><span class='ocrx_word' id='word_1_2' title='bbox 467 239 1044 283; x_wconf 77' lang='lat' dir='ltr'><strong>EPIGRAMMATUM</strong></span> <span class='ocrx_word' id='word_1_3' title='bbox 1083 238 1208 281; x_wconf 87' lang='lat' dir='ltr'>LIB.</span> <span class='ocrx_word' id='word_1_4' title='bbox 1246 238 1278 280; x_wconf 91' lang='grc' dir='ltr'>Ι.</span> 
     </span>
    </p>
   </div>
   <div class='ocr_carea' id='block_1_3' title="bbox 1487 253 1577 299">
    <p class='ocr_par' dir='ltr' id='par_1_3' title="bbox 1487 253 1577 299">
     <span class='ocr_line' id='line_1_3' title="bbox 1487 253 1577 299; baseline -0.044 0"><span class='ocrx_word' id='word_1_5' title='bbox 1487 253 1577 299; x_wconf 62' lang='lat'>¹¹1.)</span> 
     </span>
    </p>
   </div>
   <div class='ocr_carea' id='block_1_4' title="bbox 245 326 1589 881">
    <p class='ocr_par' dir='ltr' id='par_1_4' title="bbox 245 326 1270 458">
     <span class='ocr_line' id='line_1_4' title="bbox 245 326 1247 379; baseline -0.002 -8"><span class='ocrx_word' id='word_1_6' title='bbox 245 329 447 371; x_wconf 74' lang='lat' dir='ltr'>Protinus</span> <span class='ocrx_word' id='word_1_7' title='bbox 470 344 492 370; x_wconf 88' lang='lat' dir='ltr'>a</span> <span class='ocrx_word' id='word_1_8' title='bbox 517 327 622 371; x_wconf 80' lang='lat' dir='ltr'>laeva</span> <span class='ocrx_word' id='word_1_9' title='bbox 646 326 748 370; x_wconf 87' lang='lat' dir='ltr'>clari</span> <span class='ocrx_word' id='word_1_10' title='bbox 772 327 847 370; x_wconf 86' lang='lat' dir='ltr'>tibi</span> <span class='ocrx_word' id='word_1_11' title='bbox 876 327 1016 370; x_wconf 82' lang='lat' dir='ltr'>fronte</span> <span class='ocrx_word' id='word_1_12' title='bbox 1042 327 1247 379; x_wconf 80' lang='lat' dir='ltr'>Penates,</span> 
     </span>
     <span class='ocr_line' id='line_1_5' title="bbox 321 396 1270 458; baseline -0.002 -18"><span class='ocrx_word' id='word_1_13' title='bbox 321 400 521 458; x_wconf 78' lang='lat' dir='ltr'>Atriaque</span> <span class='ocrx_word' id='word_1_14' title='bbox 547 397 723 442; x_wconf 79' lang='lat' dir='ltr'>excelsae</span> <span class='ocrx_word' id='word_1_15' title='bbox 750 407 849 441; x_wconf 81' lang='lat' dir='ltr'>sunt</span> <span class='ocrx_word' id='word_1_16' title='bbox 877 396 1074 441; x_wconf 77' lang='lat' dir='ltr'>adeunda</span> <span class='ocrx_word' id='word_1_17' title='bbox 1101 396 1270 440; x_wconf 85' lang='lat' dir='ltr'>domus.</span> 
     </span>
    </p>

    <p class='ocr_par' dir='ltr' id='par_1_5' title="bbox 249 466 1521 600">
     <span class='ocr_line' id='line_1_6' title="bbox 249 466 1521 529; baseline -0.001 -19"><span class='ocrx_word' id='word_1_18' title='bbox 249 471 373 512; x_wconf 83' lang='lat' dir='ltr'>Hanc</span> <span class='ocrx_word' id='word_1_19' title='bbox 400 479 520 529; x_wconf 77' lang='lat' dir='ltr'>pcte.;</span> <span class='ocrx_word' id='word_1_20' title='bbox 547 486 600 512; x_wconf 89' lang='lat' dir='ltr'>ne</span> <span class='ocrx_word' id='word_1_21' title='bbox 625 479 790 512; x_wconf 80' lang='lat' dir='ltr'>metuas</span> <span class='ocrx_word' id='word_1_22' title='bbox 819 467 977 519; x_wconf 72' lang='lat' dir='ltr'>fastus,</span> <span class='ocrx_word' id='word_1_23' title='bbox 1005 467 1222 527; x_wconf 81' lang='lat' dir='ltr'>limenque</span> <span class='ocrx_word' id='word_1_24' title='bbox 1252 466 1489 527; x_wconf 84' lang='lat' dir='ltr'>superbum</span> <span class='ocrx_word' id='word_1_25' title='bbox 1514 485 1521 509; x_wconf 90' lang='lat'>:</span> 
     </span>
     <span class='ocr_line' id='line_1_7' title="bbox 321 538 1190 600; baseline -0.001 -18"><span class='ocrx_word' id='word_1_26' title='bbox 321 538 449 582; x_wconf 90' lang='lat' dir='ltr'>Nulla</span> <span class='ocrx_word' id='word_1_27' title='bbox 473 541 609 600; x_wconf 81' lang='lat' dir='ltr'>inagis</span> <span class='ocrx_word' id='word_1_28' title='bbox 633 549 725 582; x_wconf 85' lang='lat' dir='ltr'>toto</span> <span class='ocrx_word' id='word_1_29' title='bbox 745 540 876 599; x_wconf 86' lang='lat' dir='ltr'>janua</span> <span class='ocrx_word' id='word_1_30' title='bbox 902 548 1024 599; x_wconf 88' lang='lat' dir='ltr'>poste</span> <span class='ocrx_word' id='word_1_31' title='bbox 1050 547 1190 598; x_wconf 89' lang='lat' dir='ltr'>patet;</span> 
     </span>
    </p>

    <p class='ocr_par' dir='ltr' id='par_1_6' title="bbox 253 608 1589 740">
     <span class='ocr_line' id='line_1_8' title="bbox 253 608 1589 670; baseline 0 -20"><span class='ocrx_word' id='word_1_32' title='bbox 253 609 343 653; x_wconf 83' lang='lat' dir='ltr'>Nec</span> <span class='ocrx_word' id='word_1_33' title='bbox 367 610 545 670; x_wconf 80' lang='lat' dir='ltr'>propior</span> <span class='ocrx_word' id='word_1_34' title='bbox 567 626 696 670; x_wconf 79' lang='lat' dir='ltr'>quam</span> <span class='ocrx_word' id='word_1_35' title='bbox 721 609 906 653; x_wconf 76' lang='lat' dir='ltr'>Phoebus</span> <span class='ocrx_word' id='word_1_36' title='bbox 930 619 1064 659; x_wconf 80' lang='lat' dir='ltr'>amat,</span> <span class='ocrx_word' id='word_1_37' title='bbox 1087 608 1312 668; x_wconf 79' lang='lat' dir='ltr'>doctaequc</span> <span class='ocrx_word' id='word_1_38' title='bbox 1335 623 1516 652; x_wconf 82' lang='lat' dir='ltr'>sorores.</span> <span class='ocrx_word' id='word_1_39' title='bbox 1562 638 1589 650; x_wconf 66' lang='lat'>1,</span> 
     </span>
     <span class='ocr_line' id='line_1_9' title="bbox 323 678 1260 740; baseline 0 -18"><span class='ocrx_word' id='word_1_40' title='bbox 323 680 365 723; x_wconf 89' lang='lat' dir='ltr'>Si</span> <span class='ocrx_word' id='word_1_41' title='bbox 387 679 524 733; x_wconf 71' lang='lat' dir='ltr'>dicet,</span> <span class='ocrx_word' id='word_1_42' title='bbox 549 684 698 738; x_wconf 81' lang='lat' dir='ltr'>Quare</span> <span class='ocrx_word' id='word_1_43' title='bbox 721 697 808 724; x_wconf 88' lang='lat' dir='ltr'>non</span> <span class='ocrx_word' id='word_1_44' title='bbox 832 689 977 724; x_wconf 85' lang='lat' dir='ltr'>tamen</span> <span class='ocrx_word' id='word_1_45' title='bbox 999 681 1089 740; x_wconf 84' lang='lat' dir='ltr'>ipse</span> <span class='ocrx_word' id='word_1_46' title='bbox 1112 678 1260 722; x_wconf 75' lang='lat' dir='ltr'>venit?</span> 
     </span>
    </p>

    <p class='ocr_par' dir='ltr' id='par_1_7' title="bbox 254 748 1402 881">
     <span class='ocr_line' id='line_1_10' title="bbox 254 748 1402 811; baseline -0.002 -17"><span class='ocrx_word' id='word_1_47' title='bbox 254 752 325 794; x_wconf 89' lang='lat' dir='ltr'>Sic</span> <span class='ocrx_word' id='word_1_48' title='bbox 348 749 447 794; x_wconf 83' lang='lat' dir='ltr'>licet</span> <span class='ocrx_word' id='word_1_49' title='bbox 472 767 648 795; x_wconf 81' lang='lat' dir='ltr'>excuses</span> <span class='ocrx_word' id='word_1_50' title='bbox 665 788 674 800; x_wconf 74' lang='lat'>,</span> <span class='ocrx_word' id='word_1_51' title='bbox 701 752 816 808; x_wconf 86' lang='lat' dir='ltr'>Quia</span> <span class='ocrx_word' id='word_1_52' title='bbox 841 749 1172 811; x_wconf 80' lang='lat' dir='ltr'>qualiacumque</span> <span class='ocrx_word' id='word_1_53' title='bbox 1199 748 1402 810; x_wconf 83' lang='lat' dir='ltr'>leguntur</span> 
     </span>
     <span class='ocr_line' id='line_1_11' title="bbox 325 821 1186 881; baseline -0.002 -17"><span class='ocrx_word' id='word_1_54' title='bbox 325 822 436 878; x_wconf 78' lang='lat' dir='ltr'>Ista,</span> <span class='ocrx_word' id='word_1_55' title='bbox 462 821 670 865; x_wconf 85' lang='lat' dir='ltr'>salutator</span> <span class='ocrx_word' id='word_1_56' title='bbox 702 822 889 865; x_wconf 81' lang='lat' dir='ltr'>scribere</span> <span class='ocrx_word' id='word_1_57' title='bbox 918 837 1005 865; x_wconf 91' lang='lat' dir='ltr'>non</span> <span class='ocrx_word' id='word_1_58' title='bbox 1036 821 1186 881; x_wconf 86' lang='lat' dir='ltr'>potuit.</span> 
     </span>
    </p>
   </div>
   <div class='ocr_carea' id='block_1_5' title="bbox 185 960 896 2698">
    <p class='ocr_par' dir='ltr' id='par_1_8' title="bbox 185 960 871 1800">
     <span class='ocr_line' id='line_1_12' title="bbox 185 960 860 1008; baseline 0.003 -14"><span class='ocrx_word' id='word_1_59' title='bbox 185 962 294 995; x_wconf 85' lang='lat' dir='ltr'>fixum</span> <span class='ocrx_word' id='word_1_60' title='bbox 320 974 337 995; x_wconf 85' lang='lat' dir='ltr'>a</span> <span class='ocrx_word' id='word_1_61' title='bbox 367 974 437 1007; x_wconf 88' lang='lat' dir='ltr'>quo</span> <span class='ocrx_word' id='word_1_62' title='bbox 468 960 560 996; x_wconf 84' lang='lat' dir='ltr'>dona</span> <span class='ocrx_word' id='word_1_63' title='bbox 588 961 860 1008; x_wconf 86' lang='lat' dir='ltr'>suspenduntur.</span> 
     </span>
     <span class='ocr_line' id='line_1_13' title="bbox 186 1014 862 1061; baseline 0.003 -14"><span class='ocrx_word' id='word_1_64' title='bbox 186 1014 342 1048; x_wconf 86' lang='lat' dir='ltr'>Sumitur</span> <span class='ocrx_word' id='word_1_65' title='bbox 354 1014 541 1061; x_wconf 86' lang='lat' dir='ltr'>aliquando</span> <span class='ocrx_word' id='word_1_66' title='bbox 554 1028 593 1049; x_wconf 85' lang='lat' dir='ltr'>ea</span> <span class='ocrx_word' id='word_1_67' title='bbox 605 1028 673 1049; x_wconf 83' lang='lat' dir='ltr'>vox</span> <span class='ocrx_word' id='word_1_68' title='bbox 688 1029 752 1061; x_wconf 89' lang='lat' dir='ltr'>pro</span> <span class='ocrx_word' id='word_1_69' title='bbox 765 1015 862 1049; x_wconf 88' lang='lat' dir='ltr'>omni</span> 
     </span>
     <span class='ocr_line' id='line_1_14' title="bbox 187 1066 863 1113; baseline 0 -13"><span class='ocrx_word' id='word_1_70' title='bbox 187 1066 334 1101; x_wconf 72' lang='lat' dir='ltr'>aedificio</span> <span class='ocrx_word' id='word_1_71' title='bbox 356 1069 453 1112; x_wconf 83' lang='lat' dir='ltr'>cujus</span> <span class='ocrx_word' id='word_1_72' title='bbox 473 1068 648 1113; x_wconf 79' lang='lat' dir='ltr'>fastigium</span> <span class='ocrx_word' id='word_1_73' title='bbox 672 1077 723 1102; x_wconf 86' lang='lat' dir='ltr'>est</span> <span class='ocrx_word' id='word_1_74' title='bbox 742 1077 863 1102; x_wconf 87' lang='lat' dir='ltr'>rotun-</span> 
     </span>
     <span class='ocr_line' id='line_1_15' title="bbox 188 1119 865 1168; baseline 0.001 -14"><span class='ocrx_word' id='word_1_75' title='bbox 188 1119 284 1154; x_wconf 89' lang='lat' dir='ltr'>dum.</span> <span class='ocrx_word' id='word_1_76' title='bbox 299 1137 342 1141; x_wconf 92' lang='grc'>--</span> <span class='ocrx_word' id='word_1_77' title='bbox 360 1121 454 1154; x_wconf 81' lang='lat' dir='ltr'>Picto</span> <span class='ocrx_word' id='word_1_78' title='bbox 468 1121 659 1168; x_wconf 82' lang='lat' dir='ltr'><em>Corybante.</em></span> <span class='ocrx_word' id='word_1_79' title='bbox 674 1123 783 1155; x_wconf 87' lang='lat' dir='ltr'>Erant</span> <span class='ocrx_word' id='word_1_80' title='bbox 797 1122 865 1155; x_wconf 90' lang='lat' dir='ltr'>Co-</span> 
     </span>
     <span class='ocr_line' id='line_1_16' title="bbox 187 1172 867 1220; baseline 0.001 -14"><span class='ocrx_word' id='word_1_81' title='bbox 187 1174 355 1220; x_wconf 86' lang='lat' dir='ltr'>rybantes</span> <span class='ocrx_word' id='word_1_82' title='bbox 365 1172 560 1208; x_wconf 83' lang='lat' dir='ltr'><strong>sacerdotes</strong></span> <span class='ocrx_word' id='word_1_83' title='bbox 568 1174 715 1220; x_wconf 69' lang='lat' dir='ltr'>Cybeles</span> <span class='ocrx_word' id='word_1_84' title='bbox 726 1186 734 1207; x_wconf 73' lang='grc' dir='ltr'>ε</span> <span class='ocrx_word' id='word_1_85' title='bbox 747 1187 867 1208; x_wconf 86' lang='lat' dir='ltr'>eorum</span> 
     </span>
     <span class='ocr_line' id='line_1_17' title="bbox 190 1226 866 1272; baseline 0.003 -14"><span class='ocrx_word' id='word_1_86' title='bbox 190 1226 308 1259; x_wconf 78' lang='lat' dir='ltr'>multae</span> <span class='ocrx_word' id='word_1_87' title='bbox 327 1226 492 1271; x_wconf 80' lang='lat' dir='ltr'>imagines</span> <span class='ocrx_word' id='word_1_88' title='bbox 509 1226 610 1272; x_wconf 83' lang='lat' dir='ltr'>pictae</span> <span class='ocrx_word' id='word_1_89' title='bbox 630 1228 866 1260; x_wconf 79' lang='lat' dir='ltr'>cernebantur</span> 
     </span>
     <span class='ocr_line' id='line_1_18' title="bbox 192 1279 868 1325; baseline 0 -13"><span class='ocrx_word' id='word_1_90' title='bbox 192 1280 229 1312; x_wconf 89' lang='lat' dir='ltr'>in</span> <span class='ocrx_word' id='word_1_91' title='bbox 255 1281 328 1325; x_wconf 85' lang='lat' dir='ltr'>ejus</span> <span class='ocrx_word' id='word_1_92' title='bbox 354 1279 494 1324; x_wconf 87' lang='lat' dir='ltr'>templo.</span> <span class='ocrx_word' id='word_1_93' title='bbox 524 1280 614 1313; x_wconf 84' lang='lat' dir='ltr'>Dicti</span> <span class='ocrx_word' id='word_1_94' title='bbox 633 1289 715 1313; x_wconf 88' lang='lat' dir='ltr'>sunt</span> <span class='ocrx_word' id='word_1_95' title='bbox 743 1293 760 1312; x_wconf 83' lang='lat' dir='ltr'>a</span> <span class='ocrx_word' id='word_1_96' title='bbox 784 1292 868 1313; x_wconf 88' lang='lat' dir='ltr'>voce</span> 
     </span>
     <span class='ocr_line' id='line_1_19' title="bbox 193 1332 866 1377; baseline -0.001 -11"><span class='ocrx_word' id='word_1_97' title='bbox 193 1344 302 1377; x_wconf 83' lang='lat' dir='ltr'>graeca</span> <span class='ocrx_word' id='word_1_98' title='bbox 319 1335 484 1376; x_wconf 70' lang='grc' dir='ltr'>κορὺπτειν</span> <span class='ocrx_word' id='word_1_99' title='bbox 499 1358 508 1373; x_wconf 83' lang='lat'><strong><em>,</em></strong></span> <span class='ocrx_word' id='word_1_100' title='bbox 525 1344 601 1377; x_wconf 83' lang='lat' dir='ltr'>quae</span> <span class='ocrx_word' id='word_1_101' title='bbox 623 1332 792 1377; x_wconf 82' lang='lat' dir='ltr'>significat</span> <span class='ocrx_word' id='word_1_102' title='bbox 810 1345 866 1365; x_wconf 86' lang='lat' dir='ltr'>ca·</span> 
     </span>
     <span class='ocr_line' id='line_1_20' title="bbox 194 1383 869 1430; baseline 0 -12"><span class='ocrx_word' id='word_1_103' title='bbox 194 1393 258 1430; x_wconf 88' lang='lat' dir='ltr'>put</span> <span class='ocrx_word' id='word_1_104' title='bbox 272 1383 429 1418; x_wconf 83' lang='lat' dir='ltr'>saltando</span> <span class='ocrx_word' id='word_1_105' title='bbox 440 1386 587 1430; x_wconf 75' lang='lat' dir='ltr'>jactare,</span> <span class='ocrx_word' id='word_1_106' title='bbox 604 1386 682 1430; x_wconf 87' lang='lat' dir='ltr'>quia</span> <span class='ocrx_word' id='word_1_107' title='bbox 698 1384 747 1418; x_wconf 78' lang='lat' dir='ltr'>illi</span> <span class='ocrx_word' id='word_1_108' title='bbox 760 1398 869 1418; x_wconf 85' lang='lat' dir='ltr'>sacer-</span> 
     </span>
     <span class='ocr_line' id='line_1_21' title="bbox 195 1437 869 1484; baseline -0.001 -13"><span class='ocrx_word' id='word_1_109' title='bbox 195 1437 292 1471; x_wconf 83' lang='lat' dir='ltr'>dotes</span> <span class='ocrx_word' id='word_1_110' title='bbox 314 1438 407 1471; x_wconf 86' lang='lat' dir='ltr'>velut</span> <span class='ocrx_word' id='word_1_111' title='bbox 428 1438 551 1471; x_wconf 84' lang='lat' dir='ltr'>insano</span> <span class='ocrx_word' id='word_1_112' title='bbox 576 1438 695 1471; x_wconf 84' lang='lat' dir='ltr'>furore</span> <span class='ocrx_word' id='word_1_113' title='bbox 715 1438 869 1484; x_wconf 79' lang='lat' dir='ltr'>correpti</span> 
     </span>
     <span class='ocr_line' id='line_1_22' title="bbox 195 1491 867 1535; baseline -0.003 -11"><span class='ocrx_word' id='word_1_114' title='bbox 195 1491 394 1524; x_wconf 87' lang='lat' dir='ltr'>saltitabant</span> <span class='ocrx_word' id='word_1_115' title='bbox 406 1517 415 1531; x_wconf 92' lang='lat'>‚</span> <span class='ocrx_word' id='word_1_116' title='bbox 429 1491 483 1524; x_wconf 87' lang='lat' dir='ltr'>vel</span> <span class='ocrx_word' id='word_1_117' title='bbox 498 1503 515 1524; x_wconf 89' lang='lat' dir='ltr'>a</span> <span class='ocrx_word' id='word_1_118' title='bbox 530 1503 617 1524; x_wconf 87' lang='lat' dir='ltr'>voce</span> <span class='ocrx_word' id='word_1_119' title='bbox 629 1492 718 1535; x_wconf 68' lang='grc' dir='ltr'>κόρυς</span> <span class='ocrx_word' id='word_1_120' title='bbox 730 1517 738 1533; x_wconf 84' lang='grc'>,</span> <span class='ocrx_word' id='word_1_121' title='bbox 753 1492 848 1535; x_wconf 67' lang='lat' dir='ltr'>galea</span> <span class='ocrx_word' id='word_1_122' title='bbox 859 1518 867 1531; x_wconf 89' lang='lat'><em>‚</em></span> 
     </span>
     <span class='ocr_line' id='line_1_23' title="bbox 196 1542 871 1589; baseline 0 -13"><span class='ocrx_word' id='word_1_123' title='bbox 196 1543 291 1589; x_wconf 89' lang='lat' dir='ltr'>quod</span> <span class='ocrx_word' id='word_1_124' title='bbox 310 1544 427 1589; x_wconf 86' lang='lat' dir='ltr'>galero</span> <span class='ocrx_word' id='word_1_125' title='bbox 445 1542 598 1589; x_wconf 88' lang='lat' dir='ltr'>quodam</span> <span class='ocrx_word' id='word_1_126' title='bbox 610 1570 620 1584; x_wconf 87' lang='lat'>‚</span> <span class='ocrx_word' id='word_1_127' title='bbox 639 1545 748 1577; x_wconf 85' lang='lat' dir='ltr'>instar</span> <span class='ocrx_word' id='word_1_128' title='bbox 768 1544 871 1589; x_wconf 78' lang='lat' dir='ltr'>galea:</span> 
     </span>
     <span class='ocr_line' id='line_1_24' title="bbox 197 1597 870 1642; baseline 0 -12"><span class='ocrx_word' id='word_1_129' title='bbox 197 1598 287 1630; x_wconf 83' lang='lat' dir='ltr'>facto</span> <span class='ocrx_word' id='word_1_130' title='bbox 306 1622 316 1637; x_wconf 85' lang='lat'>‚</span> <span class='ocrx_word' id='word_1_131' title='bbox 352 1605 542 1630; x_wconf 87' lang='lat' dir='ltr'>uterentur.</span> <span class='ocrx_word' id='word_1_132' title='bbox 577 1597 794 1642; x_wconf 71' lang='lat' dir='ltr'>Corybantes</span> <span class='ocrx_word' id='word_1_133' title='bbox 823 1597 870 1630; x_wconf 91' lang='lat' dir='ltr'>fe-</span> 
     </span>
     <span class='ocr_line' id='line_1_25' title="bbox 198 1649 871 1683; baseline -0.001 -1"><span class='ocrx_word' id='word_1_134' title='bbox 198 1658 325 1683; x_wconf 88' lang='lat' dir='ltr'>runtur</span> <span class='ocrx_word' id='word_1_135' title='bbox 351 1649 456 1683; x_wconf 87' lang='lat' dir='ltr'>fuisse</span> <span class='ocrx_word' id='word_1_136' title='bbox 483 1650 623 1682; x_wconf 77' lang='lat' dir='ltr'>infantis</span> <span class='ocrx_word' id='word_1_137' title='bbox 641 1650 738 1683; x_wconf 79' lang='lat' dir='ltr'>Jovis</span> <span class='ocrx_word' id='word_1_138' title='bbox 757 1657 871 1683; x_wconf 80' lang='lat' dir='ltr'>custo-</span> 
     </span>
     <span class='ocr_line' id='line_1_26' title="bbox 202 1701 870 1747; baseline -0.001 -12"><span class='ocrx_word' id='word_1_139' title='bbox 202 1701 272 1735; x_wconf 88' lang='lat' dir='ltr'>des.</span> <span class='ocrx_word' id='word_1_140' title='bbox 287 1701 443 1735; x_wconf 80' lang='lat' dir='ltr'>Vidend.</span> <span class='ocrx_word' id='word_1_141' title='bbox 459 1715 535 1747; x_wconf 82' lang='lat' dir='ltr'>quae</span> <span class='ocrx_word' id='word_1_142' title='bbox 549 1701 791 1736; x_wconf 64' lang='lat' dir='ltr'>adnotavimus</span> <span class='ocrx_word' id='word_1_143' title='bbox 811 1703 870 1735; x_wconf 79' lang='lat' dir='ltr'>lib.</span> 
     </span>
     <span class='ocr_line' id='line_1_27' title="bbox 201 1756 548 1800; baseline 0.003 -13"><span class='ocrx_word' id='word_1_144' title='bbox 201 1756 265 1791; x_wconf 84' lang='lat' dir='ltr'>IV,</span> <span class='ocrx_word' id='word_1_145' title='bbox 284 1756 391 1800; x_wconf 88' lang='lat' dir='ltr'>epigr.</span> <span class='ocrx_word' id='word_1_146' title='bbox 416 1767 447 1796; x_wconf 87' lang='lat'>1,</span> <span class='ocrx_word' id='word_1_147' title='bbox 471 1768 501 1787; x_wconf 94' lang='lat' dir='ltr'>v.</span> <span class='ocrx_word' id='word_1_148' title='bbox 518 1769 548 1788; x_wconf 84' lang='lat'>2.</span> 
     </span>
    </p>

    <p class='ocr_par' dir='ltr' id='par_1_9' title="bbox 204 1809 896 2698">
     <span class='ocr_line' id='line_1_28' title="bbox 260 1809 874 1851; baseline 0.002 -11"><span class='ocrx_word' id='word_1_149' title='bbox 260 1819 319 1841; x_wconf 87' lang='lat'>11.</span> <span class='ocrx_word' id='word_1_150' title='bbox 349 1809 391 1840; x_wconf 80' lang='lat' dir='ltr'>Iu</span> <span class='ocrx_word' id='word_1_151' title='bbox 416 1809 532 1841; x_wconf 82' lang='lat' dir='ltr'>multis</span> <span class='ocrx_word' id='word_1_152' title='bbox 549 1835 557 1848; x_wconf 94' lang='lat'>‚</span> <span class='ocrx_word' id='word_1_153' title='bbox 579 1809 657 1840; x_wconf 71' lang='lat' dir='ltr'>clari</span> <span class='ocrx_word' id='word_1_154' title='bbox 684 1809 738 1840; x_wconf 75' lang='lat' dir='ltr'>sub</span> <span class='ocrx_word' id='word_1_155' title='bbox 753 1810 874 1851; x_wconf 77' lang='lat' dir='ltr'>fronte.</span> 
     </span>
     <span class='ocr_line' id='line_1_29' title="bbox 204 1860 876 1904; baseline -0.001 -10"><span class='ocrx_word' id='word_1_156' title='bbox 204 1860 292 1894; x_wconf 90' lang='lat' dir='ltr'>Cod.</span> <span class='ocrx_word' id='word_1_157' title='bbox 311 1861 448 1895; x_wconf 86' lang='lat' dir='ltr'>Thuan.</span> <span class='ocrx_word' id='word_1_158' title='bbox 471 1863 552 1893; x_wconf 81' lang='lat' dir='ltr'>clari</span> <span class='ocrx_word' id='word_1_159' title='bbox 573 1861 628 1893; x_wconf 75' lang='lat' dir='ltr'>tibi</span> <span class='ocrx_word' id='word_1_160' title='bbox 643 1862 759 1904; x_wconf 78' lang='lat' dir='ltr'>fonte;</span> <span class='ocrx_word' id='word_1_161' title='bbox 781 1860 876 1894; x_wconf 79' lang='lat' dir='ltr'>unde</span> 
     </span>
     <span class='ocr_line' id='line_1_30' title="bbox 205 1913 876 1959; baseline 0 -13"><span class='ocrx_word' id='word_1_162' title='bbox 205 1913 348 1959; x_wconf 85' lang='lat' dir='ltr'>quidam</span> <span class='ocrx_word' id='word_1_163' title='bbox 374 1915 418 1946; x_wconf 88' lang='lat' dir='ltr'>V.</span> <span class='ocrx_word' id='word_1_164' title='bbox 450 1916 489 1947; x_wconf 94' lang='lat' dir='ltr'>D.</span> <span class='ocrx_word' id='word_1_165' title='bbox 525 1913 708 1958; x_wconf 79' lang='lat' dir='ltr'>legendum</span> <span class='ocrx_word' id='word_1_166' title='bbox 739 1922 854 1948; x_wconf 85' lang='lat' dir='ltr'>censet</span> <span class='ocrx_word' id='word_1_167' title='bbox 867 1939 876 1953; x_wconf 57' lang='lat' dir='ltr'>a</span> 
     </span>
     <span class='ocr_line' id='line_1_31' title="bbox 206 1967 877 2010; baseline -0.001 -11"><span class='ocrx_word' id='word_1_168' title='bbox 206 1967 284 1999; x_wconf 80' lang='lat' dir='ltr'>clari</span> <span class='ocrx_word' id='word_1_169' title='bbox 305 1967 360 2000; x_wconf 81' lang='lat' dir='ltr'>sub</span> <span class='ocrx_word' id='word_1_170' title='bbox 371 1968 480 2010; x_wconf 72' lang='lat' dir='ltr'>fonte,</span> <span class='ocrx_word' id='word_1_171' title='bbox 505 1976 539 2000; x_wconf 82' lang='lat' dir='ltr'>et</span> <span class='ocrx_word' id='word_1_172' title='bbox 560 1967 734 2000; x_wconf 76' lang='lat' dir='ltr'>Gronovii</span> <span class='ocrx_word' id='word_1_173' title='bbox 758 1967 877 2000; x_wconf 83' lang='lat' dir='ltr'>lectio-</span> 
     </span>
     <span class='ocr_line' id='line_1_32' title="bbox 207 2019 881 2065; baseline -0.001 -13"><span class='ocrx_word' id='word_1_174' title='bbox 207 2032 286 2053; x_wconf 85' lang='lat' dir='ltr'>nem</span> <span class='ocrx_word' id='word_1_175' title='bbox 298 2019 448 2053; x_wconf 86' lang='lat' dir='ltr'>damnat.</span> <span class='ocrx_word' id='word_1_176' title='bbox 471 2038 483 2049; x_wconf 68' lang='grc' dir='ltr'>ιι</span> <span class='ocrx_word' id='word_1_177' title='bbox 506 2021 579 2065; x_wconf 81' lang='lat' dir='ltr'>Ego</span> <span class='ocrx_word' id='word_1_178' title='bbox 595 2020 631 2052; x_wconf 89' lang='lat' dir='ltr'>in</span> <span class='ocrx_word' id='word_1_179' title='bbox 643 2019 784 2053; x_wconf 82' lang='lat' dir='ltr'>dnobus</span> <span class='ocrx_word' id='word_1_180' title='bbox 797 2020 881 2052; x_wconf 84' lang='lat' dir='ltr'>scri-</span> 
     </span>
     <span class='ocr_line' id='line_1_33' title="bbox 207 2071 881 2118; baseline 0 -13"><span class='ocrx_word' id='word_1_181' title='bbox 207 2073 278 2118; x_wconf 87' lang='lat' dir='ltr'>ptis</span> <span class='ocrx_word' id='word_1_182' title='bbox 294 2073 434 2118; x_wconf 86' lang='lat' dir='ltr'>reperi:</span> <span class='ocrx_word' id='word_1_183' title='bbox 455 2074 535 2105; x_wconf 81' lang='lat' dir='ltr'>clari</span> <span class='ocrx_word' id='word_1_184' title='bbox 556 2073 756 2116; x_wconf 43' lang='lat' dir='ltr'>tibist-ont&amp;</span> <span class='ocrx_word' id='word_1_185' title='bbox 776 2071 881 2118; x_wconf 86' lang='lat' dir='ltr'>idque</span> 
     </span>
     <span class='ocr_line' id='line_1_34' title="bbox 210 2126 881 2171; baseline 0 -14"><span class='ocrx_word' id='word_1_186' title='bbox 210 2137 331 2158; x_wconf 83' lang='lat' dir='ltr'>verum</span> <span class='ocrx_word' id='word_1_187' title='bbox 349 2134 408 2159; x_wconf 81' lang='lat' dir='ltr'>est.</span> <span class='ocrx_word' id='word_1_188' title='bbox 428 2126 591 2159; x_wconf 80' lang='lat' dir='ltr'>Protinus</span> <span class='ocrx_word' id='word_1_189' title='bbox 611 2126 745 2171; x_wconf 88' lang='lat' dir='ltr'>inquit,</span> <span class='ocrx_word' id='word_1_190' title='bbox 761 2139 778 2158; x_wconf 93' lang='lat' dir='ltr'>a</span> <span class='ocrx_word' id='word_1_191' title='bbox 800 2126 881 2159; x_wconf 77' lang='lat' dir='ltr'>laeva</span> 
     </span>
     <span class='ocr_line' id='line_1_35' title="bbox 212 2177 884 2217; baseline 0.001 -7"><span class='ocrx_word' id='word_1_192' title='bbox 212 2177 362 2211; x_wconf 82' lang='lat' dir='ltr'>adeundi</span> <span class='ocrx_word' id='word_1_193' title='bbox 386 2179 449 2211; x_wconf 88' lang='lat' dir='ltr'>tibi</span> <span class='ocrx_word' id='word_1_194' title='bbox 470 2179 612 2212; x_wconf 81' lang='lat' dir='ltr'>Penates</span> <span class='ocrx_word' id='word_1_195' title='bbox 638 2179 754 2211; x_wconf 82' lang='lat' dir='ltr'>fronte</span> <span class='ocrx_word' id='word_1_196' title='bbox 777 2179 860 2212; x_wconf 86' lang='lat' dir='ltr'>clari</span> <span class='ocrx_word' id='word_1_197' title='bbox 878 2206 884 2217; x_wconf 89' lang='lat'>,</span> 
     </span>
     <span class='ocr_line' id='line_1_36' title="bbox 211 2231 885 2276; baseline 0 -13"><span class='ocrx_word' id='word_1_198' title='bbox 211 2231 279 2264; x_wconf 89' lang='lat' dir='ltr'>hoc</span> <span class='ocrx_word' id='word_1_199' title='bbox 298 2239 367 2271; x_wconf 90' lang='lat' dir='ltr'>est,</span> <span class='ocrx_word' id='word_1_200' title='bbox 384 2231 530 2264; x_wconf 85' lang='lat' dir='ltr'>illustria</span> <span class='ocrx_word' id='word_1_201' title='bbox 544 2240 805 2276; x_wconf 80' lang='lat' dir='ltr'>antepagmenta</span> <span class='ocrx_word' id='word_1_202' title='bbox 824 2231 885 2264; x_wconf 83' lang='lat' dir='ltr'>ha-</span> 
     </span>
     <span class='ocr_line' id='line_1_37' title="bbox 211 2283 887 2318; baseline 0.001 -2"><span class='ocrx_word' id='word_1_203' title='bbox 211 2285 343 2317; x_wconf 82' lang='lat' dir='ltr'>hentes.</span> <span class='ocrx_word' id='word_1_204' title='bbox 366 2301 378 2313; x_wconf 64' lang='grc' dir='ltr'>ι»</span> <span class='ocrx_word' id='word_1_205' title='bbox 421 2283 608 2318; x_wconf 77' lang='lat' dir='ltr'>Gronovius.</span> <span class='ocrx_word' id='word_1_206' title='bbox 636 2283 802 2317; x_wconf 84' lang='lat' dir='ltr'>Eamdem</span> <span class='ocrx_word' id='word_1_207' title='bbox 839 2285 887 2317; x_wconf 89' lang='lat' dir='ltr'>le-</span> 
     </span>
     <span class='ocr_line' id='line_1_38' title="bbox 214 2337 889 2370; baseline -0.001 -1"><span class='ocrx_word' id='word_1_208' title='bbox 214 2337 364 2370; x_wconf 78' lang='lat' dir='ltr'>ctionem</span> <span class='ocrx_word' id='word_1_209' title='bbox 381 2337 461 2370; x_wconf 84' lang='lat' dir='ltr'>citat</span> <span class='ocrx_word' id='word_1_210' title='bbox 477 2337 701 2370; x_wconf 86' lang='lat' dir='ltr'>Pulmannus.</span> <span class='ocrx_word' id='word_1_211' title='bbox 719 2353 770 2358; x_wconf 87' lang='lat'>—-</span> <span class='ocrx_word' id='word_1_212' title='bbox 787 2338 889 2369; x_wconf 79' lang='lat' dir='ltr'>Pena-</span> 
     </span>
     <span class='ocr_line' id='line_1_39' title="bbox 216 2388 888 2434; baseline 0.003 -14"><span class='ocrx_word' id='word_1_213' title='bbox 216 2398 268 2422; x_wconf 77' lang='lat' dir='ltr'>tes.</span> <span class='ocrx_word' id='word_1_214' title='bbox 290 2390 434 2434; x_wconf 82' lang='lat' dir='ltr'>Proprie</span> <span class='ocrx_word' id='word_1_215' title='bbox 453 2388 503 2422; x_wconf 85' lang='lat' dir='ltr'>dii</span> <span class='ocrx_word' id='word_1_216' title='bbox 517 2389 720 2430; x_wconf 85' lang='lat' dir='ltr'>domestici,</span> <span class='ocrx_word' id='word_1_217' title='bbox 737 2390 783 2422; x_wconf 82' lang='lat' dir='ltr'>ita</span> <span class='ocrx_word' id='word_1_218' title='bbox 804 2388 888 2422; x_wconf 82' lang='lat' dir='ltr'>dicti</span> 
     </span>
     <span class='ocr_line' id='line_1_40' title="bbox 215 2441 890 2487; baseline -0.001 -13"><span class='ocrx_word' id='word_1_219' title='bbox 215 2442 297 2487; x_wconf 79' lang='lat' dir='ltr'>quia</span> <span class='ocrx_word' id='word_1_220' title='bbox 328 2443 364 2475; x_wconf 87' lang='lat' dir='ltr'>in</span> <span class='ocrx_word' id='word_1_221' title='bbox 394 2442 558 2487; x_wconf 87' lang='lat' dir='ltr'>penitiori</span> <span class='ocrx_word' id='word_1_222' title='bbox 591 2441 696 2475; x_wconf 85' lang='lat' dir='ltr'>domo</span> <span class='ocrx_word' id='word_1_223' title='bbox 727 2442 890 2475; x_wconf 83' lang='lat' dir='ltr'>coleban-</span> 
     </span>
     <span class='ocr_line' id='line_1_41' title="bbox 216 2494 892 2528; baseline -0.003 0"><span class='ocrx_word' id='word_1_224' title='bbox 216 2504 285 2528; x_wconf 71' lang='lat' dir='ltr'>tur!</span> <span class='ocrx_word' id='word_1_225' title='bbox 306 2496 375 2528; x_wconf 87' lang='lat' dir='ltr'>Pro</span> <span class='ocrx_word' id='word_1_226' title='bbox 395 2504 465 2528; x_wconf 85' lang='lat' dir='ltr'>tota</span> <span class='ocrx_word' id='word_1_227' title='bbox 487 2494 593 2528; x_wconf 78' lang='lat' dir='ltr'>domo</span> <span class='ocrx_word' id='word_1_228' title='bbox 614 2503 812 2528; x_wconf 83' lang='lat' dir='ltr'>sumuntur.</span> <span class='ocrx_word' id='word_1_229' title='bbox 841 2511 892 2516; x_wconf 90' lang='lat'><strong>—</strong></span> 
     </span>
     <span class='ocr_line' id='line_1_42' title="bbox 219 2547 893 2592; baseline 0 -12"><span class='ocrx_word' id='word_1_230' title='bbox 219 2548 528 2590; x_wconf 67' lang='lat' dir='ltr'>.11loev‹1....fi·onte;</span> <span class='ocrx_word' id='word_1_231' title='bbox 544 2547 661 2588; x_wconf 76' lang='lat' dir='ltr'>idest,</span> <span class='ocrx_word' id='word_1_232' title='bbox 672 2560 689 2581; x_wconf 92' lang='lat' dir='ltr'>a</span> <span class='ocrx_word' id='word_1_233' title='bbox 702 2549 783 2581; x_wconf 76' lang='lat' dir='ltr'>laeva</span> <span class='ocrx_word' id='word_1_234' title='bbox 795 2557 893 2592; x_wconf 87' lang='lat' dir='ltr'>parte</span> 
     </span>
     <span class='ocr_line' id='line_1_43' title="bbox 219 2600 894 2646; baseline 0.001 -14"><span class='ocrx_word' id='word_1_235' title='bbox 219 2601 341 2645; x_wconf 76' lang='lat' dir='ltr'>templi</span> <span class='ocrx_word' id='word_1_236' title='bbox 371 2601 518 2646; x_wconf 63' lang='lat' dir='ltr'>Cybeles</span> <span class='ocrx_word' id='word_1_237' title='bbox 537 2627 545 2639; x_wconf 74' lang='grc'>,</span> <span class='ocrx_word' id='word_1_238' title='bbox 578 2601 716 2634; x_wconf 86' lang='lat' dir='ltr'>Proculi</span> <span class='ocrx_word' id='word_1_239' title='bbox 749 2600 894 2633; x_wconf 80' lang='lat' dir='ltr'>domum</span> 
     </span>
     <span class='ocr_line' id='line_1_44' title="bbox 223 2652 896 2698; baseline 0.001 -13"><span class='ocrx_word' id='word_1_240' title='bbox 223 2653 520 2687; x_wconf 49' lang='lat' dir='ltr'>invenies-Alia</span> <span class='ocrx_word' id='word_1_241' title='bbox 534 2654 590 2687; x_wconf 83' lang='lat' dir='ltr'>alii</span> <span class='ocrx_word' id='word_1_242' title='bbox 608 2654 809 2698; x_wconf 79' lang='lat' dir='ltr'>intelligunt</span> <span class='ocrx_word' id='word_1_243' title='bbox 826 2666 832 2686; x_wconf 87' lang='lat'>:</span> <span class='ocrx_word' id='word_1_244' title='bbox 852 2652 896 2686; x_wconf 89' lang='lat' dir='ltr'>ad</span> 
     </span>
    </p>
   </div>
   <div class='ocr_carea' id='block_1_6' title="bbox 921 955 1627 2593">
    <p class='ocr_par' dir='ltr' id='par_1_10' title="bbox 921 955 1600 1113">
     <span class='ocr_line' id='line_1_45' title="bbox 921 955 1597 1007; baseline -0.001 -12"><span class='ocrx_word' id='word_1_245' title='bbox 921 961 1043 995; x_wconf 80' lang='lat' dir='ltr'>laevam</span> <span class='ocrx_word' id='word_1_246' title='bbox 1053 962 1172 1007; x_wconf 87' lang='lat' dir='ltr'>templi</span> <span class='ocrx_word' id='word_1_247' title='bbox 1190 955 1503 1006; x_wconf 74' lang='lat' dir='ltr'>(subaud.pc11·tem)</span> <span class='ocrx_word' id='word_1_248' title='bbox 1515 986 1525 1002; x_wconf 92' lang='lat'>‚</span> <span class='ocrx_word' id='word_1_249' title='bbox 1544 961 1597 994; x_wconf 85' lang='lat' dir='ltr'>in-</span> 
     </span>
     <span class='ocr_line' id='line_1_46' title="bbox 923 1013 1600 1060; baseline 0.001 -13"><span class='ocrx_word' id='word_1_250' title='bbox 923 1015 1040 1049; x_wconf 89' lang='lat' dir='ltr'>venies</span> <span class='ocrx_word' id='word_1_251' title='bbox 1061 1014 1202 1060; x_wconf 84' lang='lat' dir='ltr'>penates</span> <span class='ocrx_word' id='word_1_252' title='bbox 1222 1015 1463 1058; x_wconf 74' lang='lat' dir='ltr'>cla1·‹›sfi·onee,</span> <span class='ocrx_word' id='word_1_253' title='bbox 1482 1013 1517 1047; x_wconf 87' lang='lat' dir='ltr'>id</span> <span class='ocrx_word' id='word_1_254' title='bbox 1532 1024 1600 1052; x_wconf 77' lang='lat' dir='ltr'>est,</span> 
     </span>
     <span class='ocr_line' id='line_1_47' title="bbox 924 1068 1544 1113; baseline 0 -12"><span class='ocrx_word' id='word_1_255' title='bbox 924 1068 1070 1101; x_wconf 84' lang='lat' dir='ltr'>illustria</span> <span class='ocrx_word' id='word_1_256' title='bbox 1090 1076 1356 1113; x_wconf 83' lang='lat' dir='ltr'>antepagmenta</span> <span class='ocrx_word' id='word_1_257' title='bbox 1366 1068 1544 1101; x_wconf 83' lang='lat' dir='ltr'>habentes.</span> 
     </span>
    </p>

    <p class='ocr_par' dir='ltr' id='par_1_11' title="bbox 927 1120 1600 1207">
     <span class='ocr_line' id='line_1_48' title="bbox 984 1120 1600 1154; baseline -0.003 0"><span class='ocrx_word' id='word_1_258' title='bbox 984 1134 997 1153; x_wconf 89' lang='lat'>1</span> <span class='ocrx_word' id='word_1_259' title='bbox 1009 1134 1040 1154; x_wconf 75' lang='lat' dir='ltr'>a.</span> <span class='ocrx_word' id='word_1_260' title='bbox 1069 1121 1216 1153; x_wconf 64' lang='lat' dir='ltr'>Ercelsae</span> <span class='ocrx_word' id='word_1_261' title='bbox 1238 1121 1356 1153; x_wconf 79' lang='lat' dir='ltr'>domus.</span> <span class='ocrx_word' id='word_1_262' title='bbox 1385 1121 1517 1153; x_wconf 87' lang='lat' dir='ltr'>Domus</span> <span class='ocrx_word' id='word_1_263' title='bbox 1547 1120 1600 1153; x_wconf 83' lang='lat' dir='ltr'>sui</span> 
     </span>
     <span class='ocr_line' id='line_1_49' title="bbox 927 1174 1080 1207; baseline -0.007 -1"><span class='ocrx_word' id='word_1_264' title='bbox 927 1174 1080 1207; x_wconf 89' lang='lat' dir='ltr'>Proculi.</span> 
     </span>
    </p>

    <p class='ocr_par' dir='ltr' id='par_1_12' title="bbox 929 1224 1601 1323">
     <span class='ocr_line' id='line_1_50' title="bbox 986 1224 1601 1271; baseline -0.003 -12"><span class='ocrx_word' id='word_1_265' title='bbox 986 1239 997 1259; x_wconf 84' lang='lat'>1</span> <span class='ocrx_word' id='word_1_266' title='bbox 1009 1226 1042 1260; x_wconf 84' lang='lat'>3.</span> <span class='ocrx_word' id='word_1_267' title='bbox 1061 1227 1227 1271; x_wconf 46' lang='grc' dir='ltr'>Παμείς</span> <span class='ocrx_word' id='word_1_268' title='bbox 1244 1227 1279 1258; x_wconf 84' lang='lat' dir='ltr'>in</span> <span class='ocrx_word' id='word_1_269' title='bbox 1289 1224 1497 1271; x_wconf 79' lang='lat' dir='ltr'>quibusdam</span> <span class='ocrx_word' id='word_1_270' title='bbox 1518 1234 1601 1258; x_wconf 78' lang='lat' dir='ltr'>vett.</span> 
     </span>
     <span class='ocr_line' id='line_1_51' title="bbox 929 1279 1427 1323; baseline 0 -11"><span class='ocrx_word' id='word_1_271' title='bbox 929 1280 1023 1312; x_wconf 77' lang='lat' dir='ltr'>Hanc</span> <span class='ocrx_word' id='word_1_272' title='bbox 1043 1287 1114 1323; x_wconf 83' lang='lat' dir='ltr'>pete</span> <span class='ocrx_word' id='word_1_273' title='bbox 1130 1292 1220 1312; x_wconf 87' lang='lat' dir='ltr'>corr.</span> <span class='ocrx_word' id='word_1_274' title='bbox 1240 1279 1427 1312; x_wconf 86' lang='lat' dir='ltr'>Gruterus.</span> 
     </span>
    </p>

    <p class='ocr_par' dir='ltr' id='par_1_13' title="bbox 927 1330 1603 1418">
     <span class='ocr_line' id='line_1_52' title="bbox 986 1330 1603 1376; baseline -0.003 -11"><span class='ocrx_word' id='word_1_275' title='bbox 986 1344 997 1365; x_wconf 83' lang='lat'>1</span> <span class='ocrx_word' id='word_1_276' title='bbox 1010 1337 1042 1372; x_wconf 72' lang='lat'>4.</span> <span class='ocrx_word' id='word_1_277' title='bbox 1063 1332 1168 1376; x_wconf 69' lang='lat' dir='ltr'>Magis</span> <span class='ocrx_word' id='word_1_278' title='bbox 1181 1340 1280 1376; x_wconf 75' lang='lat' dir='ltr'>patet.</span> <span class='ocrx_word' id='word_1_279' title='bbox 1297 1332 1352 1365; x_wconf 89' lang='lat' dir='ltr'>Ob</span> <span class='ocrx_word' id='word_1_280' title='bbox 1366 1330 1501 1365; x_wconf 86' lang='lat' dir='ltr'>domini</span> <span class='ocrx_word' id='word_1_281' title='bbox 1520 1331 1603 1364; x_wconf 85' lang='lat' dir='ltr'>asfa-</span> 
     </span>
     <span class='ocr_line' id='line_1_53' title="bbox 927 1384 1289 1418; baseline 0 0"><span class='ocrx_word' id='word_1_282' title='bbox 927 1384 1006 1418; x_wconf 76' lang='lat' dir='ltr'>bilis</span> <span class='ocrx_word' id='word_1_283' title='bbox 1022 1385 1289 1418; x_wconf 84' lang='lat' dir='ltr'>humanitatem.</span> 
     </span>
    </p>

    <p class='ocr_par' dir='ltr' id='par_1_14' title="bbox 931 1436 1606 1642">
     <span class='ocr_line' id='line_1_54' title="bbox 988 1436 1605 1484; baseline -0.003 -14"><span class='ocrx_word' id='word_1_284' title='bbox 988 1449 1001 1470; x_wconf 85' lang='lat'><em>1</em></span> <span class='ocrx_word' id='word_1_285' title='bbox 1012 1436 1045 1470; x_wconf 82' lang='grc'>5.</span> <span class='ocrx_word' id='word_1_286' title='bbox 1059 1438 1124 1471; x_wconf 78' lang='lat' dir='ltr'>Nec</span> <span class='ocrx_word' id='word_1_287' title='bbox 1134 1439 1243 1482; x_wconf 76' lang='lat' dir='ltr'>potior</span> <span class='ocrx_word' id='word_1_288' title='bbox 1257 1450 1348 1484; x_wconf 82' lang='lat' dir='ltr'>quam</span> <span class='ocrx_word' id='word_1_289' title='bbox 1369 1438 1504 1470; x_wconf 70' lang='lat' dir='ltr'>Phaebas</span> <span class='ocrx_word' id='word_1_290' title='bbox 1520 1446 1605 1469; x_wconf 71' lang='lat' dir='ltr'>amat</span> 
     </span>
     <span class='ocr_line' id='line_1_55' title="bbox 931 1489 1606 1524; baseline 0.001 -2"><span class='ocrx_word' id='word_1_291' title='bbox 931 1489 1134 1524; x_wconf 80' lang='lat' dir='ltr'>Beverlandi</span> <span class='ocrx_word' id='word_1_292' title='bbox 1154 1490 1229 1523; x_wconf 83' lang='lat' dir='ltr'>MS.</span> <span class='ocrx_word' id='word_1_293' title='bbox 1248 1499 1281 1524; x_wconf 91' lang='lat' dir='ltr'>et</span> <span class='ocrx_word' id='word_1_294' title='bbox 1297 1490 1375 1524; x_wconf 89' lang='lat' dir='ltr'>cod.</span> <span class='ocrx_word' id='word_1_295' title='bbox 1398 1491 1537 1523; x_wconf 86' lang='lat' dir='ltr'>Thuan.</span> <span class='ocrx_word' id='word_1_296' title='bbox 1554 1506 1606 1511; x_wconf 91' lang='lat'>—-</span> 
     </span>
     <span class='ocr_line' id='line_1_56' title="bbox 932 1543 1606 1588; baseline -0.001 -12"><span class='ocrx_word' id='word_1_297' title='bbox 932 1543 998 1576; x_wconf 75' lang='lat' dir='ltr'>Nec</span> <span class='ocrx_word' id='word_1_298' title='bbox 1004 1546 1142 1588; x_wconf 74' lang='lat' dir='ltr'>propior.</span> <span class='ocrx_word' id='word_1_299' title='bbox 1162 1543 1233 1577; x_wconf 88' lang='lat' dir='ltr'>Nec</span> <span class='ocrx_word' id='word_1_300' title='bbox 1253 1544 1321 1577; x_wconf 81' lang='lat' dir='ltr'>ulla</span> <span class='ocrx_word' id='word_1_301' title='bbox 1337 1543 1461 1577; x_wconf 88' lang='lat' dir='ltr'>domus</span> <span class='ocrx_word' id='word_1_302' title='bbox 1476 1543 1606 1576; x_wconf 88' lang='lat' dir='ltr'>Phoebo</span> 
     </span>
     <span class='ocr_line' id='line_1_57' title="bbox 932 1595 1272 1642; baseline 0 -13"><span class='ocrx_word' id='word_1_303' title='bbox 932 1597 1110 1642; x_wconf 83' lang='lat' dir='ltr'>musisque</span> <span class='ocrx_word' id='word_1_304' title='bbox 1131 1595 1272 1642; x_wconf 88' lang='lat' dir='ltr'>gratior.</span> 
     </span>
    </p>

    <p class='ocr_par' dir='ltr' id='par_1_15' title="bbox 990 1650 1352 1694">
     <span class='ocr_line' id='line_1_58' title="bbox 990 1650 1352 1694; baseline 0 -12"><span class='ocrx_word' id='word_1_305' title='bbox 990 1651 1047 1682; x_wconf 75' lang='lat'>16.</span> <span class='ocrx_word' id='word_1_306' title='bbox 1073 1650 1152 1694; x_wconf 64' lang='lat' dir='ltr'>Ipse.</span> <span class='ocrx_word' id='word_1_307' title='bbox 1171 1650 1352 1682; x_wconf 82' lang='lat' dir='ltr'>Martialis.</span> 
     </span>
    </p>

    <p class='ocr_par' dir='ltr' id='par_1_16' title="bbox 935 1697 1627 2593">
     <span class='ocr_line' id='line_1_59' title="bbox 992 1697 1608 1747; baseline -0.002 -12"><span class='ocrx_word' id='word_1_308' title='bbox 992 1715 1047 1746; x_wconf 88' lang='lat'>17.</span> <span class='ocrx_word' id='word_1_309' title='bbox 1085 1703 1211 1736; x_wconf 77' lang='lat' dir='ltr'>Scilicet</span> <span class='ocrx_word' id='word_1_310' title='bbox 1242 1697 1361 1747; x_wconf 76' lang='lat' dir='ltr'>legunt</span> <span class='ocrx_word' id='word_1_311' title='bbox 1394 1703 1608 1735; x_wconf 74' lang='lat' dir='ltr'>Pulinannus</span> 
     </span>
     <span class='ocr_line' id='line_1_60' title="bbox 935 1754 1611 1801; baseline -0.001 -14"><span class='ocrx_word' id='word_1_312' title='bbox 935 1754 1061 1800; x_wconf 83' lang='lat' dir='ltr'>aliique</span> <span class='ocrx_word' id='word_1_313' title='bbox 1091 1756 1265 1789; x_wconf 85' lang='lat' dir='ltr'>nonnulli.</span> <span class='ocrx_word' id='word_1_314' title='bbox 1296 1773 1346 1777; x_wconf 78' lang='lat'>—-</span> <span class='ocrx_word' id='word_1_315' title='bbox 1378 1757 1464 1800; x_wconf 75' lang='lat' dir='ltr'>Quia</span> <span class='ocrx_word' id='word_1_316' title='bbox 1490 1755 1611 1801; x_wconf 77' lang='lat' dir='ltr'>qualia-</span> 
     </span>
     <span class='ocr_line' id='line_1_61' title="bbox 935 1808 1610 1853; baseline -0.001 -13"><span class='ocrx_word' id='word_1_317' title='bbox 935 1821 1072 1853; x_wconf 77' lang='lat' dir='ltr'>cumque.</span> <span class='ocrx_word' id='word_1_318' title='bbox 1091 1809 1182 1849; x_wconf 84' lang='lat' dir='ltr'>Quia</span> <span class='ocrx_word' id='word_1_319' title='bbox 1202 1821 1274 1841; x_wconf 87' lang='lat' dir='ltr'>non</span> <span class='ocrx_word' id='word_1_320' title='bbox 1295 1809 1413 1841; x_wconf 82' lang='lat' dir='ltr'>fuisset</span> <span class='ocrx_word' id='word_1_321' title='bbox 1434 1808 1484 1841; x_wconf 86' lang='lat' dir='ltr'>illi</span> <span class='ocrx_word' id='word_1_322' title='bbox 1501 1809 1610 1841; x_wconf 90' lang='lat' dir='ltr'>otium</span> 
     </span>
     <span class='ocr_line' id='line_1_62' title="bbox 936 1860 1612 1906; baseline -0.001 -13"><span class='ocrx_word' id='word_1_323' title='bbox 936 1860 1110 1894; x_wconf 85' lang='lat' dir='ltr'>scribendi</span> <span class='ocrx_word' id='word_1_324' title='bbox 1126 1861 1200 1894; x_wconf 82' lang='lat' dir='ltr'>haec</span> <span class='ocrx_word' id='word_1_325' title='bbox 1212 1888 1220 1902; x_wconf 92' lang='lat'>,</span> <span class='ocrx_word' id='word_1_326' title='bbox 1242 1862 1509 1906; x_wconf 83' lang='lat' dir='ltr'>qualiacumque</span> <span class='ocrx_word' id='word_1_327' title='bbox 1525 1860 1593 1893; x_wconf 82' lang='lat' dir='ltr'>sint</span> <span class='ocrx_word' id='word_1_328' title='bbox 1604 1886 1612 1900; x_wconf 88' lang='lat'><strong><em>,</em></strong></span> 
     </span>
     <span class='ocr_line' id='line_1_63' title="bbox 938 1913 1614 1958; baseline -0.001 -12"><span class='ocrx_word' id='word_1_329' title='bbox 938 1914 1205 1958; x_wconf 84' lang='lat' dir='ltr'>epigrammata,</span> <span class='ocrx_word' id='word_1_330' title='bbox 1233 1915 1261 1947; x_wconf 84' lang='lat' dir='ltr'>si</span> <span class='ocrx_word' id='word_1_331' title='bbox 1287 1913 1461 1948; x_wconf 87' lang='lat' dir='ltr'>salutandi</span> <span class='ocrx_word' id='word_1_332' title='bbox 1487 1913 1614 1946; x_wconf 73' lang='lat' dir='ltr'>officiis</span> 
     </span>
     <span class='ocr_line' id='line_1_64' title="bbox 939 1966 1611 2012; baseline -0.004 -12"><span class='ocrx_word' id='word_1_333' title='bbox 939 1975 1100 2000; x_wconf 76' lang='lat' dir='ltr'>vacasset.</span> <span class='ocrx_word' id='word_1_334' title='bbox 1129 1966 1295 2012; x_wconf 82' lang='lat' dir='ltr'>Ejusdem</span> <span class='ocrx_word' id='word_1_335' title='bbox 1332 1975 1382 2001; x_wconf 89' lang='lat' dir='ltr'>est</span> <span class='ocrx_word' id='word_1_336' title='bbox 1418 1967 1611 2012; x_wconf 85' lang='lat' dir='ltr'>argumenti</span> 
     </span>
     <span class='ocr_line' id='line_1_65' title="bbox 942 2019 1615 2065; baseline -0.003 -12"><span class='ocrx_word' id='word_1_337' title='bbox 942 2020 1143 2065; x_wconf 82' lang='lat' dir='ltr'>epigramm.</span> <span class='ocrx_word' id='word_1_338' title='bbox 1159 2020 1334 2052; x_wconf 77' lang='lat' dir='ltr'>mxinfra:</span> <span class='ocrx_word' id='word_1_339' title='bbox 1352 2038 1364 2051; x_wconf 71' lang='lat' dir='ltr'>u</span> <span class='ocrx_word' id='word_1_340' title='bbox 1379 2019 1449 2053; x_wconf 85' lang='lat' dir='ltr'>Sed</span> <span class='ocrx_word' id='word_1_341' title='bbox 1470 2019 1615 2053; x_wconf 84' lang='lat' dir='ltr'>tibinon</span> 
     </span>
     <span class='ocr_line' id='line_1_66' title="bbox 943 2073 1616 2118; baseline 0 -14"><span class='ocrx_word' id='word_1_342' title='bbox 943 2073 1093 2106; x_wconf 75' lang='lat' dir='ltr'>inultum</span> <span class='ocrx_word' id='word_1_343' title='bbox 1119 2082 1168 2105; x_wconf 80' lang='lat' dir='ltr'>est</span> <span class='ocrx_word' id='word_1_344' title='bbox 1195 2085 1303 2106; x_wconf 89' lang='lat' dir='ltr'>unum</span> <span class='ocrx_word' id='word_1_345' title='bbox 1324 2074 1352 2106; x_wconf 85' lang='lat' dir='ltr'>si</span> <span class='ocrx_word' id='word_1_346' title='bbox 1374 2081 1500 2118; x_wconf 83' lang='lat' dir='ltr'>praesto</span> <span class='ocrx_word' id='word_1_347' title='bbox 1520 2080 1616 2116; x_wconf 85' lang='lat' dir='ltr'>toga-</span> 
     </span>
     <span class='ocr_line' id='line_1_67' title="bbox 945 2125 1617 2159; baseline -0.001 -2"><span class='ocrx_word' id='word_1_348' title='bbox 945 2133 1045 2158; x_wconf 88' lang='lat' dir='ltr'>tum:</span> <span class='ocrx_word' id='word_1_349' title='bbox 1076 2125 1228 2159; x_wconf 86' lang='lat' dir='ltr'>Multum</span> <span class='ocrx_word' id='word_1_350' title='bbox 1257 2134 1306 2159; x_wconf 88' lang='lat' dir='ltr'>est</span> <span class='ocrx_word' id='word_1_351' title='bbox 1334 2126 1429 2159; x_wconf 89' lang='lat' dir='ltr'>huuc</span> <span class='ocrx_word' id='word_1_352' title='bbox 1457 2137 1565 2158; x_wconf 88' lang='lat' dir='ltr'>unum</span> <span class='ocrx_word' id='word_1_353' title='bbox 1588 2125 1617 2157; x_wconf 84' lang='lat' dir='ltr'>si</span> 
     </span>
     <span class='ocr_line' id='line_1_68' title="bbox 946 2177 1617 2224; baseline 0.001 -14"><span class='ocrx_word' id='word_1_354' title='bbox 946 2177 1054 2217; x_wconf 85' lang='lat' dir='ltr'>mihi,</span> <span class='ocrx_word' id='word_1_355' title='bbox 1088 2178 1206 2219; x_wconf 83' lang='lat' dir='ltr'>Galle,</span> <span class='ocrx_word' id='word_1_356' title='bbox 1232 2191 1332 2223; x_wconf 85' lang='lat' dir='ltr'>nego.</span> <span class='ocrx_word' id='word_1_357' title='bbox 1355 2180 1435 2224; x_wconf 89' lang='lat' dir='ltr'>Ipse</span> <span class='ocrx_word' id='word_1_358' title='bbox 1462 2178 1617 2211; x_wconf 80' lang='lat' dir='ltr'>salutabo</span> 
     </span>
     <span class='ocr_line' id='line_1_69' title="bbox 947 2229 1619 2272; baseline -0.001 -9"><span class='ocrx_word' id='word_1_359' title='bbox 947 2229 1103 2270; x_wconf 81' lang='lat' dir='ltr'>decima,</span> <span class='ocrx_word' id='word_1_360' title='bbox 1136 2232 1190 2264; x_wconf 91' lang='lat' dir='ltr'>vel</span> <span class='ocrx_word' id='word_1_361' title='bbox 1219 2232 1347 2272; x_wconf 84' lang='lat' dir='ltr'>serius,</span> <span class='ocrx_word' id='word_1_362' title='bbox 1376 2231 1488 2264; x_wconf 86' lang='lat' dir='ltr'>hora:</span> <span class='ocrx_word' id='word_1_363' title='bbox 1514 2231 1619 2263; x_wconf 81' lang='lat' dir='ltr'>Mane</span> 
     </span>
     <span class='ocr_line' id='line_1_70' title="bbox 947 2284 1622 2329; baseline -0.001 -12"><span class='ocrx_word' id='word_1_364' title='bbox 947 2284 1011 2317; x_wconf 88' lang='lat' dir='ltr'>tibi</span> <span class='ocrx_word' id='word_1_365' title='bbox 1026 2296 1090 2329; x_wconf 86' lang='lat' dir='ltr'>pro</span> <span class='ocrx_word' id='word_1_366' title='bbox 1109 2297 1164 2317; x_wconf 91' lang='lat' dir='ltr'>me</span> <span class='ocrx_word' id='word_1_367' title='bbox 1183 2284 1276 2317; x_wconf 86' lang='lat' dir='ltr'>dicat</span> <span class='ocrx_word' id='word_1_368' title='bbox 1299 2296 1411 2317; x_wconf 64' lang='lat' dir='ltr'>⁴iinuz</span> <span class='ocrx_word' id='word_1_369' title='bbox 1430 2284 1530 2317; x_wconf 86' lang='lat' dir='ltr'>liber.</span> <span class='ocrx_word' id='word_1_370' title='bbox 1548 2302 1560 2313; x_wconf 75' lang='lat' dir='ltr'>u</span> <span class='ocrx_word' id='word_1_371' title='bbox 1576 2284 1622 2316; x_wconf 90' lang='lat' dir='ltr'>Et</span> 
     </span>
     <span class='ocr_line' id='line_1_71' title="bbox 948 2335 1622 2382; baseline 0 -13"><span class='ocrx_word' id='word_1_372' title='bbox 948 2337 1010 2369; x_wconf 92' lang='lat' dir='ltr'>lib.</span> <span class='ocrx_word' id='word_1_373' title='bbox 1028 2337 1096 2378; x_wconf 86' lang='lat' dir='ltr'>XI,</span> <span class='ocrx_word' id='word_1_374' title='bbox 1114 2338 1225 2382; x_wconf 83' lang='lat' dir='ltr'>epigr.</span> <span class='ocrx_word' id='word_1_375' title='bbox 1246 2349 1350 2370; x_wconf 79' lang='lat' dir='ltr'>xxiv:</span> <span class='ocrx_word' id='word_1_376' title='bbox 1368 2335 1478 2371; x_wconf 69' lang='lat' dir='ltr'>«Dum</span> <span class='ocrx_word' id='word_1_377' title='bbox 1495 2345 1528 2370; x_wconf 88' lang='lat' dir='ltr'>te</span> <span class='ocrx_word' id='word_1_378' title='bbox 1542 2349 1622 2382; x_wconf 86' lang='lat' dir='ltr'>pro-</span> 
     </span>
     <span class='ocr_line' id='line_1_72' title="bbox 949 2389 1623 2434; baseline 0 -13"><span class='ocrx_word' id='word_1_379' title='bbox 949 2401 1074 2434; x_wconf 81' lang='lat' dir='ltr'>sequor</span> <span class='ocrx_word' id='word_1_380' title='bbox 1087 2414 1096 2429; x_wconf 92' lang='lat'>‚</span> <span class='ocrx_word' id='word_1_381' title='bbox 1112 2398 1146 2422; x_wconf 86' lang='lat' dir='ltr'>et</span> <span class='ocrx_word' id='word_1_382' title='bbox 1158 2389 1307 2422; x_wconf 86' lang='lat' dir='ltr'>domum</span> <span class='ocrx_word' id='word_1_383' title='bbox 1323 2389 1452 2423; x_wconf 90' lang='lat' dir='ltr'>reduco</span> <span class='ocrx_word' id='word_1_384' title='bbox 1465 2416 1473 2431; x_wconf 89' lang='lat'>‚</span> <span class='ocrx_word' id='word_1_385' title='bbox 1490 2390 1623 2422; x_wconf 88' lang='lat' dir='ltr'>Aurem</span> 
     </span>
     <span class='ocr_line' id='line_1_73' title="bbox 952 2441 1626 2488; baseline 0 -14"><span class='ocrx_word' id='word_1_386' title='bbox 952 2441 1037 2474; x_wconf 83' lang='lat' dir='ltr'>dum</span> <span class='ocrx_word' id='word_1_387' title='bbox 1055 2443 1116 2475; x_wconf 87' lang='lat' dir='ltr'>tihi</span> <span class='ocrx_word' id='word_1_388' title='bbox 1127 2451 1253 2488; x_wconf 62' lang='lat' dir='ltr'>praesto</span> <span class='ocrx_word' id='word_1_389' title='bbox 1266 2443 1431 2488; x_wconf 82' lang='lat' dir='ltr'>garrienti</span> <span class='ocrx_word' id='word_1_390' title='bbox 1443 2469 1452 2484; x_wconf 87' lang='lat'>‚</span> <span class='ocrx_word' id='word_1_391' title='bbox 1467 2443 1511 2475; x_wconf 91' lang='lat' dir='ltr'>Et</span> <span class='ocrx_word' id='word_1_392' title='bbox 1524 2442 1626 2487; x_wconf 80' lang='lat' dir='ltr'>quid·</span> 
     </span>
     <span class='ocr_line' id='line_1_74' title="bbox 953 2493 1627 2541; baseline 0.001 -15"><span class='ocrx_word' id='word_1_393' title='bbox 953 2493 1037 2539; x_wconf 86' lang='lat' dir='ltr'>quid</span> <span class='ocrx_word' id='word_1_394' title='bbox 1051 2495 1203 2539; x_wconf 87' lang='lat' dir='ltr'>loqueris</span> <span class='ocrx_word' id='word_1_395' title='bbox 1220 2496 1371 2541; x_wconf 87' lang='lat' dir='ltr'>facisque</span> <span class='ocrx_word' id='word_1_396' title='bbox 1387 2495 1493 2529; x_wconf 81' lang='lat' dir='ltr'>laudo</span> <span class='ocrx_word' id='word_1_397' title='bbox 1507 2522 1515 2536; x_wconf 89' lang='lat'>‚</span> <span class='ocrx_word' id='word_1_398' title='bbox 1532 2496 1627 2537; x_wconf 82' lang='lat' dir='ltr'>Quot</span> 
     </span>
     <span class='ocr_line' id='line_1_75' title="bbox 954 2548 1625 2593; baseline 0.001 -15"><span class='ocrx_word' id='word_1_399' title='bbox 954 2560 1071 2581; x_wconf 82' lang='lat' dir='ltr'>versus</span> <span class='ocrx_word' id='word_1_400' title='bbox 1102 2557 1279 2593; x_wconf 84' lang='lat' dir='ltr'>poterant,</span> <span class='ocrx_word' id='word_1_401' title='bbox 1306 2549 1473 2588; x_wconf 81' lang='lat' dir='ltr'>Labulle,</span> <span class='ocrx_word' id='word_1_402' title='bbox 1503 2548 1625 2582; x_wconf 72' lang='lat' dir='ltr'>nasci?</span> 
     </span>
    </p>
   </div>
   <div class='ocr_carea' id='block_1_7' title="bbox 955 2600 1628 2692">
    <p class='ocr_par' dir='ltr' id='par_1_17' title="bbox 955 2600 1628 2692">
     <span class='ocr_line' id='line_1_76' title="bbox 955 2600 1628 2635; baseline 0.001 -2"><span class='ocrx_word' id='word_1_403' title='bbox 955 2601 1029 2633; x_wconf 82' lang='lat' dir='ltr'>Hoc</span> <span class='ocrx_word' id='word_1_404' title='bbox 1077 2600 1243 2634; x_wconf 86' lang='lat' dir='ltr'>damnum</span> <span class='ocrx_word' id='word_1_405' title='bbox 1279 2602 1343 2634; x_wconf 84' lang='lat' dir='ltr'>tibi</span> <span class='ocrx_word' id='word_1_406' title='bbox 1382 2615 1451 2635; x_wconf 89' lang='lat' dir='ltr'>non</span> <span class='ocrx_word' id='word_1_407' title='bbox 1490 2601 1628 2634; x_wconf 85' lang='lat' dir='ltr'>videtur</span> 
     </span>
     <span class='ocr_line' id='line_1_77' title="bbox 957 2655 1259 2692; baseline 0 -7"><span class='ocrx_word' id='word_1_408' title='bbox 957 2665 1047 2692; x_wconf 76' lang='lat' dir='ltr'>esse,</span> <span class='ocrx_word' id='word_1_409' title='bbox 1066 2662 1132 2687; x_wconf 82' lang='lat' dir='ltr'>etc.</span> <span class='ocrx_word' id='word_1_410' title='bbox 1156 2672 1168 2684; x_wconf 72' lang='lat' dir='ltr'>u</span> <span class='ocrx_word' id='word_1_411' title='bbox 1193 2655 1259 2687; x_wconf 86' lang='lat' dir='ltr'>En.</span> 
     </span>
    </p>
   </div>
  </div>
 </body>
</html>
