2061 3288
479 206 576 252 236

854 212 915 253 M.
942 212 1083 255 VAL.
1124 214 1512 257 MARTIALIS

1043 363 1313 420 LXVII.

933 519 988 548 IN
1038 501 1433 550 POSTHUMUMfg

475 642 711 686 Occmuns
738 659 1014 705 quocumque
1036 644 1133 690 loco
1158 647 1285 702 mihi,
1308 647 1569 702 posthume,
1595 647 1756 692 clamas

579 714 807 769 Protinus,
833 724 875 758 et
904 716 1045 775 prima
1076 727 1141 760 est
1167 717 1260 761 haec
1288 727 1363 761 tua
1389 734 1494 774 vox,
1517 718 1636 775 Quid
1663 717 1784 779 agis?

476 784 597 839 Hoc,
625 786 659 828 si
686 801 755 828 me
783 784 924 830 decies
953 803 1041 830 una
1072 789 1329 832 conveneris
1359 788 1492 844 hora,

543 854 665 899 Dicis
691 872 699 898 :
725 855 860 900 habes
885 867 993 916 puto
1021 867 1093 914 tu,
1116 859 1378 915 Posthume,
1404 857 1463 902 nil
1493 859 1611 919 quod
1638 874 1753 919 agas.

527 989 541 1003 *
562 991 766 1027 Officiosam
785 994 971 1029 Posthumi
988 996 1150 1030 inertiam

471 1043 609 1080 deridet
624 1071 633 1087 ‚
657 1048 756 1091 cujus
789 1049 933 1083 unicum
965 1048 1152 1083 videbatur

471 1099 654 1143 negotium
665 1100 751 1134 alios
764 1113 886 1147 rogare
897 1101 984 1147 quid
998 1112 1151 1147 agerent,

471 1150 566 1196 quod
585 1160 658 1186 erat
670 1153 808 1199 signum
822 1167 902 1188 eum
918 1155 1007 1189 nihil
1022 1157 1151 1189 habere

474 1203 573 1248 quod
593 1205 666 1251 ipse
682 1216 809 1252 ageret.

528 1270 560 1289 2.
598 1259 689 1302 Ouid
713 1263 793 1305 agis.
817 1261 890 1295 Hac
921 1261 1051 1295 scilicet
1079 1261 1149 1295 for-

472 1310 567 1343 mula
603 1312 726 1345 obvios
765 1314 960 1348 salutabant
989 1315 1148 1361 Antiqui·

471 1362 605 1398 Plinius
612 1365 804 1409 Secundus,
815 1367 876 1401 lib.
891 1369 957 1410 III,
971 1368 1072 1413 epist.
1088 1381 1149 1402 20:

1216 1014 1229 1027 ιι
1250 997 1294 1030 Et
1323 997 1497 1039 Hercule,
1520 1009 1703 1043 quousque
1727 997 1786 1030 illa
1814 997 1890 1030 vul-

1210 1050 1304 1095 garia
1319 1050 1333 1083 9
1349 1050 1426 1083 Eho
1438 1049 1525 1096 quid
1539 1049 1635 1095 agis?
1650 1049 1787 1095 Ecquid
1799 1062 1892 1084 com-

1210 1102 1317 1137 mode
1342 1103 1466 1137 vales?
1491 1121 1504 1133 n
1529 1102 1613 1137 Vid.
1647 1103 1799 1137 Brisson.
1827 1103 1889 1137 lib.

1211 1156 1323 1195 VIII,
1341 1155 1386 1189 de
1404 1157 1558 1190 Formul.

1267 1211 1299 1243 3.
1319 1210 1470 1255 Langius
1492 1222 1533 1243 ex
1555 1208 1611 1243 ed.
1633 1206 1821 1242 Pulmanni
1842 1208 1890 1242 ci-

1210 1270 1260 1295 tat
1279 1274 1287 1295 t
1311 1264 1385 1295 IIoc
1412 1263 1508 1303 mihi,
1532 1265 1560 1295 si
1580 1262 1678 1295 decies
1701 1275 1762 1295 una
1780 1274 1889 1295 conve-

1211 1318 1294 1348 neris
1311 1316 1387 1349 hora
1407 1330 1419 1349 .·
1442 1316 1523 1349 citat
1543 1316 1666 1357 etiam,
1685 1328 1753 1348 cum
1768 1316 1890 1348 ‘veneris

1211 1369 1301 1401 hora.

1019 1503 1330 1559 LXVIII.

1035 1655 1097 1683 AD
1127 1635 1296 1684 omum*

681 1774 821 1830 QUOD
847 1783 889 1818 te
917 1775 1093 1818 nomine
1116 1775 1206 1834 jam
1234 1784 1309 1818 tuo
1341 1773 1505 1826 saluto,

522 1897 537 1913 ⁴¹
553 1904 602 1937 Ut
614 1904 722 1938 Prisci
737 1899 818 1948 (lib.
831 1906 847 1938 I
861 1931 871 1946 ,
889 1906 999 1952 epigr.
1013 1918 1103 1940 cqu
1114 1905 1127 1947 )
1138 1933 1147 1947 ,

469 1964 501 1990 et
535 1955 712 1990 Caeciliani
750 1955 840 1998 (lib.
870 1960 946 2001 VI,
977 1959 1147 2005 epigram-

468 2017 561 2043 mate
584 2009 790 2052 Lxxxvux),
816 2012 864 2045 sic
886 2012 922 2044 in
949 2013 1015 2046 hoc
1038 2013 1145 2058 epigr.

469 2062 527 2095 Oli
549 2075 585 2096 se
603 2065 763 2098 clientem
793 2077 864 2099 esse
893 2075 1027 2099 recusat
1052 2066 1145 2099 Mar-

467 2115 557 2149 tialis
569 2141 578 2156 ‚
591 2117 725 2151 etidem
739 2118 918 2163 sapientiae
931 2116 1145 2164 I‘iraeceptum

467 2168 562 2213 quod
586 2172 658 2214 jam
687 2171 824 2216 poetico
853 2171 982 2205 vestitu
1009 2173 1148 2205 ornavit

467 2219 600 2268 (epigr.
622 2237 691 2257 LIII
711 2222 835 2270 supr.)
856 2226 984 2258 iterum
999 2225 1146 2267 ’tractat3

467 2275 614 2315 scilicet,
635 2289 714 2310 eum
729 2278 791 2322 qui
809 2278 874 2311 sihi
891 2278 1055 2323 imperat,
1072 2279 1146 2311 aliis

467 2339 540 2360 non
565 2330 721 2371 servire;
747 2331 828 2376 quia
854 2339 1058 2377 paupertate
1087 2345 1147 2365 sua

467 2389 651 2416 contentus
659 2409 668 2425 ‚
676 2392 773 2417 vacat
784 2383 1035 2430 cupiditatibus
1044 2410 1052 2426 ,
1060 2397 1146 2429 quas

466 2434 604 2478 explere
633 2450 705 2469 non
735 2438 844 2482 possit
868 2438 935 2471 nisi
961 2438 1145 2482 pecuniam

468 2486 510 2519 ab
535 2488 647 2522 amico
674 2491 812 2535 potenti
839 2503 902 2536 per
929 2490 1146 2524 adulationes

469 2540 656 2584 erogando.
675 2543 740 2575 En.

526 2605 538 2625 1
549 2621 556 2627 .
573 2594 707 2627 Nomine
721 2599 788 2639 jam
805 2605 868 2629 tuo.
890 2597 1046 2629 Salutare
1063 2610 1144 2642 pro-

465 2647 544 2690 prio
582 2649 724 2680 nomine
759 2650 943 2693 aequalium
978 2658 1068 2689 crat,
1092 2651 1143 2681 vel

1209 1906 1453 1951 superiorum,
1484 1904 1526 1938 ad
1551 1904 1808 1938 conciliandam
1832 1906 1886 1938 vel

1209 1958 1484 1993 confirmandam
1506 1959 1665 2003 gratiam.
1681 1957 1786 1992 Unde
1805 1971 1886 1992 can-

1207 2011 1318 2046 didati
1329 2039 1338 2053 ‚
1351 2025 1411 2045 seu
1427 2012 1594 2058 petitores
1609 2011 1886 2057 magistratuum,

1206 2066 1398 2111 plebeculae
1416 2065 1593 2098 hominem
1613 2076 1788 2111 quemque
1806 2077 1888 2110 pro-

1206 2119 1274 2164 prii
1296 2118 1448 2151 nominis
1478 2118 1686 2151 salutatione
1709 2116 1886 2151 demulce-

1206 2173 1301 2205 bant.
1335 2172 1425 2205 Hinc
1456 2171 1615 2204 mirabile
1643 2169 1731 2204 illud
1759 2183 1886 2203 nomen-

1207 2226 1358 2258 clatorum
1380 2250 1389 2265 ,
1427 2238 1513 2270 quos
1551 2225 1653 2258 etiam
1695 2224 1886 2257 monitores

1206 2279 1401 2319 vocabant,
1432 2277 1668 2311 ministerium
1688 2302 1697 2318 ‚
1735 2275 1778 2310 de
1816 2288 1885 2321 quo

1206 2332 1315 2365 multa
1342 2330 1434 2378 apud
1458 2332 1602 2364 Veteres
1632 2329 1763 2364 mentio
1785 2342 1792 2363 :
1821 2341 1885 2361 no-

1207 2384 1456 2426 menclatores,
1475 2397 1562 2429 quos
1582 2382 1746 2416 Horatius
1766 2381 1884 2427 gratiae

1207 2437 1432 2471 conciliandae
1466 2437 1737 2470 instrumentum
1767 2434 1884 2467 existi-

1207 2499 1276 2523 mat
1290 2516 1298 2532 ,
1339 2491 1509 2523 nimirum
1548 2502 1673 2534 magno
1710 2486 1884 2520 dehebant

1207 2556 1278 2577 esse
1301 2544 1375 2577 usui
1398 2544 1479 2577 huic
1497 2543 1628 2576 rhetori
1644 2540 1686 2573 de
1702 2553 1773 2585 quo
1791 2554 1885 2573 nien-

1206 2598 1254 2629 tio
1271 2597 1329 2630 lib.
1354 2598 1400 2632 V.
1421 2597 1528 2642 epigr.
1551 2608 1623 2632 Lrv,
1645 2595 1765 2638 eteius
1789 2593 1883 2626 sinii-

1207 2650 1305 2682 tibus.
