2061 3288
387 213 838 258 TESTIMONIA
877 214 966 256 DE
1005 212 1392 256 MARTIALE.
1518 227 1598 256 Lix

181 323 204 348 a
237 304 377 348 Plinio
404 314 589 365 nepotc,
617 313 666 347 ut
695 304 739 346 in
770 303 863 364 cjus
891 301 1073 364 epistola
1105 300 1382 357 declaratur,
1413 300 1599 361 adjutus.

180 377 356 420 Amicos
375 374 510 419 coluit
530 374 731 429 Stellam,
751 374 901 418 Silium
923 372 1139 417 Italicum.
1163 373 1337 416 Ascitus
1357 381 1401 416 ct
1423 372 1466 415 in
1487 372 1603 432 ordi-

180 463 280 490 ncm
302 449 584 507 Equestrem‚
607 455 652 489 ct
667 445 767 505 jura
790 445 924 489 trium
945 443 1182 488 liberorum
1206 443 1391 504 adeptus
1413 452 1478 487 cst
1499 460 1508 486 :
1532 460 1601 486 rc-

179 516 305 578 liquit
326 519 692 579 epigrammatum
719 515 878 560 librum
908 516 1088 559 omnino
1110 513 1418 575 rejiciendum,
1441 514 1602 575 quippe

179 590 252 649 qui
276 605 416 649 neque
441 587 664 649 elegantia}
687 587 829 632 latinae
853 602 994 647 neque
1017 585 1215 630 moribus
1238 586 1387 646 prosit.

181 739 355 783 Paulus
375 740 526 783 Jovius
539 775 552 795 ‚
587 742 635 783 iu
659 739 838 800 Elogi‘c's
862 740 1071 782 Virorum
1103 738 1242 781 literis
1267 738 1528 793 illustrium,
1557 740 1602 781 iu

555 812 718 854 Marco
742 811 948 854 Antonio
975 810 1230 854 Cusatzova.

250 950 312 992 Μ.
342 950 442 992 Ant.
473 950 736 1004 Casanovae,
758 950 976 993 Comensc
1007 956 1132 1008 patre
1156 948 1310 991 Romae
1336 947 1505 1008 genito,
1528 963 1601 990 ar-

179 1021 270 1080 guti
292 1020 617 1080 epigrammatis
643 1018 833 1080 palmam
857 1017 1013 1062 detulit
1040 1017 1109 1062 illa
1132 1019 1226 1079 ipsa
1251 1019 1419 1074 Roma,
1441 1034 1602 1063 severae

180 1091 295 1134 auris
331 1090 496 1151 judicio
535 1090 751 1151 superbag
780 1106 860 1133 nec
898 1105 1093 1150 unquam
1125 1089 1169 1132 in
1199 1088 1400 1133 confesso
1432 1088 1602 1150 pudore

179 1162 322 1205 Poetis
352 1160 594 1204 adulatrix:
622 1161 740 1222 quod
776 1159 944 1221 lepida,
980 1170 1022 1204 et
1056 1159 1177 1204 salsis
1208 1160 1369 1204 finibus
1404 1158 1599 1204 aculeata

179 1233 372 1275 carmina
404 1231 633 1276 factitaret.
666 1231 916 1275 Elocutioiii
948 1241 1076 1275 castae
1104 1241 1251 1274 tamen
1279 1232 1446 1292 puritas
1476 1247 1526 1275 ac
1556 1231 1600 1273 in

178 1319 362 1346 numero
389 1319 501 1363 saepe
533 1302 645 1346 duro
674 1301 830 1345 lenitas
860 1301 1022 1346 defuit:
1050 1301 1188 1363 qualis
1212 1302 1255 1345 in
1283 1301 1458 1346 Catullo
1490 1318 1602 1362 prae—

178 1384 330 1417 tenero
349 1375 483 1417 Poeta
509 1373 795 1434 conspicitur,
815 1389 950 1433 quum
977 1373 1200 1434 ingeniose
1226 1373 1423 1416 mordaci
1452 1382 1493 1416 et
1520 1374 1599 1415 im—

179 1461 291 1505 puro
324 1443 515 1488 Martiali
552 1443 783 1505 persimilis
819 1460 911 1488 esse.
943 1443 1117 1500 mallet,
1153 1454 1202 1488 ut
1238 1460 1325 1487 una
1361 1443 1602 1505 praesertim

178 1525 398 1577 peracutae
418 1514 819 1575 circuinductaeque
840 1516 1064 1559 sententiae
1088 1514 1227 1576 gloria
1249 1514 1501 1569 duceretur,
1519 1523 1599 1558 etc.

179 1669 395 1714 Andreas
416 1670 676 1729 Naugerius
690 1703 703 1723 ,
727 1678 913 1712 (uictore
938 1672 984 1711 iu
1007 1667 1163 1712 iisdem
1183 1668 1365 1728 Elogiis
1387 1670 1438 1710 P.
1457 1669 1599 1712 Jovio.

249 1811 401 1867 Quum
423 1811 739 1871 epigrammata
752 1810 976 1870 praestanti
986 1809 1150 1870 judicio
1165 1808 1427 1869 lepidissime
1445 1808 1602 1852 scribe-

180 1892 268 1934 ret,
289 1898 379 1925 non
402 1880 523 1925 salsis
546 1880 840 1941 aculeatisque
861 1880 1044 1935 finibus,
1064 1880 1140 1924 sed
1163 1890 1313 1923 tenera
1339 1878 1411 1923 illa
1433 1889 1477 1922 et
1497 1896 1602 1939 prze-

181 1952 296 1996 dulci
328 1953 470 2013 prisca
509 1953 722 1996 suavitate
762 1951 1019 2004 claudebat„
1053 1951 1163 1995 adeo
1196 1949 1389 1993 Martiali
1424 1965 1601 1994 severus

181 2022 341 2078 hostis,
378 2033 427 2066 ut
463 2024 696 2084 quotannis
732 2032 844 2066 stato
879 2022 947 2066 die
981 2023 1121 2066 Musis
1159 2022 1303 2065 dicata
1341 2020 1476 2064 multa
1509 2020 1600 2080 ejus

183 2092 427 2148 volumina,
459 2104 668 2155 tanquam
708 2095 902 2155 impura,
938 2109 1038 2136 cum
1073 2093 1370 2136 exsecratione
1400 2089 1601 2135 Vulcano

183 2163 445 2207 ‹licarcntur.

255 2233 349 2278 Alia
371 2235 541 2278 sinistra
564 2235 798 2279 infelicium
821 2236 1088 2279 Criticorum
1109 2233 1271 2293 judicia
1296 2232 1396 2276 vide
1418 2233 1463 2276 in
1484 2234 1603 2276 Mar-

183 2303 282 2349 tiale
305 2307 349 2348 P.
376 2306 592 2349 Scriverii.
