2061 3288
432 235 1024 282 EPIGRAMMA-TUM
1062 234 1186 277 LIB.
1228 233 1327 276 III.

1490 229 1588 276 363

757 383 997 442 XCIX.

653 544 720 571 AD
759 519 1104 571 011110οΝ13Μῖ

237 669 394 711 InAsci
426 676 577 710 nostro
600 682 690 710 non
715 664 869 719 debes,
898 662 1052 717 cerdo⁷
1076 660 1233 706 libello.

308 741 390 782 Ars
415 747 513 793 tua,
539 753 629 781 non
653 737 743 780 vita
766 745 853 790 est,
880 735 1073 780 carmine
1099 732 1200 777 laesa
1223 749 1336 777 meo.

237 811 458 853 Innocuos
489 809 696 870 permitte
723 806 843 852 sales.
871 808 964 851 Cur
995 805 1145 849 ludere
1175 804 1302 848 nobis

310 881 410 925 Non
437 879 589 936 liceat,
614 879 737 924 licuit
767 879 800 922 si
829 876 1032 939 jugulare
1064 875 1173 920 tihi?

206 1012 287 1051 *Est
295 1017 507 1063 epigramma
520 1018 557 1050 in
571 1015 736 1051 eumdem
746 1016 846 1049 illum

166 1071 429 1104 Bononiensem
449 1079 626 1113 sutorem,
644 1083 750 1117 quem
772 1082 849 1103 mu-

166 1136 250 1158 nera
260 1123 467 1170 gladiatoria
477 1123 640 1158 edentem
655 1125 847 1158 insectatus

166 1177 282 1211 suerat
311 1179 459 1215 Noster,
492 1178 606 1224 epigr.
630 1189 691 1212 xv1
723 1185 758 1211 et
786 1189 846 1210 ΠΧ

165 1243 288 1276 supra:
301 1243 379 1277 quae
394 1230 610 1271 excusando,
623 1231 730 1276 magis
744 1229 847 1263 ludos

166 1293 303 1318 accusat
323 1294 357 1318 et
374 1284 505 1319 illudit.
521 1284 625 1318 Hunc
644 1285 746 1329 fingit
764 1284 847 1317 sub-

166 1338 296 1371 iratum
319 1338 365 1371 oh
396 1338 471 1372 haec
493 1346 704 1379 scommata,
721 1346 755 1371 et
776 1337 847 1382 pla-

165 1403 244 1424 care
269 1399 380 1425 tentat
409 1390 594 1437 probando
622 1404 657 1424 se
683 1403 746 1425 suo
769 1392 847 1436 jure

166 1444 300 1478 fecisse.
308 1445 375 1478 ΕΒ.
384 1444 467 1478 Noli
477 1445 580 1478 nobis
591 1445 692 1478 irasci
702 1470 711 1485 ,
726 1442 846 1485 cerdo,

165 1510 238 1530 11011
257 1497 450 1543 carpsimus
469 1511 585 1532 mores
597 1523 607 1540 ‚
625 1497 687 1532 sed
703 1497 771 1531 vile
790 1510 846 1531 ar·-

167 1550 318 1584 tificium
330 1577 340 1592 ,
355 1551 410 1585 vel
425 1551 542 1598 potius
559 1559 669 1585 artem
680 1549 847 1597 gladiato-

165 1604 253 1638 riam
265 1630 274 1647 ,
287 1604 367 1638 licet
378 1605 484 1650 jocati
498 1605 574 1639 sine
587 1606 686 1639 famae
697 1606 846 1651 jactura,

166 1666 205 1690 ut
219 1657 281 1690 lib.
295 1658 341 1699 V,
351 1656 441 1691 dixit
454 1670 462 1692 :
475 1675 489 1688 α
503 1659 681 1692 Innocuos
700 1670 847 1692 censura

166 1718 282 1756 potest
301 1711 505 1756 permittere
531 1712 638 1745 lusus.
656 1729 669 1741 n
688 1711 844 1744 Rada-us.

218 1785 270 1790 ——-
289 1764 412 1810 Neque
433 1764 470 1797 in
485 1764 553 1798 hoc
572 1763 766 1810 quidquam
785 1776 846 1797 va-

166 1816 259 1851 riant
287 1826 347 1850 aut
373 1818 584 1863 exemplaria
610 1818 758 1863 scripta,
790 1826 848 1851 aut

166 1870 266 1915 prelo
287 1871 544 1917 typographico
564 1883 699 1905 excusa.

223 1935 256 1956 2.
277 1925 345 1957 Ars
365 1932 420 1957 tua
433 1951 442 1965 ,
463 1937 525 1956 non
543 1928 612 1957 vita
628 1932 691 1964 est,
711 1932 774 1957 etc.
791 1923 847 1957 Sic

166 1976 303 2010 Bolaeus
321 1985 442 2010 noster
458 2003 468 2019 ,
489 1986 552 2011 sat.
572 1978 624 2010 IX
640 1990 647 2011 :

168 2038 214 2062 Ma
224 2048 294 2063 muse
303 2057 310 2068 ,
324 2049 355 2063 en
368 2039 529 2073 l'attaquaut,
541 2040 678 2065 charitable
692 2047 718 2064 et
730 2039 846 2069 discrssug

167 2084 223 2110 Sait
235 2086 265 2110 de
277 2086 396 2111 l'homme
408 2087 554 2113 d’honneur
564 2089 708 2121 distinguer
720 2087 743 2112 le
762 2088 846 2122 poete.

222 2186 256 2220 3.
277 2186 343 2221 Cur
362 2188 466 2221 ludere
487 2189 585 2223 nobis.
609 2189 645 2223 Si
666 2136 761 2224 {iiim
780 2190 845 2224 tibi

904 1014 1005 1049 licuit
1030 1026 1158 1048 munus
1183 1012 1286 1047 edere
1306 1013 1343 1046 in
1366 1025 1437 1058 quo
1460 1011 1592 1058 gladia-

905 1077 999 1102 tores
1015 1094 1024 1110 ,
1045 1080 1146 1102 verso
1176 1067 1305 1113 pollice
1332 1066 1428 1112 vulgi
1453 1066 1590 1112 jugula-

905 1122 1062 1163 bantur,
1083 1133 1147 1155 cur
1171 1121 1260 1154 mihi
1285 1119 1388 1154 ludos
1413 1132 1486 1153 11011
1514 1120 1587 1165 gla-

906 1174 1075 1209 diatorios
1096 1173 1158 1208 sed
1181 1175 1338 1221 poeticos
1359 1175 1473 1207 facere
1490 1172 1587 1206 haud

904 1228 1025 1263 liceret
1044 1227 1059 1261 ?
1085 1228 1266 1261 Juvenalis
1281 1253 1291 1270 ‚
1318 1235 1380 1262 sat.
1401 1228 1455 1260 ΙΠ
1472 1253 1482 1267 ,
1508 1225 1554 1266 34
1579 1238 1588 1260 :

908 1300 922 1313 u
939 1280 1132 1324 Quondam
1152 1281 1190 1315 hi
1211 1281 1409 1315 cornicines
1424 1307 1433 1322 ,
1455 1288 1490 1314 et
1510 1292 1590 1312 mu-

904 1335 1065 1381 nicipalis
1086 1347 1200 1369 arenae
1226 1334 1395 1380 Perpetui
1420 1333 1591 1375 comites,

905 1397 1067 1435 notaeque
1095 1401 1159 1434 per
1184 1387 1317 1435 oppida
1346 1388 1485 1427 buccae,
1509 1386 1590 1420 Mu-

904 1454 988 1475 nera
1010 1454 1109 1476 nunc
1129 1440 1243 1476 edunt
1258 1467 1268 1484 ,
1293 1449 1326 1475 et
1343 1453 1443 1474 verso
1460 1440 1589 1486 pollice

904 1495 1025 1541 vulgi,
1047 1496 1251 1537 Queinlibet
1277 1493 1444 1528 occidunt
1476 1506 1591 1539 popu-

905 1549 1035 1583 lariter.
1055 1566 1068 1578 n
1092 1549 1159 1582 ΕΒ.
1177 1570 1229 1575 —
1245 1549 1276 1581 A
1295 1548 1420 1593 majori
1439 1547 1589 1581 convin-

906 1603 955 1636 cit
973 1601 1177 1635 Cerdonem
1194 1614 1202 1635 :
1223 1602 1251 1635 si
1271 1602 1337 1635 tibi
1353 1601 1512 1647 jugulare
1528 1600 1592 1633 ho-

904 1656 1016 1690 mines
1029 1682 1038 1698 ‚
1058 1667 1121 1689 cur
1135 1655 1242 1689 nobis
1259 1668 1332 1689 non
1349 1655 1453 1688 liceat
1467 1652 1590 1687 ludere

905 1709 1089 1751 homines,
1119 1710 1139 1742 J
1144 1709 1294 1754 ugulasti
1316 1716 1452 1750 autem,
1476 1720 1586 1753 quum

905 1775 1036 1796 munus
1062 1761 1212 1804 dedisti,
1243 1762 1326 1796 licet
1352 1774 1436 1806 ergo
1462 1760 1586 1794 ludere

909 1816 947 1849 in
964 1817 1101 1849 corium
1122 1824 1241 1856 tuum,
1262 1814 1363 1861 quod
1381 1815 1465 1848 item
1484 1816 1589 1860 jugu-

905 1869 994 1902 lasti.
1006 1868 1159 1902 Videtur
1171 1877 1274 1914 poeta
1294 1868 1399 1901 simul
1414 1867 1589 1912 respicere

906 1922 1014 1967 pelles
1042 1922 1196 1955 serarum
1223 1921 1479 1967 jugulatarum‚
1503 1933 1588 1966 quas

906 1975 1094 2016 trahebat,
1130 1975 1319 2015 tractabat,
1344 1974 1493 2007 vellebat
1520 1986 1587 2018 pro

907 2029 1078 2062 arbitratu
1109 2027 1216 2061 cerdo
1232 2054 1241 2069 ,
1269 2036 1304 2060 et
1326 2028 1392 2060 alio
1413 2026 1584 2060 interiore

908 2094 1013 2115 sensu
1036 2082 1209 2114 homiues.
1228 2081 1385 2114 Eadm-us.
1416 2080 1589 2113 Subtilior

908 2144 1024 2169 tamen
1038 2143 1072 2168 et
1089 2148 1130 2168 ex
1149 2135 1293 2181 obliquo
1311 2134 1470 2170 arcessita
1484 2133 1588 2167 nimis

907 2189 1102 2235 explicatio.
1124 2188 1192 2222 En.
