2061 3288
467 242 563 270 202

847 227 908 269 M.
934 227 1075 270 VAL.
1116 228 1509 276 MARTIALIS

606 313 841 375 Splendida
864 316 918 358 sit
940 314 1065 371 nolo,
1096 316 1269 360 sordida
1293 317 1396 361 nolo
1421 319 1545 362 cutis.

535 385 628 429 Nec
656 385 733 428 tibi
763 386 1017 440 mitrarum,
1048 403 1129 430 nec
1157 387 1211 431 sit
1237 387 1314 431 tibi
1345 388 1483 432 barba
1509 405 1698 432 reorum.

603 455 719 500 Nolo
749 457 888 499 virum
919 457 1098 500 nimium
1116 494 1127 513 ‚
1149 459 1360 512 Pannice‚
1387 458 1489 503 nolo
1514 475 1683 520 parum.

533 527 643 570 Sunt
672 526 749 570 tibi
775 543 904 571 crura
926 526 1047 588 pilis,
1069 537 1112 572 et
1138 539 1239 572 sunt
1263 529 1340 572 tibi
1364 538 1542 591 pectora
1569 530 1667 574 setis
1865 553 1879 576 s

604 597 792 642 Horrida
820 615 827 641 :
852 598 925 642 sed
953 615 1075 642 mens
1102 609 1188 655 est,
1213 600 1561 655 Pannice,vulsa
1587 600 1675 644 tibi.

463 750 538 772 mos
562 739 745 773 muliebris
775 748 825 773 est
854 741 915 786 qui
941 741 1057 773 virum
1079 740 1136 773 de-

462 791 585 825 decet:
610 792 750 826 eosdem
784 794 944 835 turbare,
967 793 1062 826 aliud
1093 802 1143 827 est

464 853 676 886 extremum,
698 845 793 891 quod
809 845 943 892 aliquid
958 847 1063 880 habet
1078 847 1141 880 feri

462 906 495 932 et
513 899 644 932 rustici.
664 899 730 933 En.

518 964 550 985 2.
571 951 757 997 Splendida.
781 953 979 998 Unguentis
999 978 1008 995 ,
1035 954 1114 987 fuco
1132 979 1140 993 ‚

462 1012 570 1039 etc....
590 1025 642 1031 —
658 1005 811 1039 Sordida.
843 1024 856 1036 a
879 1007 941 1040 Est
959 1006 1085 1040 modus
1105 1007 1141 1040 in

461 1058 585 1100 rebus,
606 1068 687 1092 sunt
705 1060 790 1093 certi
809 1058 962 1105 denique
981 1059 1079 1093 fines.
1103 1078 1115 1089 n

516 1110 549 1144 3,
572 1112 757 1146 ‚Mitt-arum.
779 1113 901 1146 Mitras
919 1114 1140 1159 gestantium.

460 1165 513 1197 De
533 1165 660 1210 quihus
677 1175 794 1199 autem
814 1166 980 1212 loquatur
997 1167 1142 1200 Martia-

460 1216 502 1250 lis
518 1243 526 1256 ,
546 1231 617 1251 non
642 1220 732 1253 clare
750 1227 856 1265 patet.
884 1222 938 1252 An
966 1219 1010 1252 de
1031 1220 1143 1266 Phry-

460 1270 560 1315 gibus
583 1266 678 1315 (vid.
703 1273 800 1318 Virg.
820 1273 881 1306 lib.
899 1274 965 1313 IV,
982 1286 1014 1306 v.
1043 1286 1059 1305 2
1072 1276 1113 1306 16
1132 1288 1140 1313 ς

461 1331 495 1356 et
519 1324 581 1358 lib.
610 1326 680 1367 IX,
706 1338 740 1360 v,
765 1324 886 1367 616),
913 1326 972 1371 qui
1005 1339 1140 1359 summo

460 1377 560 1410 cultu
594 1379 739 1412 barbam
767 1378 998 1412 nutriebant?
1022 1381 1077 1412 An
1097 1379 1141 1412 de

459 1431 680 1465 mollioribus
697 1433 864 1465 Romanis
882 1432 943 1478 qui
962 1432 1064 1465 mitra
1080 1431 1141 1466 de-

457 1482 619 1517 liciarum
641 1498 743 1518 causa
773 1486 982 1526 utebantur,
1003 1493 1037 1518 et
1061 1486 1139 1520 har-

459 1536 540 1569 bam
570 1537 614 1570 ad
644 1539 823 1583 speculum
846 1539 1023 1583 eleganter
1045 1551 1142 1571 com-

460 1590 640 1634 ponebant
656 1591 670 1623 ?
690 1594 745 1624 An
765 1592 869 1625 etiam
888 1591 933 1624 de
950 1591 1118 1624 matronis
1131 1617 1140 1631 ,

461 1643 522 1687 qui
552 1643 674 1677 mitras
700 1643 885 1678 ferebant?
907 1645 954 1678 ita
982 1653 1021 1677 ut
1042 1644 1140 1676 barba

461 1698 623 1729 mitrarum
654 1698 712 1736 hic
740 1698 911 1743 significet
940 1698 1047 1730 barba
1071 1707 1140 1731 tam

462 1758 619 1783 accurate
646 1750 812 1796 depilata,
844 1760 882 1784 ut
906 1751 1000 1783 nulla
1022 1751 1085 1792 sit,
1106 1760 1140 1784 et

461 1811 622 1836 mentum
645 1803 831 1849 depilantis
852 1804 948 1849 quasi
969 1804 1140 1837 muliebre

460 1854 647 1889 videatur?
662 1857 788 1890 Sensus
809 1856 948 1891 videtur
968 1869 974 1889 :
995 1869 1038 1890 ue
1059 1858 1139 1891 bar-

460 1908 538 1941 bam
555 1910 700 1943 omnino
718 1923 867 1952 reseces,
884 1911 930 1943 ita
945 1919 984 1943 ut
1003 1910 1140 1944 feminae

460 1962 582 1995 similis
605 1962 666 1996 fias
683 1976 690 1996 ε
712 1964 766 1997 vel
785 1977 829 1997 ne
851 1963 1042 2008 elegantius
1058 1965 1137 1997 bar-

460 2014 538 2048 bam
561 2028 768 2062 componas,
786 2025 824 2050 ut
845 2017 961 2050 solent
979 2016 1138 2050 homines

460 2068 663 2103 effeminati.
683 2069 825 2104 Judicet
858 2071 978 2103 lector.
1001 2069 1067 2103 ΕΙ).
1087 2090 1138 2096 —-

459 2121 570 2154 Barba
589 2135 720 2156 reorum.
742 2123 814 2164 Qui
830 2117 973 2156 barba'm
993 2123 1139 2167 promis-

459 2186 531 2207 sam
550 2184 583 2208 et
597 2175 793 2222 squalidam
806 2176 944 2209 alebant
958 2202 967 2217 ‚
990 2184 1027 2209 ut
1043 2187 1137 2209 com-

459 2237 718 2263 mlseratlonem
741 2237 940 2263 excitarent.

1256 746 1288 781 [ᾗ.
1323 742 1358 772 V
1358 743 1436 774 irum
1457 745 1595 775 nimium.
1625 740 1818 775 Horridum
1848 751 1881 775 et

1200 794 1373 839 pilosum3
1390 794 1451 828 sed
1471 796 1551 828 volo
1574 804 1690 828 teneas
1711 794 1878 828 medium.

1202 846 1352 881 Ovidius
1364 872 1374 888 ‚
1392 851 1469 881 Art.
1485 850 1561 881 Am.
1574 848 1636 881 lib.
1651 849 1669 881 I
1687 861 1695 882 :
1720 865 1732 877 α
1752 849 1878 881 Forma

1201 901 1295 934 viros
1331 901 1485 946 neglecta
1522 900 1629 934 decet.
1660 919 1673 930 »
1709 923 1760 928 -
1794 901 1881 934 Nolo

1197 967 1322 999 purum.
1355 954 1483 987 Parum
1505 955 1571 987 viri
1595 953 1803 988 dicebantur
1830 955 1879 988 ef-

1206 1007 1375 1040 feminati.

1257 1060 1290 1093 5.
1322 1060 1417 1093 Nunc
1452 1060 1507 1093 tibi
1538 1073 1630 1092 crura
1665 1059 1748 1093 Ald.
1779 1060 1878 1092 Junt.

1202 1114 1319 1147 Colin.
1339 1113 1478 1160 Gerh.
1500 1114 1614 1146 Pulm.
1635 1113 1744 1159 Lang.
1767 1113 1883 1146 Rami-

1200 1179 1266 1200 res.
1299 1167 1443 1200 Junian.
1471 1166 1599 1212 Delph.
1631 1166 1779 1199 Farnab.
1814 1174 1880 1199 etc.

1200 1219 1285 1252 Sunt
1301 1220 1359 1253 tibi
1378 1220 1414 1253 in
1440 1228 1539 1253 textu
1571 1220 1675 1252 habet
1702 1219 1877 1252 Schrevel.

1201 1281 1235 1306 et
1258 1274 1293 1306 in
1315 1274 1408 1307 notis
1424 1273 1518 1306 Num:
1536 1273 1603 1306 cibi.
1624 1272 1756 1305 Barbou
1775 1272 1881 1306 habet

1202 1327 1326 1366 etiam,
1347 1326 1429 1360 Sunt
1445 1326 1512 1360 tibi.
1535 1347 1587 1352 --
1605 1326 1699 1358 Nunc
1717 1326 1791 1365 tibi,
1813 1333 1878 1358 etc.

1201 1379 1342 1422 Hispida
1355 1379 1490 1412 membra
1505 1379 1627 1424 quidem
1643 1405 1651 1419 ‚
1670 1387 1736 1412 etc.
1752 1379 1879 1411 Juven.

1200 1433 1269 1465 sat.
1292 1433 1344 1473 H,
1365 1445 1418 1466 vs.
1444 1444 1499 1465 10.
1518 1431 1764 1465 ——Setis.Pilis
1780 1443 1880 1476 gran-

1201 1484 1368 1518 dioribus.
1399 1507 1450 1511 —-
1478 1485 1642 1518 Mollium
1675 1493 1748 1517 erat
1777 1496 1880 1517 crura

1199 1537 1356 1583 depilare
1370 1564 1379 1579 ,
1401 1546 1608 1584 caeterasque
1629 1537 1733 1571 etiam
1751 1549 1880 1582 corpo-

1200 1592 1248 1624 ris
1266 1601 1392 1636 partes.
1412 1591 1495 1624 Vid.
1518 1591 1578 1624 lib.
1599 1592 1648 1632 V,
1668 1590 1777 1636 epigr.
1797 1602 1857 1623 Lu
1870 1616 1880 1632 ,

1200 1657 1232 1677 v.
1256 1646 1296 1685 5;
1319 1645 1380 1677 lib.
1398 1645 1431 1677 Χ
1447 1670 1456 1685 ,
1474 1644 1584 1689 epigr.
1606 1656 1684 1685 va,
1701 1656 1736 1677 v.
1754 1656 1797 1688 93
1816 1643 1878 1676 lib.

1200 1697 1270 1730 XII
1283 1724 1291 1738 ‚
1311 1697 1422 1742 epigr.
1440 1709 1579 1730 xxxvnI
1593 1723 1602 1738 ‚
1620 1709 1653 1730 v.
1677 1700 1697 1736 4
1709 1723 1718 1740 ,
1733 1704 1800 1729 etc.

1256 1753 1288 1784 6.
1330 1751 1399 1783 Pro
1429 1751 1522 1783 ‘vulsa
1556 1759 1637 1783 sunt
1673 1749 1735 1795 qui
1764 1750 1881 1794 legant

1199 1804 1302 1836 volsa.
1331 1824 1382 1829 —-
1410 1804 1503 1837 Mens
1536 1804 1638 1836 vulsa.
1670 1802 1880 1848 Metaphora

1200 1865 1249 1889 est
1267 1869 1275 1890 :
1296 1869 1394 1890 mens
1409 1857 1502 1890 enim
1520 1868 1633 1901 neque
1648 1855 1801 1896 hirsuta,
1819 1867 1881 1888 ne·

1199 1921 1267 1955 que
1283 1910 1380 1943 vulsa
1391 1918 1440 1943 est
1454 1923 1463 1951 ;
1477 1919 1511 1943 at
1522 1908 1632 1942 menti
1643 1908 1766 1941 tribuit
1781 1907 1877 1953 quod

1199 1963 1400 1996 effeminato
1425 1962 1566 2007 corpori
1587 1962 1766 1995 convenit.
1792 1961 1873 1993 Non

1198 2015 1416 2060 praecipuum
1439 2024 1510 2054 est,
1530 2024 1568 2048 ut
1589 2024 1622 2048 te
1644 2015 1760 2047 virum
1781 2025 1870 2059 prae-

1198 2077 1265 2102 stes
1295 2069 1419 2102 habitu
1439 2067 1597 2114 corporis
1612 2093 1621 2109 ‚
1643 2066 1739 2113 quod
1757 2078 1871 2112 neque

1197 2122 1343 2155 horrere
1362 2130 1503 2167 oportet
1524 2121 1632 2154 nimia
1653 2120 1846 2153 rusticitate
1865 2132 1874 2161 ;

1198 2173 1259 2208 sed
1281 2174 1396 2220 potius
1417 2175 1533 2207 animo
1559 2173 1641 2207 forti
1661 2182 1694 2207 et
1716 2173 1875 2206 moribus

1197 2228 1383 2273 generosis.
1404 2228 1470 2261 En.
