2061 3288
420 253 530 281 xle
656 241 1124 289 DISSERTATIO
1162 247 1250 289 DE
1289 247 1596 293 lNGENlo

491 328 547 369 Et
569 328 743 388 quidem
768 331 886 390 quod
916 334 1036 392 prius
1061 333 1297 394 objiciunt,
1318 335 1533 394 adulatio,
1556 337 1612 381 ad
1637 337 1825 383 indolem

423 397 565 441 minus
595 400 805 459 pertinet,
834 418 964 462 quam
988 403 1042 447 ad
1071 405 1232 466 ingenii
1262 423 1420 467 genus3
1443 417 1486 451 et
1510 417 1708 469 poetam,
1737 427 1827 454 non

422 467 642 513 hominem
671 473 983 518 aestimantibus
1014 475 1115 536 quid
1143 477 1222 520 nisi
1247 476 1301 520 de
1327 478 1502 540 ingenio
1527 479 1827 524 disserendum

420 536 515 582 est?
537 541 595 584 At
622 557 672 585 ea
708 552 773 587 est
809 543 1037 589 hominum
1074 546 1334 604 multitudo,
1372 550 1445 611 qui
1479 560 1642 595 temere
1681 553 1828 596 omnia

420 610 737 657 confundentes
773 614 828 658 ab
866 615 1010 661 indole
1039 618 1094 662 ad
1131 619 1375 680 ingenium,
1402 637 1427 664 a
1462 622 1551 665 vita
1577 621 1633 665 ad
1665 623 1828 684 scripta

419 681 685 738 transiliunt,
706 695 749 729 et
767 686 801 730 si
820 687 914 747 quis
934 704 1090 748 parum
1110 689 1234 734 fortis
1251 692 1483 748 exstiterit,
1500 692 1681 737 subinde
1695 694 1827 754 ipsius

419 768 552 811 opera
572 756 696 814 parvi
717 756 908 814 faciunt,
928 768 976 802 ut
997 760 1088 804 istis
1108 760 1305 821 quaedam
1336 762 1380 805 in
1405 773 1595 807 mentem
1620 780 1827 808 revocare

418 826 706 869 necessarium
737 828 803 871 sit.
837 830 1142 875 Recordentur
1171 848 1275 893 ergo
1301 832 1637 891 obtrectatores,
1671 834 1827 896 quibus

418 897 702 954 temporibus,
719 898 834 959 quali
851 901 894 943 in
907 902 1028 946 Urbe
1048 904 1268 964 scripserit
1281 904 1506 948 Martialis.
1517 904 1689 949 Scilicet
1702 905 1825 966 quid-

419 965 522 1024 quid
552 968 774 1028 Augustus
812 981 854 1014 et
883 973 1051 1032 priores
1077 976 1269 1018 Caesares
1298 973 1507 1020 libertatis
1537 975 1826 1036 reliquerant,

417 1047 605 1081 cesserat
624 1056 632 1082 :
654 1056 734 1084 nec
759 1042 945 1086 ruebant
970 1045 1172 1104 Equites,
1196 1047 1346 1089 Patres
1366 1047 1409 1088 in
1431 1047 1680 1100 servitium,
1713 1048 1825 1090 servi

416 1122 567 1151 omnes
592 1111 885 1156 nascebantur
906 1131 915 1157 ε
943 1124 984 1158 et
1005 1115 1244 1176 siquando,
1270 1117 1476 1177 principis
1504 1116 1660 1174 fastus,
1688 1116 1825 1161 incle-

415 1179 646 1235 mentiam,
665 1181 949 1228 deliramenta
971 1188 1166 1247 pertaesi,
1188 1187 1342 1248 jugum
1370 1186 1620 1249 fregissent,
1645 1187 1827 1233 subinde

414 1247 695 1312 aliudjugum
711 1255 924 1316 capitibus
939 1258 1026 1301 suis
1046 1258 1344 1319 imponebant,
1358 1268 1423 1302 sat
1439 1259 1520 1302 rati
1540 1260 1573 1303 si
1592 1269 1825 1320 tyrannum

415 1323 726 1380 excussissem,
749 1342 837 1369 non
858 1328 1145 1386 tyrannidem.
1165 1331 1276 1373 Tum
1301 1346 1396 1390 quae
1419 1331 1614 1390 potentia
1641 1331 1824 1391 impera-

416 1392 521 1435 toris
547 1409 639 1437 csse
670 1395 803 1457 vulgo
836 1397 1100 1455 habebatur,
1131 1416 1179 1444 ea
1215 1399 1398 1444 militum
1429 1411 1546 1457 erat;
1568 1402 1686 1462 atqui
1718 1417 1827 1444 nun-

415 1478 545 1521 quam
568 1467 748 1525 pronius
774 1469 889 1512 cives
914 1469 1160 1527 adulantur,
1187 1470 1467 1527 famulantur,
1493 1488 1623 1532 quam
1648 1471 1722 1515 ubi
1749 1472 1824 1514 mi-

416 1531 538 1578 litare
562 1538 808 1593 servitium,
831 1539 1015 1585 militare
1037 1542 1266 1603 imperium
1292 1552 1368 1586 est.
1393 1542 1512 1599 Quid
1532 1552 1636 1586 tunc
1658 1542 1828 1586 fecisset

417 1605 575 1663 poeta?
599 1608 856 1665 obstitisset,
884 1613 1102 1669 Catones,
1137 1616 1320 1668 Brutos,
1351 1629 1510 1674 magna
1541 1623 1583 1657 et
1609 1629 1720 1656 vana
1748 1629 1824 1657 ca·—

415 1676 550 1720 nens?
576 1695 675 1722 mox
707 1681 761 1725 ad
792 1681 978 1727 illustres
1006 1685 1172 1728 animas
1202 1686 1368 1728 socium
1397 1684 1641 1728 demisisset
1662 1693 1824 1745 praeto-

416 1748 638 1794 rianorum
663 1753 787 1796 ensis.
809 1754 1061 1799 Tacuisset?
1079 1754 1382 1799 clamavissent
1405 1754 1643 1810 delat0res3
1664 1764 1708 1798 et
1731 1771 1826 1815 quae

416 1819 711 1882 obstrepenti,
741 1824 891 1867 cadem
920 1827 1079 1870 tacenti
1105 1843 1233 1887 poena
1262 1828 1452 1887 irrogata
1473 1836 1595 1870 esset.
1622 1825 1825 1869 Laudan-

416 1889 518 1934 dum
548 1909 652 1954 ergo
679 1906 782 1954 erat.
807 1898 862 1939 At
883 1895 951 1939 illa
978 1897 1190 1942 duntaxat
1213 1897 1426 1953 laudavit,
1452 1914 1546 1957 quae
1572 1897 1705 1951 bene,
1731 1912 1826 1956 quae

414 1962 574 2021 probe,
594 1982 689 2026 quae
711 1966 935 2027 splendide
955 1968 1067 2012 facta
1090 1978 1234 2023 erant,
1256 1978 1331 2012 aut
1355 1985 1450 2029 quae
1477 1967 1674 2011 laudibus
1697 1965 1826 2010 nullis

415 2032 566 2094 digna,
587 2053 667 2080 nec
686 2039 893 2082 saevitiam
919 2056 999 2083 nec
1018 2041 1344 2100 imperatoriam
1362 2040 1655 2099 arrogantiam
1676 2054 1828 2098 argue-

416 2102 534 2148 bant.
571 2108 641 2151 Sic
677 2110 794 2152 canit
824 2109 979 2154 Flaviae
1013 2112 1130 2172 genti
1161 2120 1380 2154 exstructa
1413 2109 1598 2170 templa,
1635 2108 1825 2152 additam

415 2178 626 2222 Romanis
652 2180 730 2223 viis
757 2179 1052 2237 latitudinem,
1078 2183 1284 2242 principis
1308 2181 1650 2225 munificentiam
1676 2181 1718 2223 in
1749 2179 1826 2222 do·-

418 2249 573 2292 nativis
605 2260 647 2294 et
683 2251 964 2312 spectaculis,
996 2269 1181 2313 quaruin
1217 2269 1362 2296 rerum
1408 2251 1543 2313 gloria
1578 2268 1631 2295 ne
1662 2249 1824 2326 malum

417 2320 589 2379 quidem
628 2339 775 2384 regem
814 2323 1062 2367 defraudari
1105 2323 1229 2377 licet,
1258 2324 1318 2367 sic
1362 2324 1558 2384 inprimis
1597 2321 1701 2365 illud
1736 2320 1823 2364 edl-

416 2399 534 2434 ctum
561 2393 788 2451 praedicat,
818 2412 904 2455 quo
931 2396 1069 2439 vetuit
1093 2395 1372 2439 Domitianus
1398 2394 1536 2438 excidi
1567 2392 1751 2436 infantes
1784 2401 1826 2434 et

416 2472 515 2505 ante
547 2472 715 2508 aetatem
747 2467 962 2525 prostitui.
992 2469 1096 2510 Haec
1135 2467 1289 2510 merito
1323 2465 1538 2510 celebrata
1575 2480 1703 2506 nemo
1738 2479 1824 2505 non

417 2532 634 2577 fatebitur.
670 2536 814 2592 Quid,
848 2554 982 2597 quum
1020 2539 1223 2581 victorias
1258 2536 1384 2580 falsas
1424 2535 1569 2578 laudat
1601 2544 1643 2577 et
1674 2534 1823 2610 trium-

418 2604 551 2663 phun]
584 2608 853 2651 ementitium
888 2607 940 2651 de
971 2609 1224 2660 Germanis,
1258 2609 1413 2668 emptis
1450 2623 1524 2667 per
1564 2620 1822 2650 commercia
