2061 3288
420 234 518 287 244
796 230 857 272 M.
881 230 1025 273 VAL.
1067 229 1452 272 MARTIALIS

554 317 715 362 Martia
746 335 835 362 non
861 318 971 362 vidit
998 318 1139 378 majus
1167 334 1299 362 arena
1326 318 1460 362 nefas.

482 389 739 435 Exclamare
765 388 872 433 libet
896 406 904 432 ι
932 388 1155 445 Crudelis,
1179 388 1371 450 perfide,
1399 388 1572 450 praedo,

556 462 593 504 A
622 469 771 504 nostra
803 461 948 521 pueris
980 476 1160 521 parcere
1192 459 1309 504 disce
1338 457 1459 520 lupa!
1803 487 1832 502 10

412 599 496 646 quia
521 598 628 632 tristis
651 599 818 632 facinoris
838 597 947 632 tristis
971 606 1096 632 auctor

412 653 576 687 innoxios
594 652 759 686 mactavit
775 664 903 698 pueros
915 677 924 691 ‚
942 652 998 685 vel
1014 652 1096 697 quia

413 707 487 752 ipse
505 715 624 752 postea
643 706 846 740 interfectus
868 713 929 738 est.

470 760 504 794 8.
530 760 654 793 Martia
677 772 783 791 arena.
813 760 854 792 In
883 770 951 804 qua
978 765 1097 791 tamen

412 811 523 846 caedes
550 813 820 858 quamplurimae
846 811 1097 857 perpetraban-

412 874 482 898 tur.
508 866 633 898 Martia
652 864 867 905 (licitur‚vel
887 864 968 909 quia
991 864 1097 897 Marti

414 930 508 951 sacra
530 927 564 951 et
590 919 717 963 pugnis
739 917 955 963 gladiatoriis
976 930 1097 952 conse-

414 979 507 1004 crata
522 984 531 1013 3
553 972 608 1004 vel
627 971 709 1017 quia
729 973 886 1005 Romana
902 997 911 1014 ‚
927 979 965 1004 ut
979 971 1043 1004 lib.
1063 971 1097 1011 I,

415 1025 525 1070 epigr.
549 1037 599 1066 1v‚
615 1037 665 1058 vs.
692 1029 723 1064 4.

1211 611 1246 643 9.
1265 598 1459 631 Exclamare
1480 597 1564 630 libet.
1589 595 1673 631 Vid.
1695 597 1756 630 lib.
1778 597 1834 640 X,

1157 651 1268 697 epigr.
1289 663 1391 692 xxx1‚
1411 663 1460 684 vs.
1484 650 1502 684 5
1517 677 1526 693 ‚
1544 650 1607 683 ubi
1625 649 1745 684 eadem
1765 651 1836 684 for-

1157 705 1262 738 mula.

1216 770 1272 791 10.
1294 757 1415 791 Nostra
1432 752 1519 802 lupa.
1536 757 1621 798 Quae
1637 769 1709 790 non
1729 755 1837 790 modo

1159 811 1310 844 Romulo
1331 819 1366 844 et
1382 811 1493 843 Remo
1509 810 1700 843 infantibus
1716 822 1840 856 peper-

1158 864 1224 905 cit,
1242 863 1302 897 sed
1317 864 1410 909 ipsos
1429 863 1596 896 uberibus
1615 863 1763 896 admotis
1776 876 1840 896 nu·

1159 917 1268 951 trivit.
1295 917 1378 950 Haec
1405 917 1551 950 historia
1576 917 1655 950 satis
1680 925 1762 950 nota
1788 924 1839 949 est

1159 982 1201 1003 ex
1229 970 1416 1004 Plutarcho
1443 970 1479 1002 in
1514 970 1687 1011 Romulo,
1719 969 1838 1010 Livio,

1159 1023 1254 1057 Flor.
1270 1031 1304 1057 et
1316 1023 1406 1057 aliis.

986 1158 1275 1214 LXXVI.

970 1319 1038 1349 DE
1089 1320 1290 1348 MARIO.

485 1449 699 1492 Anfflzwm
732 1446 864 1490 libras
889 1447 1057 1490 Marius
1087 1447 1163 1490 tibi
1191 1447 1382 1507 quinque
1409 1444 1594 1506 reliquit.

562 1519 645 1562 Cui
678 1517 784 1561 nihil
816 1519 908 1579 ipse
940 1517 1098 1570 dabas,
1128 1518 1162 1561 is
1194 1517 1268 1560 tibi
1300 1517 1436 1560 verba
1463 1516 1596 1560 dedit.

474 1671 505 1691 1.
539 1657 679 1702 Argenti
714 1656 825 1689 libras.
855 1656 910 1688 Ab
939 1654 1103 1688 instituto

419 1709 556 1744 haerede
580 1709 712 1742 Marius
739 1707 983 1754 haeredipetae,
1003 1709 1104 1752 cujus

419 1777 549 1797 nomen
575 1763 777 1808 ignoratur,
801 1761 945 1806 reliquit
966 1768 1107 1793 tantum

421 1818 577 1863 quinque
606 1816 711 1848 libras
738 1815 893 1860 argenti,
922 1812 1016 1846 unde
1044 1812 1106 1847 de-

421 1880 544 1916 ceptus
573 1878 644 1909 est,
672 1868 795 1901 relicto
820 1879 947 1913 nempe
978 1866 1106 1912 exiguo

423 1924 581 1969 quinque
606 1922 777 1955 librarum
808 1920 941 1966 argenti
968 1921 1081 1965 legato
1098 1946 1107 1962 ,

424 1989 535 2022 quum
548 1983 656 2009 totam
670 1973 911 2008 haereditatem
929 1983 1107 2019 exspecta·-

425 2038 479 2063 ret
500 2037 657 2075 captator
679 2028 749 2061 ille.
778 2028 820 2060 In
849 2040 890 2060 eo
911 2028 1009 2072 jocus
1034 2035 1107 2067 est,

426 2082 522 2128 quod
553 2094 663 2127 quum
701 2081 806 2114 verba
841 2088 1001 2121 tantum,
1037 2092 1108 2111 non

426 2148 572 2168 munera
585 2161 593 2175 ‚
613 2134 726 2166 Mario
749 2132 902 2167 dedisset
922 2141 1081 2178 captator
1098 2153 1107 2170 ‚

427 2188 579 2223 vicissim
607 2187 738 2220 Marius
767 2186 875 2219 ⁴verba
904 2185 1020 2227 dedit,
1049 2198 1110 2218 seu

429 2242 529 2275 illum
543 2254 602 2287 spe
614 2254 673 2274 sua
691 2240 885 2274 frustravit.
904 2241 919 2271 l
932 2239 1010 2271 ssorba
1023 2239 1111 2281 dare,

429 2295 537 2328 latine
570 2303 622 2328 cst
649 2294 798 2339 decipere.
827 2291 920 2325 Vide
940 2291 1046 2325 Ovid.
1067 2291 1110 2325 de

430 2349 515 2380 Arte
553 2346 728 2388 Amandi,
755 2360 788 2379 v.
832 2348 914 2379 166.
957 2366 1009 2372 —
1043 2345 1109 2377 Vel

430 2401 534 2433 etiam
550 2401 703 2445 intellige
716 2399 869 2432 Marium
885 2412 957 2432 non
971 2399 1109 2432 solven-

432 2452 478 2486 do
496 2466 567 2485 esse
580 2462 725 2499 propter
740 2451 870 2498 grande
887 2465 929 2485 ως
943 2452 1109 2492 alienum,

432 2515 465 2539 et
486 2505 566 2539 idco
588 2506 692 2538 inane
720 2519 791 2539 esse
815 2505 975 2539 relictum
999 2505 1042 2537 ab
1069 2517 1109 2538 eo

1162 1655 1327 1700 legatum.
1352 1654 1419 1687 En.
1441 1675 1493 1681 —
1516 1652 1586 1687 Sed
1606 1654 1710 1699 longe
1727 1652 1844 1687 diver—

1163 1721 1220 1741 sus
1234 1715 1296 1748 est,
1307 1719 1412 1752 quem
1423 1707 1634 1740 Ramiresius
1655 1706 1846 1752 adoptavit,

1165 1773 1305 1799 sensus,
1340 1760 1470 1793 scilicet
1493 1772 1500 1793 :
1532 1760 1685 1793 Marium
1708 1772 1845 1805 semper

1165 1814 1368 1859 neglexeras
1385 1813 1556 1846 incultum
1573 1839 1582 1855 ‚
1602 1826 1668 1846 nec
1690 1813 1845 1846 muneri-

1165 1868 1229 1900 bus
1253 1866 1365 1900 missis
1387 1868 1459 1912 ejus
1481 1867 1640 1911 captabas
1660 1865 1845 1899 haeredita-

1167 1929 1236 1954 ten]
1253 1933 1262 1962 ;
1280 1920 1387 1965 igitur
1405 1931 1516 1965 quum
1544 1927 1578 1952 te
1597 1918 1773 1952 haeredem
1790 1920 1844 1952 in-

1167 1973 1302 2014 stituit,
1322 1971 1386 2006 tibi
1408 1973 1507 2004 verba
1525 1972 1634 2013 dedit,
1657 1971 1694 2005 id
1713 1981 1784 2014 est,
1813 1980 1846 2006 te

1168 2026 1307 2071 decepit
1330 2025 1420 2058 nihil
1441 2024 1553 2058 simile
1575 2034 1845 2071 exspectantem.

1170 2079 1278 2112 Verba
1299 2079 1376 2111 dare
1399 2079 1493 2111 enim
1519 2087 1570 2112 est
1595 2089 1760 2124 praestare
1783 2079 1845 2111 ali-

1170 2131 1257 2178 quid
1286 2131 1383 2177 quod
1411 2140 1537 2177 praeter
1567 2145 1664 2178 spem
1697 2131 1843 2165 accidit:

1169 2185 1230 2231 qui
1252 2197 1371 2218 sensus
1402 2198 1474 2218 non
1498 2186 1600 2219 nobis
1624 2186 1776 2219 insulsus
1794 2185 1846 2218 vi-

1169 2238 1273 2272 detur
1289 2251 1297 2272 :
1317 2237 1452 2284 judicet
1468 2239 1590 2272 lector.
1612 2240 1680 2271 Eo.

1226 2306 1258 2325 2.
1280 2291 1451 2325 Nonnulli
1480 2291 1617 2325 codices
1641 2292 1817 2325 habebant
1837 2303 1846 2324 ε

1172 2345 1234 2378 Cui
1251 2346 1346 2385 nihil,
1372 2346 1459 2386 Isse,
1491 2345 1590 2377 dahas
1606 2373 1615 2385 ,
1646 2353 1686 2378 ut
1713 2346 1779 2378 Isse
1805 2345 1849 2377 sit

1170 2399 1357 2444 proprium
1373 2411 1520 2439 nomen,
1532 2397 1630 2443 quod
1646 2410 1717 2431 non
1731 2397 1849 2442 displi-

1170 2460 1223 2484 cet
1252 2450 1453 2485 Calderino.
1482 2452 1551 2484 Pro
1579 2454 1605 2483 is
1637 2451 1714 2490 tihi,
1742 2448 1846 2483 codd.

1170 2505 1250 2537 Vat.
1273 2513 1307 2537 et
1328 2504 1465 2538 Thuan.
1496 2504 1660 2537 exhibent
1674 2530 1682 2543 ‚
1703 2504 1752 2535 ln'c
1780 2503 1846 2534 tihi.
