2061 3288
469 191 549 232 ET
586 190 898 232 OPERIBU
915 190 944 233 S
982 189 1387 233 MARTlALIS.
1477 205 1627 232 xxxix

286 276 486 322 Placetne
513 295 562 321 ex
593 278 865 338 grandisonis
889 287 932 321 et
957 276 1134 321 excelsis
1155 313 1165 327 ,

563 405 569 411 .
590 404 596 410 .
616 405 622 410 .
642 405 649 411 .
670 405 676 411 .
696 375 794 425 .apis
817 375 971 412 Matinae

632 442 743 476 More
762 439 954 489 modoque
966 468 975 485 ,
990 448 998 462 ¹

211 535 265 579 ad
295 536 580 580 minutissima
615 553 795 597 quaeque
827 535 1030 596 degredi?
1059 534 1117 578 nil
1149 535 1284 578 levius
1320 545 1437 579 certe
1466 536 1514 578 iis
1550 550 1620 578 sa-

208 605 344 661 libus,
369 607 441 667 qui
470 607 512 649 in
539 607 744 669 ambiguo
767 607 1001 650 verborum
1032 623 1160 650 sensu
1187 622 1371 649 acumen
1398 615 1620 667 quaerunt,

208 687 251 720 et
284 693 395 738 saepe
432 676 492 720 nil
521 678 829 733 miserabilius,
857 676 915 721 nil
956 677 1161 738 putidius,
1185 676 1422 722 Videamus
1461 692 1517 720 an
1548 677 1621 720 hic

206 748 367 792 Noster
394 748 603 809 insipidus
635 748 734 805 fiat3
757 758 799 792 et
836 748 890 791 de
921 765 971 792 eo
998 747 1259 803 dicendum,
1281 747 1399 808 quod
1435 747 1489 791 de
1524 749 1618 791 De-

207 819 434 863 mosthene
451 819 767 876 Quintilianus,
788 836 876 863 non
898 818 1166 880 displicuisse
1186 818 1244 862 illi
1261 819 1408 879 jocos,
1429 818 1503 863 sed
1530 835 1619 862 non

205 890 445 950 contigisse.
473 889 601 933 Haud
626 890 827 950 equidem
855 891 1126 951 epigramma
1158 889 1399 951 proferam,
1423 889 1540 950 quod
1571 888 1618 932 li-

204 959 359 1004 bidinis
387 977 473 1004 una
502 970 545 1004 et
570 962 761 1005 avaritiae
790 961 995 1005 feminam
1021 961 1257 1022 quamdam
1285 960 1539 1005 insimulans
1569 961 1618 1003 iis

204 1031 347 1075 verbis
375 1031 613 1075 clauditur:

420 1157 771 1166 ..............
782 1130 838 1166 vis
859 1130 968 1175 dare,
988 1144 1057 1166 nee
1075 1129 1167 1166 darc
1185 1130 1241 1167 vis
1258 1144 1264 1165 :
1283 1139 1295 1154 2

199 1220 381 1262 nimium
407 1221 521 1262 enim
544 1220 776 1263 obscoenus
800 1230 866 1263 est
888 1218 1126 1264 versiculus
1153 1221 1287 1280 prior,
1311 1235 1442 1280 quam
1471 1230 1518 1263 ut
1542 1219 1612 1263 hic

198 1299 428 1345 exaretur3
461 1289 535 1334 sed
571 1290 680 1345 hoc,
707 1290 823 1350 quod
856 1290 959 1333 huic
987 1289 1095 1334 falso
1124 1291 1375 1351 abjudicant
1408 1290 1612 1351 paedago—

199 1359 287 1420 guli
307 1355 542 1420 δοξόσοεροι,
563 1377 697 1421 quum
718 1359 942 1421 elegantiae
962 1377 1050 1404 non
1068 1377 1221 1422 expers
1243 1362 1316 1417 sit,
1336 1371 1378 1405 et
1395 1361 1547 1405 eodem
1568 1362 1611 1403 in

198 1431 334 1475 verbo
360 1431 509 1476 luserit
532 1422 803 1475 Juvenalis3:

353 1543 448 1580 Milo
468 1542 572 1579 domi
591 1555 668 1579 non
689 1552 765 1588 est3
787 1556 946 1594 peregre
965 1544 1110 1580 Milone
1132 1544 1309 1593 profecto

407 1611 510 1644 Arva
529 1616 665 1644 vacant
681 1623 688 1643 τ
704 1621 802 1644 uxor
822 1621 899 1644 non
919 1608 1044 1644 minus
1064 1608 1154 1645 inde
1173 1608 1284 1658 parit.

353 1675 431 1709 Cur
449 1673 496 1709 sit
516 1685 604 1722 ager
620 1672 776 1718 sterilis,
794 1685 863 1708 cur
882 1685 980 1708 uxor
997 1672 1140 1709 lactitet
1153 1701 1162 1718 ‚
1185 1672 1316 1717 edam3

406 1738 493 1781 Quo
515 1735 682 1772 fodiatur
703 1749 792 1785 ager
810 1749 886 1771 non
904 1735 1039 1781 habet,
1060 1749 1159 1772 uxor
1176 1735 1302 1772 habet.
1317 1738 1333 1763 4

193 1831 322 1875 Jubet
342 1831 427 1874 hoc
449 1829 561 1874 illius
584 1831 852 1885 meminisse,
873 1847 959 1891 quo
981 1847 1162 1874 uxorem
1184 1848 1358 1892 quoque
1379 1829 1604 1892 negligen-

193 1903 245 1946 tis
276 1902 419 1945 mariti
444 1900 759 1962 aliquantulum
790 1911 938 1957 vexat,
963 1901 1037 1945 sed
1065 1903 1269 1945 maritum
1302 1903 1549 1963 praecipue:

351 2005 548 2055 Crispulus
564 2005 633 2042 iste
653 2004 737 2054 quis·
757 2012 832 2050 est,
850 2005 962 2040 uxori
984 2017 1134 2054 semper
1154 2004 1277 2041 adhae1
1286 2014 1322 2041 et

404 2069 497 2116 Qui,
517 2069 689 2106 Mariane
701 2097 710 2115 ,
727 2071 828 2105 tuae?
844 2068 1031 2118 crispulus
1048 2069 1117 2105 iste
1133 2070 1217 2118 quis
1231 2071 1310 2106 est?

346 2134 484 2170 Nescio
503 2134 596 2183 quid
615 2133 777 2170 dominae
797 2142 965 2170 teneram
985 2134 1051 2184 qui
1070 2134 1188 2183 garrit
1207 2135 1245 2171 in
1263 2146 1391 2171 aurem
1411 2162 1419 2177 ,

401 2201 444 2234 Et
464 2199 591 2235 sellam
609 2197 740 2235 cubito
757 2197 973 2235 dexteriore
991 2198 1154 2248 premit?

249 2318 278 2338 1.
294 2304 415 2337 Horat.
431 2304 492 2337 lib.
513 2305 579 2345 IV,
595 2304 663 2338 Od.
685 2316 733 2344 Π,
758 2306 819 2337 28.

245 2371 275 2390 2.
293 2357 370 2390 Lib.
389 2357 477 2398 Vll,
491 2359 600 2402 epigr.
617 2370 718 2390 mcxv·

244 2412 274 2443 3.
292 2410 375 2443 Juv.
399 2408 468 2443 Sat.
488 2410 557 2451 IX,
575 2423 623 2443 vs.
651 2410 710 2450 45.

345 2473 438 2497 Servus
448 2474 495 2497 erit
509 2474 592 2496 minus
607 2472 643 2496 illi
663 2474 732 2496 inisti
750 2496 751 2501 ,
766 2482 808 2505 qui
822 2474 913 2497 l'mluiit
929 2482 1017 2505 ananu-
1033 2491 1038 2500 ,

346 2522 425 2549 Quam
446 2520 577 2544 dominum

245 2590 275 2619 A.
293 2585 369 2618 Lib.
385 2586 473 2625 ΥΠ,
493 2585 598 2630 epigr.
617 2597 677 2617 cii.
