2061 3288
433 226 531 282 346
807 230 868 272 M.
902 231 1042 274 VAL.
1083 232 1470 275 MARTIALIS

500 314 791 359 Castrandum
817 326 948 378 caput
972 326 1034 360 cst
1051 334 1059 360 ε
1079 333 1180 360 nam
1208 319 1263 362 sis
1284 317 1385 362 licet
1406 319 1585 379 inguine
1604 318 1774 373 Gallus,
1831 340 1843 363 5

569 387 701 430 Sacra
726 395 874 431 tamen
895 387 1079 448 Cybeles
1105 388 1269 449 decipis

484 528 516 561 5.
542 528 752 562 Castrandum
767 557 774 569 ,
791 539 854 564 etc.
870 531 916 564 Es
930 531 1024 564 enim
1042 531 1106 564 im-

427 582 508 627 puri
528 582 598 615 oris
618 591 650 615 et
671 583 769 616 malae
788 583 929 629 linguae.

419 631 451 642 x
483 637 516 667 6.
531 634 597 668 Hic
607 648 726 669 versus
742 637 831 669 male
845 637 1106 682 interpungitur

428 687 465 720 in
493 689 655 722 omnibus
685 689 757 722 fere
785 688 864 723 edd.
891 698 978 725 vett.
1004 690 1106 724 Sacra

1298 406 1306 432 :
1335 406 1410 433 ore
1437 390 1503 432 vir
1527 406 1583 433 cs.

1167 540 1268 564 tamen
1285 532 1415 578 Cybeles
1437 533 1552 578 decipis
1569 546 1622 565 ore
1634 560 1643 574 ‚
1665 535 1718 565 vir
1731 546 1772 565 es,
1795 548 1843 552 --

1169 585 1302 630 Cybeles
1331 586 1469 631 decipis,
1503 594 1567 619 etc.
1597 586 1653 619 Sic
1683 585 1743 618 lib.
1773 585 1844 624 XI,

1165 638 1275 683 epigr.
1302 651 1377 672 ιλιι
1399 651 1407 672 :
1433 656 1447 669 «ι
1468 638 1625 673 Moechus
1659 650 1720 672 ore
1748 638 1845 671 Man-

1164 691 1277 725 neius.
1301 708 1313 720 n

963 826 1306 883 LXXXII.

948 989 1006 1016 lN
1058 968 1324 1017 ZOILUM.*

568 1120 787 1163 CoNvivA
815 1119 1007 1179 quisquis
1037 1117 1145 1162 Zoili
1177 1128 1320 1179 potest
1345 1135 1460 1173 esse,

569 1190 919 1233 Suunnoenianas
941 1199 1084 1233 coenet
1108 1190 1221 1233 inter
1243 1206 1423 1244 uxores,

569 1262 793 1320 Curtaque
822 1260 951 1304 Ledae
981 1260 1150 1304 sobrius
1182 1261 1304 1304 bibat
1330 1271 1470 1304 testa:

567 1332 662 1374 Hoc
694 1347 785 1374 esse
815 1330 951 1374 levius
976 1332 1214 1392 puriusque.
1243 1331 1472 1376 contendo.

567 1403 690 1445 Jacet
722 1411 937 1462 occupato
965 1401 1208 1462 galbinatus
1238 1403 1281 1445 in
1310 1401 1421 1446 lecto
1445 1420 1453 1444 :

479 1546 494 1557 '
526 1546 700 1580 Describit
724 1547 893 1580 Martialis
921 1560 991 1592 quo
1015 1548 1104 1581 fastu

427 1607 544 1632 utatur
564 1600 599 1631 in
625 1600 780 1633 convivis
806 1599 1020 1645 excipiendis
1041 1601 1103 1633 fel-

425 1653 514 1684 lator
522 1652 665 1697 quidam
677 1653 792 1685 Zoilus
805 1679 813 1695 ‚
827 1654 934 1686 homo
954 1655 1104 1699 superbe

427 1705 559 1747 molliS,
571 1718 608 1739 ac
619 1705 751 1738 divitiis
765 1706 933 1739 insultans
943 1732 951 1746 .‚
966 1707 1102 1751 qualem

425 1758 695 1791 'srimalcionein
726 1771 824 1791 suuni
850 1758 1017 1793 describit
1040 1760 1103 1793 Pe·

427 1811 576 1845 tronius.
594 1812 784 1856 Imaginem
801 1812 872 1845 fere
885 1812 1031 1845 similem
1046 1813 1105 1845 ha-

426 1864 484 1896 bes
511 1863 603 1909 apud
628 1865 833 1897 Athenaeum
850 1891 859 1905 ‚
890 1865 950 1898 lib.
972 1867 1041 1904 VI,
1068 1866 1104 1898 in

426 1917 549 1961 Raphii
577 1918 666 1962 regis
691 1916 947 1951 adolescentuli
973 1917 1104 1951 descri-

426 1970 560 2014 ptione.

482 2035 498 2054 2
507 2049 514 2056 .
523 2023 771 2059 Smnmrrniunas
783 2033 881 2056 cnm-et
891 2027 971 2056 iuter
981 2037 1103 2056 uxores.

428 2075 568 2109 Scilicet
581 2076 670 2109 inter
684 2077 898 2118 meretrices,
915 2089 991 2122 quae
1004 2077 1040 2109 in
1055 2077 1105 2109 lu-

427 2130 546 2172 panari
572 2130 794 2174 prostabant,
818 2131 853 2162 in
878 2143 918 2162 eo
944 2131 1022 2163 loco
1046 2130 1105 2174 qui

426 2181 727 2215 Sunimoenianuln
747 2181 951 2225 dicebatur,
970 2191 1009 2216 ut
1027 2195 1103 2228 sup.

426 2233 486 2267 lib.
511 2235 526 2266 l
543 2260 551 2275 ‚
574 2235 685 2280 epigr.
713 2248 811 2273 xxxv',
832 2248 865 2268 v.
891 2238 911 2269 6
931 2248 937 2268 :
961 2253 974 2265 «
998 2237 1104 2268 Rara-

427 2298 494 2331 que
506 2288 697 2320 Summoeni
709 2288 841 2322 fornice
852 2289 939 2321 rima
956 2297 1049 2333 patet
1065 2305 1078 2317 u
1096 2314 1104 2328 ‚

427 2352 511 2383 quas
529 2341 684 2374 irrisorie
705 2342 856 2386 appellat
877 2354 1020 2381 uxores,
1039 2341 1104 2374 sic-

428 2400 466 2425 ut
486 2393 547 2426 lib.
570 2394 639 2427 XII
657 2419 665 2432 ,
689 2395 798 2439 epigr.
819 2407 918 2427 xxxu
936 2420 944 2435 ‚
966 2408 998 2427 v.
1026 2407 1069 2426 22
1095 2407 1102 2427 :

433 2462 445 2474 α
473 2445 740 2480 Summoeuianae
761 2460 826 2492 qua
846 2447 1003 2492 pllantur
1023 2460 1107 2480 uxo-

428 2510 492 2531 res.
520 2515 532 2527 »
558 2499 709 2532 Ramires.

482 2550 514 2583 3.
557 2551 667 2583 Cui-ta.
706 2552 877 2586 Mutilata.
915 2576 966 2579 -α
997 2554 1103 2586 Ledae.

430 2604 633 2637 Meretricis.
647 2605 847 2638 >——Sol›7·iu.5.
867 2606 973 2647 Quod
993 2608 1100 2651 maju-

429 2657 475 2689 1is
493 2666 540 2690 cst
559 2656 786 2702 turpitudinis
799 2685 806 2694 ,
820 2671 923 2702 quani
943 2660 968 2692 si
988 2659 1102 2692 ebrius

1163 1548 1311 1585 faceret,
1325 1557 1361 1582 ut
1370 1561 1463 1594 supr.
1475 1549 1586 1594 epigr.
1598 1561 1672 1582 XVI:
1688 1567 1701 1579 ιι
1717 1550 1844 1583 Ebrius

1163 1614 1197 1634 es
1213 1626 1223 1641 ‚
1244 1614 1308 1634 nec
1335 1602 1429 1634 enim
1456 1602 1583 1635 faceres
1607 1601 1682 1635 haec
1707 1603 1844 1636 sobrius

1397 1677 1449 1680 —
1481 1656 1587 1687 Testa.
1618 1655 1750 1688 Calices
1771 1668 1844 1700 quo

1164 1709 1354 1740 utebantur
1381 1706 1423 1739 ad
1446 1707 1624 1752 impurum
1649 1720 1750 1740 usum
1770 1721 1844 1740 ine·

1165 1667 1333 1699 linquanl.
1355 1672 1367 1684 »

1162 1760 1315 1793 retrices.
1340 1759 1423 1793 Vid.
1447 1760 1507 1793 lib.
1531 1761 1563 1802 I,
1588 1760 1697 1806 epigr.
1725 1773 1814 1794 xcnt
1832 1786 1842 1802 ‚

1164 1825 1264 1846 versu
1286 1816 1319 1846 6.

1217 1870 1236 1906 4
1246 1866 1472 1899 ‚Pulmannus
1485 1878 1492 1899 τ
1501 1869 1671 1912 puriusque
1683 1866 1838 1899 ecferendi.

1163 1941 1213 1946 —
1244 1920 1317 1951 Iloc
1347 1933 1411 1951 esse
1443 1920 1558 1959 levius,
1595 1927 1662 1952 etc.
1696 1919 1841 1952 Coenare

1163 1971 1260 2017 apud
1280 1972 1556 2004 Summoenianas
1574 1973 1685 2017 lupas.

1218 2027 1235 2057 5
1245 2052 1251 2058 .
1265 2025 1357 2057 Jacet
1370 2033 1520 2069 occupato
1531 2025 1717 2069 galgiuaws
1731 2023 1841 2057 codex

1163 2078 1243 2110 Vat.
1263 2078 1361 2121 galba
1383 2085 1475 2110 natus
1497 2078 1532 2110 iu
1556 2077 1735 2110 nonnullis
1757 2086 1841 2110 vett.

1162 2152 1214 2156 ——-
1236 2130 1410 2175 Occupato.
1431 2131 1546 2171 Quem
1561 2131 1633 2175 ipse
1647 2132 1716 2175 jam
1739 2142 1842 2163 occu·

1162 2192 1280 2228 parat,
1309 2192 1495 2228 antequam
1523 2184 1637 2216 caeteri
1661 2182 1841 2224 sederent;

1163 2236 1205 2269 iis
1237 2236 1338 2270 etiam
1367 2236 1425 2280 qui
1453 2236 1614 2269 nondum
1648 2244 1839 2273 venerant,

1163 2302 1232 2321 non
1246 2289 1463 2334 exspectatis.
1477 2311 1526 2315 —
1539 2289 1607 2321 Alii
1624 2288 1835 2333 intelligunt:

1163 2355 1250 2387 quem
1272 2350 1369 2374 tolum
1391 2345 1454 2386 ipse
1472 2342 1556 2374 solus
1573 2349 1722 2386 occupat3
1741 2349 1778 2374 ut
1794 2341 1842 2374 ait

1163 2395 1341 2428 Juvenalis
1358 2394 1400 2427 (le
1411 2395 1530 2428 lectica
1545 2394 1725 2428 Mathonis
1741 2420 1749 2434 ,
1765 2406 1841 2439 quae

1164 2457 1236 2481 erat
1264 2465 1276 2477 υ
1296 2448 1400 2480 Plena
1424 2448 1499 2493 ipso
1517 2466 1545 2480 n.
1571 2446 1640 2480 Sed
1658 2447 1751 2479 hunc
1767 2459 1841 2478 sen-

1165 2514 1241 2533 sum
1256 2501 1454 2545 putavimus
1467 2499 1718 2545 rejiciendum,
1732 2511 1840 2544 quum

1164 2567 1264 2587 versu
1297 2555 1454 2599 sequenti
1482 2553 1574 2586 dicat
1606 2553 1709 2584 Poeta
1734 2571 1744 2579 υ
1768 2552 1839 2585 Cu-

1165 2608 1317 2651 bitisque
1347 2605 1456 2639 trudit
1478 2607 1559 2639 hinc
1589 2614 1621 2637 et
1645 2604 1724 2637 inde.
1755 2617 1840 2636 cou-

1165 2661 1278 2694 xivas:
1299 2658 1393 2704 quod
1428 2672 1496 2692 non
1520 2659 1663 2697 faceret,
1692 2658 1715 2689 si
1748 2657 1840 2689 solus
