<?xml version="1.0" encoding="UTF-8"?>
<!DOCTYPE html PUBLIC "-//W3C//DTD XHTML 1.0 Transitional//EN"
    "http://www.w3.org/TR/xhtml1/DTD/xhtml1-transitional.dtd">
<html xmlns="http://www.w3.org/1999/xhtml" xml:lang="en" lang="en">
 <head>
  <title>
</title>
<meta http-equiv="Content-Type" content="text/html;charset=utf-8" />
  <meta name='ocr-system' content='tesseract 3.04.00' />
  <meta name='ocr-capabilities' content='ocr_page ocr_carea ocr_par ocr_line ocrx_word'/>
</head>
<body>
  <div class='ocr_page' id='page_1' title='image "./epigrammata01martuoft_0041.png"; bbox 0 0 2061 3288; ppageno 0'>
   <div class='ocr_carea' id='block_1_1' title="bbox 604 209 1592 252">
    <p class='ocr_par' dir='ltr' id='par_1_1' title="bbox 604 209 1592 252">
     <span class='ocr_line' id='line_1_1' title="bbox 604 209 1592 252; baseline -0.001 0"><span class='ocrx_word' id='word_1_1' title='bbox 604 211 822 252; x_wconf 78' lang='lat' dir='ltr'>MAT‘sli.</span> <span class='ocrx_word' id='word_1_2' title='bbox 865 209 1158 252; x_wconf 54' lang='lat' dir='ltr'>immisistis.</span> <span class='ocrx_word' id='word_1_3' title='bbox 1470 224 1592 251; x_wconf 76' lang='lat' dir='ltr'>xxiii</span> 
     </span>
    </p>
   </div>
   <div class='ocr_carea' id='block_1_2' title="bbox 176 294 1593 1919">
    <p class='ocr_par' dir='ltr' id='par_1_2' title="bbox 176 294 1593 1919">
     <span class='ocr_line' id='line_1_2' title="bbox 251 294 1593 360; baseline -0.002 -18"><span class='ocrx_word' id='word_1_4' title='bbox 251 301 525 360; x_wconf 80' lang='lat' dir='ltr'>Scripscrunt</span> <span class='ocrx_word' id='word_1_5' title='bbox 547 298 742 342; x_wconf 80' lang='lat' dir='ltr'>eamdem</span> <span class='ocrx_word' id='word_1_6' title='bbox 760 297 971 342; x_wconf 68' lang='lat' dir='ltr'>&#39;Martialis</span> <span class='ocrx_word' id='word_1_7' title='bbox 993 298 1124 340; x_wconf 80' lang='lat' dir='ltr'>vitam</span> <span class='ocrx_word' id='word_1_8' title='bbox 1149 294 1406 339; x_wconf 71' lang='lat' dir='ltr'>Calderinus</span> <span class='ocrx_word' id='word_1_9' title='bbox 1421 331 1430 349; x_wconf 77' lang='lat'><em>‚</em></span> <span class='ocrx_word' id='word_1_10' title='bbox 1445 298 1593 356; x_wconf 80' lang='lat' dir='ltr'>Sipon-</span> 
     </span>
     <span class='ocr_line' id='line_1_3' title="bbox 180 365 1590 431; baseline -0.002 -18"><span class='ocrx_word' id='word_1_11' title='bbox 180 371 293 413; x_wconf 86' lang='lat' dir='ltr'>tinus</span> <span class='ocrx_word' id='word_1_12' title='bbox 309 405 320 423; x_wconf 81' lang='lat'>‚</span> <span class='ocrx_word' id='word_1_13' title='bbox 341 370 556 431; x_wconf 76' lang='lat' dir='ltr'><strong>Georgius</strong></span> <span class='ocrx_word' id='word_1_14' title='bbox 576 368 892 413; x_wconf 79' lang='lat' dir='ltr'>Alexandrinus</span> <span class='ocrx_word' id='word_1_15' title='bbox 908 405 918 421; x_wconf 74' lang='grc'>,</span> <span class='ocrx_word' id='word_1_16' title='bbox 943 370 1098 412; x_wconf 72' lang='lat' dir='ltr'>Petrus</span> <span class='ocrx_word' id='word_1_17' title='bbox 1118 366 1333 417; x_wconf 72' lang='lat' dir='ltr'>Crinitus,</span> <span class='ocrx_word' id='word_1_18' title='bbox 1356 375 1398 408; x_wconf 77' lang='lat' dir='ltr'>ct</span> <span class='ocrx_word' id='word_1_19' title='bbox 1418 365 1488 409; x_wconf 89' lang='lat' dir='ltr'>alii</span> <span class='ocrx_word' id='word_1_20' title='bbox 1511 367 1590 410; x_wconf 87' lang='lat' dir='ltr'>hos</span> 
     </span>
     <span class='ocr_line' id='line_1_4' title="bbox 179 436 1589 502; baseline -0.002 -19"><span class='ocrx_word' id='word_1_21' title='bbox 179 443 362 500; x_wconf 81' lang='lat' dir='ltr'>sequuti.</span> <span class='ocrx_word' id='word_1_22' title='bbox 394 442 486 485; x_wconf 90' lang='lat' dir='ltr'>Nos</span> <span class='ocrx_word' id='word_1_23' title='bbox 509 458 560 484; x_wconf 77' lang='lat' dir='ltr'>ex</span> <span class='ocrx_word' id='word_1_24' title='bbox 586 441 681 502; x_wconf 88' lang='lat' dir='ltr'>ipso</span> <span class='ocrx_word' id='word_1_25' title='bbox 705 440 906 484; x_wconf 81' lang='lat' dir='ltr'>Martiale</span> <span class='ocrx_word' id='word_1_26' title='bbox 931 437 1177 482; x_wconf 77' lang='lat' dir='ltr'>Martialem</span> <span class='ocrx_word' id='word_1_27' title='bbox 1204 436 1416 480; x_wconf 82' lang='lat' dir='ltr'>voluimus</span> <span class='ocrx_word' id='word_1_28' title='bbox 1437 436 1589 497; x_wconf 82' lang='lat' dir='ltr'>depin-</span> 
     </span>
     <span class='ocr_line' id='line_1_5' title="bbox 178 507 1592 571; baseline -0.003 -17"><span class='ocrx_word' id='word_1_29' title='bbox 178 527 291 571; x_wconf 80' lang='lat' dir='ltr'>gere.</span> <span class='ocrx_word' id='word_1_30' title='bbox 327 514 420 555; x_wconf 84' lang='lat' dir='ltr'>Hoc</span> <span class='ocrx_word' id='word_1_31' title='bbox 442 513 657 556; x_wconf 67' lang='lat' dir='ltr'>mantissa)</span> <span class='ocrx_word' id='word_1_32' title='bbox 681 511 777 556; x_wconf 84' lang='lat' dir='ltr'>loco</span> <span class='ocrx_word' id='word_1_33' title='bbox 797 511 1029 565; x_wconf 86' lang='lat' dir='ltr'>ad‹lamus-,</span> <span class='ocrx_word' id='word_1_34' title='bbox 1055 507 1314 570; x_wconf 81' lang='lat' dir='ltr'>quibusdam</span> <span class='ocrx_word' id='word_1_35' title='bbox 1342 507 1592 551; x_wconf 73' lang='lat' dir='ltr'>Martialem</span> 
     </span>
     <span class='ocr_line' id='line_1_6' title="bbox 179 578 1587 644; baseline -0.001 -20"><span class='ocrx_word' id='word_1_36' title='bbox 179 582 316 625; x_wconf 86' lang='lat' dir='ltr'>visum</span> <span class='ocrx_word' id='word_1_37' title='bbox 347 600 438 626; x_wconf 76' lang='lat' dir='ltr'>esse</span> <span class='ocrx_word' id='word_1_38' title='bbox 462 600 599 644; x_wconf 85' lang='lat' dir='ltr'>prope</span> <span class='ocrx_word' id='word_1_39' title='bbox 625 583 935 627; x_wconf 81' lang='lat' dir='ltr'>Christianum.</span> <span class='ocrx_word' id='word_1_40' title='bbox 964 582 1123 640; x_wconf 74' lang='lat' dir='ltr'>Accipe</span> <span class='ocrx_word' id='word_1_41' title='bbox 1154 596 1206 622; x_wconf 78' lang='lat' dir='ltr'>ex</span> <span class='ocrx_word' id='word_1_42' title='bbox 1243 578 1485 640; x_wconf 75' lang='lat' dir='ltr'>periphrasi</span> <span class='ocrx_word' id='word_1_43' title='bbox 1523 596 1587 622; x_wconf 88' lang='lat' dir='ltr'>se-</span> 
     </span>
     <span class='ocr_line' id='line_1_7' title="bbox 176 651 1590 704; baseline -0.002 -9"><span class='ocrx_word' id='word_1_44' title='bbox 176 652 318 696; x_wconf 85' lang='lat' dir='ltr'>cunda</span> <span class='ocrx_word' id='word_1_45' title='bbox 347 654 567 697; x_wconf 86' lang='lat' dir='ltr'>Juvenalis</span> <span class='ocrx_word' id='word_1_46' title='bbox 597 653 785 698; x_wconf 80' lang='lat' dir='ltr'>Claverii</span> <span class='ocrx_word' id='word_1_47' title='bbox 810 654 944 696; x_wconf 87' lang='lat' dir='ltr'>verba</span> <span class='ocrx_word' id='word_1_48' title='bbox 967 670 974 695; x_wconf 90' lang='lat'>:</span> <span class='ocrx_word' id='word_1_49' title='bbox 1004 672 1025 693; x_wconf 87' lang='lat'>«</span> <span class='ocrx_word' id='word_1_50' title='bbox 1050 652 1214 695; x_wconf 84' lang='lat' dir='ltr'>Scitum</span> <span class='ocrx_word' id='word_1_51' title='bbox 1238 659 1302 693; x_wconf 89' lang='lat' dir='ltr'>est</span> <span class='ocrx_word' id='word_1_52' title='bbox 1326 666 1453 704; x_wconf 80' lang='lat' dir='ltr'>vero,</span> <span class='ocrx_word' id='word_1_53' title='bbox 1472 651 1590 692; x_wconf 87' lang='lat' dir='ltr'>Mar-</span> 
     </span>
     <span class='ocr_line' id='line_1_8' title="bbox 177 720 1591 777; baseline -0.001 -12"><span class='ocrx_word' id='word_1_54' title='bbox 177 722 317 766; x_wconf 86' lang='lat' dir='ltr'>tialem</span> <span class='ocrx_word' id='word_1_55' title='bbox 350 741 438 768; x_wconf 89' lang='lat' dir='ltr'>non</span> <span class='ocrx_word' id='word_1_56' title='bbox 473 726 662 769; x_wconf 88' lang='lat' dir='ltr'>invisum</span> <span class='ocrx_word' id='word_1_57' title='bbox 693 742 784 769; x_wconf 87' lang='lat' dir='ltr'>esse</span> <span class='ocrx_word' id='word_1_58' title='bbox 821 724 1099 777; x_wconf 75' lang='lat' dir='ltr'>christianis3</span> <span class='ocrx_word' id='word_1_59' title='bbox 1131 738 1231 765; x_wconf 85' lang='lat' dir='ltr'>nain</span> <span class='ocrx_word' id='word_1_60' title='bbox 1265 720 1507 763; x_wconf 75' lang='lat' dir='ltr'><strong>Pudentem</strong></span> <span class='ocrx_word' id='word_1_61' title='bbox 1548 731 1591 764; x_wconf 87' lang='lat' dir='ltr'>et</span> 
     </span>
     <span class='ocr_line' id='line_1_9' title="bbox 176 790 1592 856; baseline -0.003 -19"><span class='ocrx_word' id='word_1_62' title='bbox 176 793 426 848; x_wconf 76' lang='lat' dir='ltr'>Claudiam,</span> <span class='ocrx_word' id='word_1_63' title='bbox 444 812 524 856; x_wconf 85' lang='lat' dir='ltr'>par</span> <span class='ocrx_word' id='word_1_64' title='bbox 542 795 684 839; x_wconf 84' lang='lat' dir='ltr'>nobile</span> <span class='ocrx_word' id='word_1_65' title='bbox 705 812 755 839; x_wconf 86' lang='lat' dir='ltr'>ae</span> <span class='ocrx_word' id='word_1_66' title='bbox 773 795 900 838; x_wconf 85' lang='lat' dir='ltr'>beato</span> <span class='ocrx_word' id='word_1_67' title='bbox 916 793 1067 838; x_wconf 81' lang='lat' dir='ltr'>Paullo</span> <span class='ocrx_word' id='word_1_68' title='bbox 1083 792 1445 853; x_wconf 86' lang='lat' dir='ltr'>jucundissimum</span> <span class='ocrx_word' id='word_1_69' title='bbox 1462 827 1472 846; x_wconf 85' lang='lat'>‚</span> <span class='ocrx_word' id='word_1_70' title='bbox 1495 790 1592 851; x_wconf 86' lang='lat' dir='ltr'>plu-</span> 
     </span>
     <span class='ocr_line' id='line_1_10' title="bbox 176 866 1592 925; baseline -0.002 -18"><span class='ocrx_word' id='word_1_71' title='bbox 176 866 292 908; x_wconf 82' lang='lat' dir='ltr'>rimis</span> <span class='ocrx_word' id='word_1_72' title='bbox 313 867 357 909; x_wconf 89' lang='lat' dir='ltr'>in</span> <span class='ocrx_word' id='word_1_73' title='bbox 382 866 534 910; x_wconf 78' lang='lat' dir='ltr'>caelum</span> <span class='ocrx_word' id='word_1_74' title='bbox 559 866 759 910; x_wconf 87' lang='lat' dir='ltr'>laudibus</span> <span class='ocrx_word' id='word_1_75' title='bbox 785 866 924 910; x_wconf 86' lang='lat' dir='ltr'>effert.</span> <span class='ocrx_word' id='word_1_76' title='bbox 959 867 1019 908; x_wconf 77' lang='grc' dir='ltr'><strong>Αο</strong></span> <span class='ocrx_word' id='word_1_77' title='bbox 1046 881 1168 925; x_wconf 82' lang='lat' dir='ltr'>paene</span> <span class='ocrx_word' id='word_1_78' title='bbox 1193 880 1406 924; x_wconf 70' lang='lat' dir='ltr'>auguror,</span> <span class='ocrx_word' id='word_1_79' title='bbox 1435 872 1592 905; x_wconf 81' lang='lat' dir='ltr'>tremu—</span> 
     </span>
     <span class='ocr_line' id='line_1_11' title="bbox 177 933 1590 996; baseline -0.002 -18"><span class='ocrx_word' id='word_1_80' title='bbox 177 935 263 978; x_wconf 90' lang='lat' dir='ltr'>lum</span> <span class='ocrx_word' id='word_1_81' title='bbox 291 937 522 996; x_wconf 76' lang='lat' dir='ltr'>quenulam</span> <span class='ocrx_word' id='word_1_82' title='bbox 551 937 649 981; x_wconf 87' lang='lat' dir='ltr'>solis</span> <span class='ocrx_word' id='word_1_83' title='bbox 671 938 818 981; x_wconf 85' lang='lat' dir='ltr'>aeterni</span> <span class='ocrx_word' id='word_1_84' title='bbox 841 935 1134 980; x_wconf 82' lang='lat' dir='ltr'>radiusculuin</span> <span class='ocrx_word' id='word_1_85' title='bbox 1163 935 1229 978; x_wconf 89' lang='lat' dir='ltr'>isti</span> <span class='ocrx_word' id='word_1_86' title='bbox 1255 943 1392 994; x_wconf 75' lang='lat' dir='ltr'>poetae</span> <span class='ocrx_word' id='word_1_87' title='bbox 1416 933 1590 976; x_wconf 69' lang='lat' dir='ltr'>tandem</span> 
     </span>
     <span class='ocr_line' id='line_1_12' title="bbox 177 1005 1591 1069; baseline -0.002 -20"><span class='ocrx_word' id='word_1_88' title='bbox 177 1006 389 1051; x_wconf 78' lang='lat' dir='ltr'>affulsisse</span> <span class='ocrx_word' id='word_1_89' title='bbox 408 1025 415 1050; x_wconf 90' lang='grc'>;</span> <span class='ocrx_word' id='word_1_90' title='bbox 441 1007 539 1052; x_wconf 79' lang='lat' dir='ltr'>licet</span> <span class='ocrx_word' id='word_1_91' title='bbox 560 1008 683 1069; x_wconf 87' lang='lat' dir='ltr'>plura</span> <span class='ocrx_word' id='word_1_92' title='bbox 703 1010 794 1069; x_wconf 87' lang='lat' dir='ltr'>ejus</span> <span class='ocrx_word' id='word_1_93' title='bbox 816 1007 881 1051; x_wconf 80' lang='lat' dir='ltr'>vel</span> <span class='ocrx_word' id='word_1_94' title='bbox 904 1009 1049 1069; x_wconf 84' lang='lat' dir='ltr'>priora</span> <span class='ocrx_word' id='word_1_95' title='bbox 1073 1009 1114 1050; x_wconf 90' lang='lat' dir='ltr'>in</span> <span class='ocrx_word' id='word_1_96' title='bbox 1140 1005 1358 1049; x_wconf 76' lang='lat' dir='ltr'>lasciviam</span> <span class='ocrx_word' id='word_1_97' title='bbox 1385 1013 1561 1064; x_wconf 77' lang='lat' dir='ltr'>vergant</span> <span class='ocrx_word' id='word_1_98' title='bbox 1580 1040 1591 1058; x_wconf 73' lang='lat'>‚</span> 
     </span>
     <span class='ocr_line' id='line_1_13' title="bbox 179 1075 1588 1139; baseline -0.002 -19"><span class='ocrx_word' id='word_1_99' title='bbox 179 1088 222 1120; x_wconf 85' lang='lat' dir='ltr'>ut</span> <span class='ocrx_word' id='word_1_100' title='bbox 253 1078 381 1121; x_wconf 81' lang='lat' dir='ltr'>hodie</span> <span class='ocrx_word' id='word_1_101' title='bbox 405 1079 550 1122; x_wconf 81' lang='lat' dir='ltr'>multis</span> <span class='ocrx_word' id='word_1_102' title='bbox 573 1080 816 1123; x_wconf 84' lang='lat' dir='ltr'>christianis</span> <span class='ocrx_word' id='word_1_103' title='bbox 839 1079 1020 1139; x_wconf 81' lang='lat' dir='ltr'>contigit</span> <span class='ocrx_word' id='word_1_104' title='bbox 1045 1098 1080 1120; x_wconf 88' lang='lat'>».</span> <span class='ocrx_word' id='word_1_105' title='bbox 1106 1080 1200 1138; x_wconf 78' lang='lat' dir='ltr'>Ego</span> <span class='ocrx_word' id='word_1_106' title='bbox 1224 1086 1368 1119; x_wconf 85' lang='lat' dir='ltr'>tamen</span> <span class='ocrx_word' id='word_1_107' title='bbox 1396 1075 1588 1118; x_wconf 88' lang='lat' dir='ltr'>nondum</span> 
     </span>
     <span class='ocr_line' id='line_1_14' title="bbox 179 1146 1592 1203; baseline -0.002 -12"><span class='ocrx_word' id='word_1_108' title='bbox 179 1148 378 1202; x_wconf 81' lang='lat' dir='ltr'>inducor,</span> <span class='ocrx_word' id='word_1_109' title='bbox 408 1159 456 1192; x_wconf 90' lang='lat' dir='ltr'>ut</span> <span class='ocrx_word' id='word_1_110' title='bbox 484 1150 569 1193; x_wconf 86' lang='lat' dir='ltr'>hoc</span> <span class='ocrx_word' id='word_1_111' title='bbox 599 1150 652 1193; x_wconf 85' lang='lat' dir='ltr'>ad</span> <span class='ocrx_word' id='word_1_112' title='bbox 676 1151 869 1193; x_wconf 82' lang='lat' dir='ltr'>animuin</span> <span class='ocrx_word' id='word_1_113' title='bbox 891 1149 1116 1192; x_wconf 82' lang='lat' dir='ltr'>admittam</span> <span class='ocrx_word' id='word_1_114' title='bbox 1135 1184 1145 1203; x_wconf 85' lang='lat'>.,</span> <span class='ocrx_word' id='word_1_115' title='bbox 1172 1148 1252 1190; x_wconf 88' lang='lat' dir='ltr'>nisi</span> <span class='ocrx_word' id='word_1_116' title='bbox 1274 1147 1379 1189; x_wconf 92' lang='lat' dir='ltr'>mihi</span> <span class='ocrx_word' id='word_1_117' title='bbox 1404 1146 1592 1189; x_wconf 82' lang='lat' dir='ltr'>sanctior</span> 
     </span>
     <span class='ocr_line' id='line_1_15' title="bbox 178 1217 1593 1278; baseline -0.002 -16"><span class='ocrx_word' id='word_1_118' title='bbox 178 1229 220 1262; x_wconf 80' lang='lat' dir='ltr'>et</span> <span class='ocrx_word' id='word_1_119' title='bbox 251 1220 411 1263; x_wconf 88' lang='lat' dir='ltr'>certior</span> <span class='ocrx_word' id='word_1_120' title='bbox 445 1221 563 1264; x_wconf 78' lang='lat' dir='ltr'>testis</span> <span class='ocrx_word' id='word_1_121' title='bbox 595 1220 763 1264; x_wconf 84' lang='lat' dir='ltr'>tabulas</span> <span class='ocrx_word' id='word_1_122' title='bbox 797 1219 899 1264; x_wconf 86' lang='lat' dir='ltr'>alias</span> <span class='ocrx_word' id='word_1_123' title='bbox 930 1219 1159 1271; x_wconf 76' lang='lat' dir='ltr'>exhibeat,</span> <span class='ocrx_word' id='word_1_124' title='bbox 1188 1217 1306 1278; x_wconf 85' lang='lat' dir='ltr'>quod</span> <span class='ocrx_word' id='word_1_125' title='bbox 1336 1217 1435 1271; x_wconf 74' lang='lat' dir='ltr'>hic,</span> <span class='ocrx_word' id='word_1_126' title='bbox 1463 1233 1593 1276; x_wconf 81' lang='lat' dir='ltr'>quem</span> 
     </span>
     <span class='ocr_line' id='line_1_16' title="bbox 177 1289 1592 1348; baseline -0.002 -16"><span class='ocrx_word' id='word_1_127' title='bbox 177 1289 359 1344; x_wconf 75' lang='lat' dir='ltr'>adduxi,</span> <span class='ocrx_word' id='word_1_128' title='bbox 381 1300 469 1334; x_wconf 89' lang='lat' dir='ltr'>tam</span> <span class='ocrx_word' id='word_1_129' title='bbox 494 1290 675 1335; x_wconf 86' lang='lat' dir='ltr'>idoneus</span> <span class='ocrx_word' id='word_1_130' title='bbox 696 1301 739 1334; x_wconf 87' lang='lat' dir='ltr'>et</span> <span class='ocrx_word' id='word_1_131' title='bbox 759 1300 933 1335; x_wconf 87' lang='lat' dir='ltr'>sanctus</span> <span class='ocrx_word' id='word_1_132' title='bbox 959 1289 1157 1333; x_wconf 80' lang='lat' dir='ltr'>videatur</span> <span class='ocrx_word' id='word_1_133' title='bbox 1173 1325 1183 1344; x_wconf 74' lang='lat'>,</span> <span class='ocrx_word' id='word_1_134' title='bbox 1207 1304 1336 1348; x_wconf 89' lang='lat' dir='ltr'>quam</span> <span class='ocrx_word' id='word_1_135' title='bbox 1360 1289 1451 1348; x_wconf 86' lang='lat' dir='ltr'>ipse</span> <span class='ocrx_word' id='word_1_136' title='bbox 1475 1289 1592 1330; x_wconf 86' lang='lat' dir='ltr'>Mar-</span> 
     </span>
     <span class='ocr_line' id='line_1_17' title="bbox 178 1356 1592 1419; baseline -0.002 -16"><span class='ocrx_word' id='word_1_137' title='bbox 178 1359 287 1404; x_wconf 85' lang='lat' dir='ltr'>tialis</span> <span class='ocrx_word' id='word_1_138' title='bbox 317 1371 392 1405; x_wconf 81' lang='lat' dir='ltr'>est.</span> <span class='ocrx_word' id='word_1_139' title='bbox 420 1361 595 1405; x_wconf 84' lang='lat' dir='ltr'>Pudens</span> <span class='ocrx_word' id='word_1_140' title='bbox 625 1372 769 1405; x_wconf 87' lang='lat' dir='ltr'>autem</span> <span class='ocrx_word' id='word_1_141' title='bbox 800 1361 870 1405; x_wconf 86' lang='lat' dir='ltr'>ille</span> <span class='ocrx_word' id='word_1_142' title='bbox 896 1371 940 1404; x_wconf 88' lang='lat' dir='ltr'>et</span> <span class='ocrx_word' id='word_1_143' title='bbox 965 1359 1166 1414; x_wconf 77' lang='lat' dir='ltr'>Claudia,</span> <span class='ocrx_word' id='word_1_144' title='bbox 1199 1376 1308 1419; x_wconf 86' lang='lat' dir='ltr'>quos</span> <span class='ocrx_word' id='word_1_145' title='bbox 1340 1360 1379 1402; x_wconf 88' lang='lat' dir='ltr'>S.</span> <span class='ocrx_word' id='word_1_146' title='bbox 1417 1356 1592 1402; x_wconf 87' lang='lat' dir='ltr'>Paullus</span> 
     </span>
     <span class='ocr_line' id='line_1_18' title="bbox 177 1428 1591 1492; baseline -0.001 -19"><span class='ocrx_word' id='word_1_147' title='bbox 177 1430 341 1475; x_wconf 85' lang='lat' dir='ltr'>salvere</span> <span class='ocrx_word' id='word_1_148' title='bbox 370 1432 519 1492; x_wconf 81' lang='lat' dir='ltr'>jubet,</span> <span class='ocrx_word' id='word_1_149' title='bbox 551 1450 638 1476; x_wconf 89' lang='grc'><strong>11011</strong></span> <span class='ocrx_word' id='word_1_150' title='bbox 676 1433 879 1476; x_wconf 84' lang='lat' dir='ltr'>videntur</span> <span class='ocrx_word' id='word_1_151' title='bbox 909 1432 934 1474; x_wconf 88' lang='lat' dir='ltr'>ii</span> <span class='ocrx_word' id='word_1_152' title='bbox 955 1467 966 1486; x_wconf 79' lang='lat'>,</span> <span class='ocrx_word' id='word_1_153' title='bbox 1001 1448 1109 1491; x_wconf 87' lang='lat' dir='ltr'>quos</span> <span class='ocrx_word' id='word_1_154' title='bbox 1144 1428 1356 1473; x_wconf 83' lang='lat' dir='ltr'>Martialis</span> <span class='ocrx_word' id='word_1_155' title='bbox 1388 1428 1591 1473; x_wconf 81' lang='lat' dir='ltr'>celebrat.</span> 
     </span>
     <span class='ocr_line' id='line_1_19' title="bbox 178 1500 1591 1561; baseline -0.002 -17"><span class='ocrx_word' id='word_1_156' title='bbox 178 1503 275 1546; x_wconf 86' lang='lat' dir='ltr'>Fuit</span> <span class='ocrx_word' id='word_1_157' title='bbox 298 1504 411 1547; x_wconf 87' lang='lat' dir='ltr'>enim</span> <span class='ocrx_word' id='word_1_158' title='bbox 442 1505 490 1546; x_wconf 78' lang='lat' dir='ltr'>A.</span> <span class='ocrx_word' id='word_1_159' title='bbox 522 1501 695 1547; x_wconf 84' lang='lat' dir='ltr'>Pudens</span> <span class='ocrx_word' id='word_1_160' title='bbox 718 1502 953 1557; x_wconf 77' lang='lat' dir='ltr'>Martialis,</span> <span class='ocrx_word' id='word_1_161' title='bbox 979 1502 1176 1546; x_wconf 85' lang='lat' dir='ltr'>centurio</span> <span class='ocrx_word' id='word_1_162' title='bbox 1208 1500 1417 1561; x_wconf 87' lang='lat' dir='ltr'>profanus</span> <span class='ocrx_word' id='word_1_163' title='bbox 1438 1509 1480 1543; x_wconf 87' lang='lat' dir='ltr'>et</span> <span class='ocrx_word' id='word_1_164' title='bbox 1498 1501 1591 1542; x_wconf 90' lang='grc' dir='ltr'><strong>Ε11-</strong></span> 
     </span>
     <span class='ocr_line' id='line_1_20' title="bbox 177 1571 1591 1635; baseline -0.001 -20"><span class='ocrx_word' id='word_1_165' title='bbox 177 1571 305 1633; x_wconf 82' lang='grc' dir='ltr'><strong>001ρο</strong></span> <span class='ocrx_word' id='word_1_166' title='bbox 354 1591 491 1634; x_wconf 80' lang='lat' dir='ltr'>puero</span> <span class='ocrx_word' id='word_1_167' title='bbox 540 1576 825 1635; x_wconf 84' lang='lat' dir='ltr'>transcriptus</span> <span class='ocrx_word' id='word_1_168' title='bbox 845 1610 856 1630; x_wconf 75' lang='lat'><strong><em>⁷</em></strong></span> <span class='ocrx_word' id='word_1_169' title='bbox 901 1590 988 1616; x_wconf 92' lang='lat' dir='ltr'>non</span> <span class='ocrx_word' id='word_1_170' title='bbox 1031 1571 1331 1634; x_wconf 83' lang='lat' dir='ltr'>philosophus.</span> <span class='ocrx_word' id='word_1_171' title='bbox 1376 1572 1591 1614; x_wconf 83' lang='lat' dir='ltr'>Praeterea</span> 
     </span>
     <span class='ocr_line' id='line_1_21' title="bbox 179 1641 1592 1705; baseline -0.001 -20"><span class='ocrx_word' id='word_1_172' title='bbox 179 1643 316 1687; x_wconf 90' lang='lat' dir='ltr'>multo</span> <span class='ocrx_word' id='word_1_173' title='bbox 346 1643 427 1688; x_wconf 91' lang='lat' dir='ltr'>illis</span> <span class='ocrx_word' id='word_1_174' title='bbox 454 1645 497 1688; x_wconf 90' lang='lat' dir='ltr'>hi</span> <span class='ocrx_word' id='word_1_175' title='bbox 516 1646 738 1705; x_wconf 82' lang='lat' dir='ltr'>juniores,</span> <span class='ocrx_word' id='word_1_176' title='bbox 769 1645 822 1689; x_wconf 89' lang='lat' dir='ltr'>de</span> <span class='ocrx_word' id='word_1_177' title='bbox 848 1644 1005 1705; x_wconf 88' lang='lat' dir='ltr'>quibus</span> <span class='ocrx_word' id='word_1_178' title='bbox 1031 1646 1110 1697; x_wconf 85' lang='lat' dir='ltr'>lv,</span> <span class='ocrx_word' id='word_1_179' title='bbox 1144 1659 1254 1695; x_wconf 71' lang='lat' dir='ltr'>xm,</span> <span class='ocrx_word' id='word_1_180' title='bbox 1289 1641 1469 1702; x_wconf 80' lang='lat' dir='ltr'>plenius.</span> <span class='ocrx_word' id='word_1_181' title='bbox 1503 1643 1592 1684; x_wconf 87' lang='lat' dir='ltr'>Pu·</span> 
     </span>
     <span class='ocr_line' id='line_1_22' title="bbox 178 1714 1591 1775; baseline -0.001 -19"><span class='ocrx_word' id='word_1_182' title='bbox 178 1714 284 1758; x_wconf 85' lang='lat' dir='ltr'>dens</span> <span class='ocrx_word' id='word_1_183' title='bbox 305 1715 461 1775; x_wconf 87' lang='lat' dir='ltr'>hospes</span> <span class='ocrx_word' id='word_1_184' title='bbox 484 1717 523 1759; x_wconf 90' lang='lat' dir='ltr'>S.</span> <span class='ocrx_word' id='word_1_185' title='bbox 551 1717 666 1760; x_wconf 89' lang='lat' dir='ltr'>Petri</span> <span class='ocrx_word' id='word_1_186' title='bbox 694 1716 857 1759; x_wconf 84' lang='lat' dir='ltr'>ordinis</span> <span class='ocrx_word' id='word_1_187' title='bbox 879 1715 969 1775; x_wconf 84' lang='lat' dir='ltr'>jam</span> <span class='ocrx_word' id='word_1_188' title='bbox 1001 1724 1094 1758; x_wconf 83' lang='lat' dir='ltr'>tuin</span> <span class='ocrx_word' id='word_1_189' title='bbox 1122 1714 1349 1766; x_wconf 80' lang='lat' dir='ltr'>senatorii,</span> <span class='ocrx_word' id='word_1_190' title='bbox 1376 1729 1462 1756; x_wconf 88' lang='lat' dir='ltr'>non</span> <span class='ocrx_word' id='word_1_191' title='bbox 1491 1728 1591 1755; x_wconf 83' lang='lat' dir='ltr'>cen-</span> 
     </span>
     <span class='ocr_line' id='line_1_23' title="bbox 179 1784 1589 1848; baseline -0.001 -21"><span class='ocrx_word' id='word_1_192' title='bbox 179 1786 303 1828; x_wconf 84' lang='lat' dir='ltr'>turio.</span> <span class='ocrx_word' id='word_1_193' title='bbox 337 1785 506 1830; x_wconf 80' lang='lat' dir='ltr'>Fabulis</span> <span class='ocrx_word' id='word_1_194' title='bbox 534 1804 638 1847; x_wconf 80' lang='lat' dir='ltr'>crgo</span> <span class='ocrx_word' id='word_1_195' title='bbox 668 1788 861 1848; x_wconf 74' lang='lat' dir='ltr'>gemina,</span> <span class='ocrx_word' id='word_1_196' title='bbox 891 1802 985 1846; x_wconf 77' lang='lat' dir='ltr'>quae</span> <span class='ocrx_word' id='word_1_197' title='bbox 1018 1794 1196 1828; x_wconf 86' lang='lat' dir='ltr'>narrant</span> <span class='ocrx_word' id='word_1_198' title='bbox 1223 1784 1481 1827; x_wconf 76' lang='lat' dir='ltr'>Britannicae</span> <span class='ocrx_word' id='word_1_199' title='bbox 1509 1800 1589 1826; x_wconf 62' lang='lat' dir='ltr'>ann</span> 
     </span>
     <span class='ocr_line' id='line_1_24' title="bbox 178 1856 1304 1919; baseline -0.001 -20"><span class='ocrx_word' id='word_1_200' title='bbox 178 1856 423 1915; x_wconf 71' lang='lat' dir='ltr'>tiquitates,</span> <span class='ocrx_word' id='word_1_201' title='bbox 450 1874 474 1901; x_wconf 91' lang='lat' dir='ltr'>a</span> <span class='ocrx_word' id='word_1_202' title='bbox 506 1859 682 1919; x_wconf 79' lang='lat' dir='ltr'>nuperis</span> <span class='ocrx_word' id='word_1_203' title='bbox 711 1857 994 1918; x_wconf 78' lang='lat' dir='ltr'>scriptoribus</span> <span class='ocrx_word' id='word_1_204' title='bbox 1025 1857 1304 1900; x_wconf 75' lang='lat' dir='ltr'>concinnatae.</span> 
     </span>
    </p>
   </div>
   <div class='ocr_carea' id='block_1_3' title="bbox 653 2072 1149 2093">
    <p class='ocr_par' dir='ltr' id='par_1_3' title="bbox 653 2072 1149 2093">
     <span class='ocr_line' id='line_1_25' title="bbox 653 2072 1149 2093; baseline -0.004 -7"><span class='ocrx_word' id='word_1_205' title='bbox 653 2072 1149 2093; x_wconf 47' lang='lat' dir='ltr'>-«——-—QQQ—-——-</span> 
     </span>
    </p>
   </div>
  </div>
 </body>
</html>
