2061 3288
418 216 1006 263 EPIGRAMMATUM
1046 216 1170 258 LIB.
1210 216 1275 257 II.

1461 212 1557 274 239

747 368 950 424 LXX.

662 525 715 553 IN
762 503 1054 554 cornuam*

286 653 392 698 NON
415 652 479 696 vis
503 652 545 695 in
569 651 675 696 solio
698 654 817 714 prius
841 652 975 696 lavari

288 723 566 784 Quemquam
584 759 595 778 ‚
616 723 757 768 Cotile
781 740 789 766 τ
816 739 947 768 causa
967 739 1084 784 quae,
1110 723 1189 766 nisi
1213 722 1306 767 haec
1321 758 1332 779 ‚
1354 722 1442 766 est?

288 793 430 838 Undis
453 810 508 837 ne
532 793 719 838 fovearis
744 795 974 838 irrumatis.

289 865 350 908 Te
376 866 542 926 primus
566 864 668 909 licet
688 864 859 920 abluas,
882 881 1058 910 necesse
1083 874 1169 920 est,

289 935 411 979 Ante
428 937 498 980 hic
525 936 741 993 mentula,
766 953 897 997 quam
920 946 1078 998 caput⁷
1099 934 1283 979 lavetur.
1554 956 1567 979 5

204 1069 223 1085 *
239 1073 352 1119 Hujus
368 1075 627 1121 epigrammatis
642 1076 829 1109 lectionem

152 1138 223 1160 non
256 1127 393 1161 variant
422 1129 633 1163 membranae
661 1137 720 1163 aut
746 1128 830 1162 libri

153 1181 410 1226 typographici.

213 1246 243 1266 1.
275 1234 351 1267 Non
370 1237 432 1267 vis.
461 1235 616 1268 Cotilum
639 1235 831 1269 fellatorem

155 1285 240 1319 alios
269 1286 502 1321 fastidientem
516 1314 525 1329 ,
553 1296 587 1321 et
608 1289 668 1334 qui
689 1289 832 1322 nolebat

156 1350 366 1385 quemquam
393 1341 491 1386 prius
518 1342 554 1373 in
585 1342 673 1374 solio
697 1341 830 1378 lavari,

155 1399 278 1433 notat3
308 1401 341 1426 et
369 1392 474 1426 docet
503 1394 720 1439 spurciorem
752 1407 832 1427 eum

156 1457 248 1487 esse,
265 1458 372 1491 quam
394 1447 554 1492 quemvis
577 1447 694 1481 alium.
722 1448 831 1480 Rami-

158 1500 263 1531 resius.
281 1521 333 1525 —
347 1500 385 1533 In
397 1499 489 1533 solio.
506 1500 591 1534 Vid.
609 1500 720 1546 epigr.
739 1513 833 1541 xrn,

156 1563 281 1596 supra,
314 1553 376 1586 ubi
401 1552 487 1598 quid
520 1553 565 1587 sit
594 1554 704 1586 solium
737 1562 771 1588 et
796 1554 832 1586 in

158 1616 262 1648 quem
284 1618 404 1647 usum,
425 1605 636 1652 disputatur.
659 1608 726 1641 En.

945 1079 979 1116 4.
1016 1075 1062 1107 Te
1079 1075 1211 1119 primus.
1241 1072 1376 1107 Cotilus
1403 1070 1570 1105 formida-

890 1130 950 1161 bat
986 1140 1091 1173 aquas
1121 1127 1333 1167 irrumata53
1368 1125 1406 1158 in
1439 1125 1570 1170 quibus

891 1181 1021 1215 scilicet
1042 1181 1100 1214 alii
1124 1180 1288 1213 lavissent
1306 1179 1478 1212 mentulas
1496 1191 1505 1220 ;
1525 1190 1570 1211 ne

891 1234 999 1280 igitur
1033 1234 1213 1267 irrumatae
1249 1233 1341 1272 sint,
1370 1232 1461 1265 lavet
1497 1232 1572 1275 ipse

891 1288 1052 1333 primus;
1081 1286 1143 1320 sed
1176 1286 1240 1319 hac
1271 1286 1363 1330 lege,
1390 1294 1429 1318 ut
1450 1285 1571 1329 potius

892 1341 1071 1373 obscoenas
1103 1348 1218 1385 partes
1235 1364 1244 1380 ‚
1281 1351 1385 1383 quam
1408 1346 1512 1383 caput
1533 1337 1570 1370 in

892 1393 979 1427 solio
995 1394 1134 1433 abluat,
1159 1391 1255 1438 quod
1276 1392 1433 1424 fellantes
1455 1404 1492 1423 os
1510 1391 1571 1423 ha-

892 1449 978 1480 bent
1000 1459 1177 1492 spurcum.
1200 1446 1279 1478 Lib.
1300 1446 1374 1486 XI,
1399 1444 1571 1490 epigram-

893 1512 948 1534 ma
965 1511 1057 1533 xcvr.

951 1553 983 1586 5.
1007 1552 1123 1598 Caput.
1152 1552 1228 1586 Hoc
1250 1551 1345 1584 enim
1370 1550 1428 1584 illa
1453 1557 1573 1584 conta-

894 1606 1075 1640 minatius.

742 1735 984 1790 LXXI.

619 1893 688 1920 AD
727 1869 1122 1920 6]Ε(;ΙΙ,ΙΑΝ[ΙΜ.“ι

235 2015 498 2061 CANDIDIUS
522 2015 628 2059 nihil
654 2026 719 2060 est
743 2026 808 2070 te,
832 2015 1087 2071 Caeciliane3
1112 2015 1273 2058 notavi.

308 2087 352 2129 Si
379 2086 554 2147 quando
581 2104 633 2131 ex
664 2089 823 2132 nostris
853 2086 1038 2131 disticha
1063 2101 1204 2147 pauca
1232 2083 1351 2145 lego,

221 2222 236 2236 *
255 2224 477 2259 Caecilianum
499 2234 729 2259 veteratorem
746 2226 841 2260 calli-

167 2276 252 2310 dum
275 2278 387 2322 carpit
417 2279 621 2312 facetissime
635 2304 643 2320 ,
668 2279 730 2324 qui
752 2291 841 2324 quo—

168 2330 231 2363 ties
255 2331 369 2376 aliqua
390 2331 544 2364 carmina
562 2332 733 2365 Martialis
749 2332 841 2377 lege-

168 2392 292 2417 rentur
304 2410 314 2426 ,
331 2384 500 2417 continuo
520 2396 559 2418 ea
575 2397 655 2418 cum
671 2384 842 2418 similibus

169 2436 275 2470 Marsi
296 2437 351 2469 vel
374 2437 504 2471 Catulli
522 2438 680 2471 versibus
702 2449 842 2483 compa-

168 2490 266 2523 rabat
278 2516 288 2531 ‚
303 2499 467 2535 tanquam
490 2490 517 2523 si
538 2491 707 2524 Martialis
726 2490 847 2524 carmi-

169 2555 214 2575 na
232 2543 298 2576 illis
317 2543 510 2588 praeferret.
529 2544 622 2577 Dicit
638 2571 647 2585 ,
665 2544 766 2577 malle
787 2555 823 2576 se
837 2569 846 2584 ‚

901 2234 1018 2259 autem
1043 2224 1080 2257 id
1110 2224 1319 2270 epigramma
1346 2234 1410 2268 per
1430 2222 1578 2256 ironiam

903 2286 1109 2312 contextum
1132 2285 1192 2310 est.
1215 2277 1370 2309 Ramnes.

961 2344 990 2364 1.
1026 2330 1172 2364 Callidus
1203 2329 1286 2362 nihil
1312 2338 1358 2361 est
1390 2329 1425 2361 in
1458 2328 1579 2362 codice.

902 2385 1040 2418 Thuan.
1051 2383 1185 2417 librarii
1194 2394 1314 2415 errore
1325 2394 1390 2428 pro
1407 2381 1578 2423 callidius,

903 2446 944 2471 ut
954 2437 1012 2470 alii
1026 2438 1156 2482 legunt.
1168 2457 1219 2462 —-
1230 2435 1416 2469 Candidius.
1428 2436 1579 2469 Ironice.

908 2490 1073 2524 Candidas
1088 2490 1181 2522 enim
1198 2489 1256 2521 ille
1277 2487 1428 2529 dicitur,
1447 2488 1507 2534 qui
1528 2489 1581 2521 in-

905 2555 1019 2589 genue
1040 2551 1073 2576 et
1090 2544 1219 2588 absque
1237 2541 1370 2575 invidia
1383 2540 1581 2587 judicat.—

170 2603 210 2628 ut
243 2596 447 2629 Caecilianus
480 2597 602 2630 recitet
638 2609 718 2638 sua„
741 2609 847 2642 quam
908 2597 1037 2631 Notavi.
1058 2595 1100 2628 Id
1117 2608 1207 2641 saepe
1228 2595 1422 2628 observavi.

171 2648 312 2682 illorum
329 2658 487 2684 veterum
506 2659 700 2695 poetarum.
716 2650 847 2684 Totum

957 2663 988 2683 2.
1001 2649 1069 2682 Alii
1086 2650 1174 2693 legis.
1187 2648 1307 2683 Codex
1322 2657 1435 2682 autem
1450 2646 1581 2680 Arond.
