2061 3288
451 215 1038 263 EPIGRAMMATUM
1077 215 1203 258 LIB.
1243 215 1276 257 Ι.

1478 229 1566 257 12.)

227 309 321 355 Illic
347 324 432 353 aera
461 315 617 351 sonant
643 323 651 349 :
677 314 722 348 at
745 306 909 349 circum
938 303 1103 366 pulpita
1131 311 1302 356 nostra,

302 382 358 424 Et
389 377 553 423 steriles
580 375 832 432 cathedras,
858 376 976 419 basia
1001 373 1090 419 sola
1116 382 1308 434 crepant.

219 523 273 552 13.
294 518 402 551 Janus
428 516 650 550 Guilielmius
668 515 833 548 Verisim.

159 572 220 605 lib.
246 572 318 612 III,
340 583 417 615 cap.
440 582 482 613 19
497 595 506 610 ‚
528 581 568 602 ex
586 567 738 613 quodam
757 567 834 602 cod.

161 625 244 670 legit
271 624 315 656 ad
342 623 467 657 Circum
498 630 529 654 et
554 622 678 667 pulpita
706 630 835 661 nostra3

162 685 318 711 recenset
351 676 443 709 enim
477 675 551 708 loca
581 674 694 720 poetis
727 673 837 708 veluti

161 738 382 770 consecrata,
413 728 537 762 Circum
557 753 566 769 ‚
594 728 630 760 in
660 740 732 773 quo
763 726 838 761 ludi

162 784 292 816 fiebant
329 790 363 815 et
399 781 646 827 spectabantur
686 781 810 814 fabulae
827 793 836 822 ;

162 837 305 881 pulpita,
325 847 343 868 e
363 835 489 880 quibus
505 834 742 867 recitabantur
757 846 838 880 poe-

162 897 273 930 mata3
293 888 457 920 cathedras
472 887 778 933 grammaticorum
790 912 799 929 ,
819 899 838 920 e

163 942 291 987 quibus
315 941 588 987 explicabantur.
610 961 661 967 -—
682 940 755 973 Illic
773 953 838 972 tera

164 1002 286 1027 sonant.
308 995 348 1026 ln
373 994 448 1027 foro
472 1005 597 1039 nempe
613 1019 621 1034 ,
647 993 707 1026 ubi
732 1005 839 1039 pecu-

165 1048 258 1080 niam
278 1047 455 1092 accipiunt
478 1045 654 1079 causidici.

225 1104 282 1140 14.
300 1101 348 1133 Et
364 1101 480 1132 slem'les
496 1099 671 1132 cathedras.
692 1098 840 1132 Nullum

896 514 1174 548 emolumentum
1193 511 1391 545 afferentes.
1403 510 1482 542 Juv.
1499 508 1569 542 Sat.

897 568 967 599 VII
980 591 989 607 ‚
1008 566 1078 600 203
1094 578 1127 600 :«
1145 565 1311 598 Poenituit
1333 563 1461 596 multos
1474 574 1571 595 vanae

895 620 1090 665 sterilisque
1111 617 1295 652 cathedrae.
1305 634 1317 646 n
1326 617 1478 649 —Basia
1491 616 1570 648 sola.

897 672 1086 706 Sciendum
1111 680 1161 705 est
1185 672 1267 704 olim
1290 683 1363 703 non
1388 669 1500 701 solum
1531 668 1572 701 iis

897 726 957 772 qui
980 726 1108 772 scripta
1134 737 1194 758 sua
1214 723 1356 770 publice
1381 722 1574 755 recitarunt

897 780 939 812 ab
965 778 1181 812 auditoribus
1205 777 1301 811 varie
1321 776 1572 813 acclamatum,

897 831 956 866 sed
975 845 1031 865 eos
1043 832 1173 878 pariter
1183 843 1223 864 ac
1237 830 1346 864 libros
1357 829 1450 875 ipsos
1463 854 1472 870 ‚
1488 837 1574 861 tunc

897 886 923 919 si
941 885 1148 931 placuissent
1158 910 1166 926 ‚
1178 884 1341 929 amplexu
1356 890 1458 927 atque
1471 881 1574 915 basiis

896 947 1058 985 exceptos
1074 950 1156 972 esse.
1180 938 1253 970 Hac
1267 936 1311 970 de
1326 949 1364 969 re
1377 935 1504 969 Noster
1521 934 1572 966 lo-

899 993 1042 1038 quitur,
1070 992 1178 1038 epigr.
1206 1004 1242 1024 1v
1257 1015 1266 1033 ‚
1290 1002 1394 1035 supra
1412 1001 1420 1022 z
1448 1005 1462 1018 ιι
1482 989 1574 1021 Dum

900 1045 992 1079 basia
1007 1053 1141 1090 captam,
1160 1053 1222 1078 etc.
1233 1070 1242 1085 ‚
1257 1052 1289 1076 et
1307 1044 1420 1077 forsan
1435 1052 1576 1087 quoque

902 1099 1015 1144 epigr.
1036 1109 1137 1132 van
1149 1123 1157 1137 ,
1178 1110 1212 1131 v.
1228 1099 1263 1131 8.
1280 1097 1344 1130 En.

703 1234 1034 1290 LXXVIII.

659 1379 726 1407 DE
777 1359 1090 1409 CHARINO.*

307 1508 528 1549 PULCHRE
557 1503 671 1548 valet
697 1504 939 1560 Charinus,
965 1514 1008 1549 et
1035 1515 1181 1549 tamen
1204 1503 1347 1566 pallet.

308 1578 443 1620 Parce
469 1575 579 1619 bibit
605 1575 844 1630 Charinus,
867 1585 910 1619 et
938 1586 1084 1620 tamen
1111 1575 1256 1637 pallet.

310 1648 426 1690 Bene
452 1647 688 1706 concoquit
713 1646 956 1703 Charinus,
983 1657 1026 1691 et
1051 1657 1198 1691 tamen
1225 1645 1368 1707 pallet.

311 1716 410 1761 Sole
435 1718 571 1760 utitur
597 1717 837 1773 Charinus,
866 1728 909 1761 et
936 1728 1083 1762 tamen
1110 1717 1253 1778 pallet.

310 1788 456 1848 Tingit
480 1796 624 1832 cutem
649 1788 889 1844 Charinus,
915 1798 958 1833 et
981 1799 1128 1833 tamen
1153 1787 1298 1850 pallet.

313 1859 518 1902 Cunnum
544 1858 762 1902 Charinus
792 1857 939 1920 lingit,
967 1869 1010 1904 et
1038 1869 1184 1904 tamen
1210 1857 1354 1920 pallet.

226 1989 240 2004 '¹
262 1995 309 2027 De
328 1993 446 2027 Cat-ino
460 2020 468 2034 ,
487 1994 613 2026 lemma
639 2002 689 2027 est
710 1994 745 2027 in
767 1994 845 2028 Ald.

172 2048 269 2080 Junt.
290 2047 404 2080 Colin.
422 2055 456 2080 et
473 2047 549 2080 aliis
569 2055 652 2081 vett.

213 2101 457 2133 ——Enumerat
466 2100 635 2133 Martialis
645 2100 762 2134 omnia
773 2113 849 2146 quae

174 2152 218 2186 ad
234 2165 362 2198 corpus
375 2152 600 2186 colorandum
614 2162 698 2186 sunt
713 2166 849 2187 accom-

175 2205 313 2238 modata
334 2219 343 2247 ;
382 2205 551 2250 integram
584 2205 846 2249 valetudinem;

175 2271 320 2304 parcum
339 2266 460 2304 potum
477 2283 485 2299 ‚
507 2271 587 2292 nam
607 2261 666 2304 qui
684 2260 777 2305 large
796 2260 849 2293 bi-

176 2311 278 2352 bunt,
289 2312 401 2344 solent
414 2310 597 2357 hydropisi
611 2313 666 2345 vel
681 2313 747 2345 alio
760 2326 850 2347 mor-

175 2365 222 2397 bo
242 2365 393 2410 pallere3
415 2365 542 2397 bonam
564 2366 826 2399 concoctionem
841 2392 851 2408 ‚

176 2430 257 2450 nam
273 2417 372 2451 crudi
389 2416 508 2462 pallidi
522 2426 621 2459 sunt3
636 2418 716 2451 solis
730 2431 829 2451 usum
843 2446 852 2461 ,

177 2471 237 2515 qui
254 2471 451 2511 colorabat,
470 2469 566 2503 unde
583 2471 744 2504 colorarii
762 2471 853 2505 dice-

177 2523 319 2563 bantur,
334 2524 394 2569 qui
416 2534 530 2557 cutem
547 2525 714 2557 curabant
734 2524 779 2558 ad
798 2538 852 2558 so-

908 1996 995 2037 lcm;
1015 2004 1201 2029 uncturam
1222 1994 1400 2040 corporis,
1417 1992 1488 2026 sive
1507 1992 1583 2024 oleo

908 2048 951 2082 ad
977 2049 1104 2090 solem,
1126 2049 1198 2082 sive
1225 2048 1327 2082 etiam
1356 2047 1455 2087 fuco,
1480 2057 1582 2091 quem

907 2102 1005 2147 quasi
1028 2101 1231 2135 decolorant
1254 2113 1293 2135 ac
1314 2097 1485 2146 pallidum
1504 2096 1583 2131 red-

908 2155 999 2188 dunt
1026 2154 1203 2189 morbidi:
1225 2154 1299 2187 haec
1326 2152 1443 2186 onmia
1473 2163 1583 2196 quum

909 2209 1127 2254 experiretur
1146 2208 1318 2242 Charinus
1336 2233 1345 2248 ,
1365 2205 1517 2252 pallebat
1537 2212 1586 2237 ta-

908 2274 987 2294 men
1003 2287 1011 2303 ,
1032 2262 1112 2307 quia
1143 2261 1239 2307 turpi
1265 2260 1351 2293 vitio
1380 2258 1560 2291 laborabat
1577 2281 1587 2296 ‚

909 2314 1007 2361 quod
1028 2323 1127 2348 notat
1147 2315 1272 2347 ultimo
1291 2325 1393 2345 versu
1417 2319 1531 2355 poeta.

966 2372 999 2408 4.
1024 2368 1097 2401 Sole
1127 2370 1247 2406 utitur,
1278 2375 1342 2399 etc.
1371 2365 1438 2397 Hic
1469 2375 1586 2397 versus

912 2420 1006 2454 deest
1022 2421 1057 2453 in
1075 2419 1283 2466 quibusdam
1301 2416 1511 2452 membranis
1524 2441 1533 2456 ‚
1552 2424 1587 2448 et

913 2473 991 2507 edd.
1011 2482 1093 2507 vett.
1114 2472 1194 2506 Ald-
1213 2474 1312 2506 Junt.
1331 2472 1433 2506 Colin
1446 2496 1455 2512 ‚
1478 2478 1544 2503 etc.

966 2529 999 2560 6.
1021 2528 1054 2559 E
1057 2535 1069 2558 t
1084 2535 1196 2561 tamen.
1210 2527 1365 2566 Ironice‚
1380 2536 1445 2570 pro
1462 2532 1492 2555 et
1506 2522 1585 2555 ideo.
