2061 3288
439 211 1019 258 EPIGRAMMATUM
1059 211 1184 254 Llss.
1226 212 1307 253 IV.

1482 209 1580 272 399

307 301 376 347 Sic
403 299 607 362 prohibet
632 309 802 344 teneras
829 313 1000 360 gemma
1026 296 1160 341 latere
1184 313 1316 341 rosas.

234 370 409 427 Insilui,
432 387 684 432 mersusque
706 370 827 415 vadis
850 369 1059 414 luctantia
1080 370 1223 430 carpsi

303 443 427 487 Basia
453 458 462 486 ε
492 443 731 504 perspicuae
758 441 854 503 plus
884 440 1079 485 vetuistis
1105 455 1238 500 aquae.

302 583 543 642 Κρύςαλλός
564 599 608 625 τε
623 582 758 625 λαθεῖν
780 584 852 625 οὐκ
871 581 946 624 {ia
964 579 1019 623 τὰ
1042 574 1157 640 ῥόδα.

233 647 381 704 Είσδὺς
408 656 485 696 ἐνὼ
506 655 554 697 τὸ
575 653 764 713 λοετρὸν,
785 652 1042 711 ἀναινομέντΝ
1065 650 1248 710 ἐφίλησα·

435 689 443 715 Ι

301 726 386 767 Τοῦ
407 719 452 767 δὲ
475 725 593 768 πλέον
615 726 770 784 τολμᾷν
794 719 892 784 εἶρξε
914 717 1074 784 διαυγὲς
1094 716 1218 782 ὕδωρ.

161 869 253 903 lucet
263 869 371 915 aquis,
385 877 427 903 ut
438 870 590 903 eburnea
601 869 628 902 si
642 869 719 915 quis
730 868 837 914 Signa

160 929 252 967 tegat
270 924 365 956 claro
379 923 434 956 vel
451 922 601 956 candida
614 922 686 955 lilia
705 922 832 955 vitro.»

158 975 248 1008 Item
277 975 362 1010 dicit
391 975 601 1009 Ramiresius
625 974 669 1009 de
691 976 777 1008 rosis
800 975 837 1008 in

159 1029 315 1073 sequenti
331 1041 434 1062 versu
448 1042 457 1071 3
474 1030 529 1062 vel
549 1029 639 1062 forte
651 1054 659 1069 ‚
676 1028 724 1061 ait
735 1054 743 1069 ‚
763 1028 837 1061 haec

159 1082 262 1114 ambo
289 1081 512 1128 intelligenda
536 1090 617 1115 sunt
642 1081 687 1114 de
714 1094 837 1127 specu-

158 1133 289 1168 laribus
311 1136 441 1180 quibus
472 1135 630 1169 solebant
650 1135 772 1168 hortos
802 1143 837 1168 et

158 1187 245 1220 vites
257 1188 346 1233 ipsas
357 1196 472 1233 tegere
487 1201 532 1221 ne
548 1189 677 1233 frigore
688 1196 745 1221 aut
759 1200 836 1221 aere

158 1239 379 1275 laederentur.
400 1240 484 1274 Vid.
506 1242 566 1274 lib.
592 1242 700 1283 VIII,
724 1242 834 1287 epigr.

158 1305 235 1335 ΧΠ,
252 1306 304 1327 vs.
324 1295 358 1328 3.

212 1349 247 1380 6.
268 1347 336 1381 Pro
365 1355 484 1380 teneras
511 1347 732 1381 Schrevelius
753 1347 837 1393 legit

159 1401 269 1433 tenuis.
289 1418 342 1425 -—
361 1400 504 1434 Gemma.
524 1401 639 1434 Omne
653 1402 785 1434 vitrum
801 1409 837 1434 et·

159 1464 302 1485 omnem
324 1454 503 1486 materiam
523 1466 599 1499 quae
622 1454 705 1487 vitri
726 1454 836 1487 instar

158 1505 247 1538 nitet
270 1518 308 1539 ac
329 1507 507 1551 perlucet,
542 1507 695 1552 appellat
727 1507 834 1541 Poeta

155 1569 322 1601 gemmam.
333 1559 416 1592 Vid.
429 1560 491 1592 lib.
504 1561 594 1592 XIII
604 1585 613 1600 ,
628 1560 833 1605 epigramm.

159 1622 298 1653 vanr,
320 1625 370 1646 vs.
393 1613 434 1655 53
454 1613 515 1646 lib.
534 1613 624 1654 XII,
646 1614 756 1658 epigr.
776 1626 834 1656 XL,

898 881 947 901 vs.
972 867 1013 909 33
1036 868 1098 901 lib.
1126 868 1228 908 XIV,
1249 866 1360 912 epigr.
1387 880 1430 900 xx
1458 875 1492 901 et
1518 881 1578 908 cx,

898 930 964 955 etc.
992 943 1044 947 ——
1075 922 1188 954 Rosos.
1218 920 1298 953 Non
1323 929 1455 953 temere
1485 934 1578 955 rosas

896 974 1043 1020 liliaque
1066 975 1171 1019 elegit
1191 974 1318 1007 Noster
1339 974 1407 1007 hoc
1428 974 1506 1008 loco
1526 973 1579 1008 ‹li-

896 1026 1139 1068 numeranda3
1163 1027 1228 1060 fuit
1247 1027 1341 1060 enim
1363 1040 1499 1073 semper
1521 1028 1579 1062 hic

898 1094 972 1114 mos
987 1081 1114 1126 poetis,
1128 1090 1167 1114 ut
1185 1079 1359 1126 quidquid
1375 1081 1411 1113 in
1428 1081 1578 1126 puellari

895 1142 1078 1168 venustate
1096 1135 1174 1167 lene
1194 1134 1315 1175 rubet,
1339 1142 1402 1167 aut
1430 1134 1579 1179 pulchre

895 1188 1055 1227 albescit,
1073 1188 1159 1220 rosis
1175 1195 1209 1220 et
1224 1186 1305 1220 liliis
1319 1196 1577 1232 compararent,

952 1242 986 1274 8.
1016 1241 1137 1274 Oscula
1164 1239 1273 1273 codex
1298 1240 1498 1274 Vaticanus.
1524 1262 1576 1268 —

896 1294 1078 1339 Perspicuae
1102 1294 1175 1339 plus
1191 1320 1200 1333 ,
1232 1302 1297 1327 etc.
1318 1293 1371 1326 Ne
1394 1294 1495 1340 plene
1520 1307 1577 1328 me

895 1347 947 1380 illi
966 1347 1188 1381 conciliarem
1203 1372 1213 1388 ‚
1231 1359 1432 1392 progressus
1452 1346 1495 1380 ad
1513 1361 1577 1380 ειε-

896 1408 963 1432 tera
993 1404 1062 1445 quis
1095 1402 1193 1433 nescit
1212 1426 1221 1440 ,
1255 1400 1484 1446 perspicuitas
1519 1401 1577 1434 vel

894 1452 1086 1487 humiditas
1118 1465 1288 1498 aquarum
1325 1454 1394 1487 fuit
1422 1453 1576 1499 impedi-

894 1514 1026 1539 mento.
1061 1527 1114 1532 ———
1145 1507 1226 1539 Plus
1261 1505 1355 1539 idem
1392 1515 1442 1539 est
1478 1507 1576 1552 quod

896 1559 1003 1593 Ovid.
1016 1568 1131 1592 caetera
1144 1573 1155 1592 .·
1177 1577 1190 1588 «
1208 1559 1335 1593 Oscula
1351 1560 1411 1604 qui
1429 1561 1578 1605 sumpsit

895 1613 923 1647 si
944 1625 1015 1646 non
1034 1621 1068 1646 et
1082 1621 1208 1646 caetera
1225 1613 1374 1658 sumpsit
1388 1639 1397 1655 ,
1419 1630 1432 1642 »
1456 1621 1522 1647 etc.

743 1747 994 1803 XXIII.

444 1906 512 1933 AD
552 1903 824 1944 THALIAM,
857 1904 921 1931 Dr„
960 1883 1286 1933 Βῑὶῐζτπιιωῑοῖί

364 2029 482 2072 DUM
511 2037 560 2071 tu
590 2026 707 2072 lenta
737 2028 887 2081 nimis,
913 2026 1075 2088 diuque
1104 2027 1282 2088 quaeris,

208 2167 223 2180 *
247 2169 468 2201 Leustricum
486 2169 695 2203 Brutianum
708 2194 717 2210 ‚
735 2169 829 2214 opti-

155 2232 250 2253 mum
271 2230 304 2254 et
318 2222 581 2266 integerrimum
599 2223 714 2255 virum
733 2222 830 2255 testi-

154 2274 275 2307 monio
292 2274 395 2307 Plinii
409 2275 575 2319 junioris,
591 2275 653 2308 lib.
665 2276 718 2308 VI
729 2301 738 2315 ‚
753 2275 828 2319 epi-

154 2326 242 2359 stola
264 2339 306 2359 22
326 2353 335 2367 ,
350 2326 466 2360 laudat
486 2336 524 2360 ut
544 2337 683 2373 poetam
704 2328 828 2373 elegia-

153 2391 235 2411 cum
252 2387 285 2412 et
304 2380 645 2425 epigrammatarium
659 2393 807 2426 graecum
818 2407 826 2422 ‚

151 2432 437 2478 nobilissimoque
459 2445 570 2478 graeco
602 2434 829 2478 epigramma-

152 2485 241 2517 tario
256 2484 471 2519 Callimacho
488 2485 776 2527 anteferendum3
797 2495 831 2520 et

152 2546 252 2583 optat
277 2547 316 2571 ut
333 2563 343 2579 ‚
374 2539 402 2571 si
439 2539 688 2584 epigrammata
725 2539 829 2572 latina

152 2591 298 2632 scribat,
313 2591 487 2625 secundus
503 2592 575 2637 ipse
589 2593 631 2625 ab
650 2605 691 2625 co
705 2605 830 2625 nume-

151 2651 263 2677 retur.
287 2644 347 2678 Est
373 2653 490 2679 autem
519 2653 632 2680 totum
663 2646 831 2691 epigram-

890 2181 945 2201 ma
968 2176 1181 2214 conceptum
1195 2181 1259 2215 per
1275 2169 1511 2215 apostrophen
1527 2170 1570 2203 ad

889 2221 1049 2255 Thaliam
1076 2235 1222 2255 musam.
1245 2223 1400 2255 Ramires.

941 2296 994 2302 —-
1024 2275 1083 2307 Ad
1113 2275 1260 2308 Thaliam
1296 2276 1422 2309 lemma
1452 2284 1502 2310 est
1532 2276 1567 2309 in

889 2327 970 2361 edd.
992 2336 1076 2361 vett.

945 2394 977 2414 Ι.
1002 2381 1088 2412 Dum
1105 2388 1137 2412 lu
1157 2381 1240 2412 lenta
1260 2382 1363 2414 nimis.
1381 2380 1437 2414 Sic
1457 2382 1568 2415 totius

888 2434 1147 2478 epigrammatis
1169 2446 1307 2466 sensum
1330 2442 1495 2478 putamus
1515 2436 1569 2468 in-

889 2485 1116 2531 telligendum
1132 2498 1139 2519 ε
1157 2486 1188 2517 O
1200 2486 1322 2519 Thalia
1334 2510 1343 2526 ‚
1359 2486 1445 2520 dum
1462 2487 1570 2521 dubia

889 2539 998 2573 liaeres
1013 2547 1048 2572 et
1068 2538 1314 2573 cunctabunda
1327 2566 1336 2580 ‚
1355 2539 1570 2577 ‹hudenhe-

889 2605 944 2625 ras
968 2592 1063 2637 quis,
1089 2595 1170 2624 inter
1194 2593 1385 2625 Ennianum
1411 2602 1439 2625 et
1469 2594 1571 2626 Calli-

892 2646 1031 2678 machum
1049 2673 1057 2685 ,
1089 2645 1224 2690 primus
1257 2645 1502 2691 secundusque
1531 2647 1573 2679 sit
