2061 3288
444 275 468 301 2
821 254 883 297 M.
906 254 1052 297 VAL.
1095 253 1481 297 MARTIALIS

580 342 790 387 Assiduus
811 341 947 402 jactet
971 356 1052 384 nec
1078 339 1301 401 Babylona
1325 339 1470 396 labor3

508 416 602 460 Nec
626 413 782 458 Triviae
808 410 973 473 templo
999 410 1152 455 molles
1178 410 1411 456 laudentur
1435 410 1647 464 honores;

578 532 800 597 Κομπάζοι
825 537 999 595 λιπαρὴς
1027 534 1079 595 μὴ
1110 531 1334 578 Βαὲυλῶνα
1358 534 1504 584 κόπος·

507 611 577 657 Μὴ
606 613 680 664 ναξ)
708 600 940 667 Ᾰρτέμιδος
966 605 1151 666 τρυφεροὶ
1179 600 1384 667 κλῃζοίατ’
1415 592 1550 658 Ϊωνες,

437 736 591 782 Memphis
605 762 613 776 ,
630 735 714 768 urbs
729 732 873 779 AEgypti
888 731 1118 774 nobilissima,

437 788 630 824 secundum
646 788 832 834 plerosque
848 784 956 819 hodie
967 785 995 817 le
1011 784 1116 818 Caly-e.

437 844 555 885 Quum
576 851 690 875 tamen
720 841 762 873 ab
786 839 894 873 altera
920 846 1019 883 parte
1046 837 1119 871 Nili

436 896 563 937 fuerit,
583 908 601 928 e
618 893 760 939 regione
779 892 891 932 CaIri,
911 892 1008 938 cujus
1027 891 1117 924 nihil

439 957 571 982 exstare
600 955 727 994 praeter
753 957 908 986 nomen,
934 944 1118 986 Menchis,

436 1010 537 1048 putat
559 1000 754 1041 Postellus,
774 1010 862 1032 vana
885 1006 936 1030 est
961 997 1019 1030 illa
1041 997 1119 1042 opi-

436 1057 509 1089 nio.
533 1055 680 1094 Strabo‚
703 1052 762 1085 lib.
784 1051 909 1092 XVII,
931 1050 996 1092 ait,
1016 1068 1028 1079 «
1049 1050 1120 1095 Py-

437 1107 589 1142 ramides
602 1119 679 1152 quae
693 1103 787 1151 apud
801 1103 998 1149 Memphim
1015 1111 1119 1144 sunt,

436 1162 471 1195 in
503 1160 672 1194 ulteriore
703 1158 849 1203 regione
881 1168 1052 1202 apparere
1076 1173 1089 1185 n
1110 1182 1120 1197 ,

437 1214 570 1248 scilicet
601 1210 795 1257 Babylonis
827 1210 958 1243 castelli
993 1217 1119 1242 natura

436 1267 562 1301 muniti
573 1280 591 1300 a
603 1264 805 1310 Babyloniis
816 1261 1025 1309 quibusdam
1039 1275 1120 1295 con-

435 1320 524 1358 diti,
549 1329 586 1353 ut
612 1319 659 1352 ait
681 1316 776 1350 idem
805 1316 950 1350 Strabo:
971 1308 1051 1349 fiori
1079 1313 1117 1348 δὲ

434 1374 495 1420 γὰρ
519 1375 583 1407 ἀπὸ
605 1376 659 1405 τοῦ
680 1372 786 1404 Δέλτα.
804 1371 980 1415 reia-Lemni)
1002 1369 1043 1406 εἰς
1060 1369 1118 1401 αὺ-

436 1433 505 1463 vm·
533 1427 645 1460 tribus
670 1422 820 1457 schoenis
839 1435 858 1456 a
878 1422 979 1454 Delta
999 1420 1117 1454 dissita

437 1489 488 1514 est
503 1478 682 1524 Memphis
701 1488 839 1522 nempe.
861 1475 1051 1508 Schoeuum
1076 1486 1118 1507 ex

437 1532 561 1567 eodem
591 1530 764 1565 Strabone
796 1529 888 1561 libro
920 1528 1025 1561 citato
1054 1527 1118 1560 tri-

436 1587 531 1632 ginta
561 1583 672 1619 stadia
700 1581 966 1628 complectitur3
993 1593 1118 1614 secun-

437 1639 522 1673 dum
534 1636 753 1671 Herodotum
766 1634 941 1680 sexaginta
951 1632 1118 1667 :stadium

437 1705 521 1727 vero
540 1702 702 1725 mensura
721 1697 771 1722 est
786 1687 918 1734 pedum
939 1695 1118 1720 sexcento-

437 1759 539 1786 rum,
562 1753 601 1777 ut
630 1741 737 1777 tradit
764 1740 917 1775 Budaeus
937 1753 979 1773 ex
1003 1740 1118 1773 Hero·

439 1798 551 1839 doto,
581 1797 641 1830 lib.
672 1796 707 1829 II
725 1821 734 1837 ‚
764 1794 807 1828 de
835 1792 1038 1838 labyrintho
1066 1793 1119 1826 lo-

438 1859 581 1898 quente.
601 1849 738 1883 Plinius
753 1874 761 1889 ,
783 1848 847 1881 lib.
864 1848 919 1888 II,
939 1858 1013 1892 cap.
1047 1846 1091 1880 23
1109 1872 1118 1887 ‚

438 1906 506 1939 ait:
523 1923 535 1934 ιι
549 1902 710 1937 Stadium
722 1908 860 1934 centum
873 1899 998 1945 viginti
1011 1899 1118 1945 quin-

439 1971 507 2005 que
536 1965 673 1990 nostros
705 1954 813 1988 efficit
840 1966 980 1999 passus,
1011 1951 1118 1998 pedes

439 2019 620 2045 sexcentos
635 2008 761 2054 viginti
777 2007 946 2052 quinque.
969 2023 982 2034 ι·

484 2065 674 2110 amisa-'rrius
683 2059 1118 2104 AndreasAlciatus‚que1n

441 2117 579 2163 sequuti
597 2124 678 2149 sunt
697 2113 826 2147 Junius
843 2121 877 2146 et
894 2112 1053 2145 Schotus.
1068 2131 1121 2137 —

443 2171 599 2205 Assiduus
621 2169 719 2201 labor.
738 2166 804 2200 Hic
827 2166 938 2204 labor,
952 2163 1120 2198 laudandi

441 2223 659 2268 intelligitur,
673 2234 744 2253 non
762 2217 979 2257 aedificandi3
996 2226 1119 2262 estque

442 2276 532 2310 idem
562 2274 659 2321 quod
686 2273 850 2306 Horatius
878 2280 979 2305 vocat
1008 2283 1119 2303 unum

442 2342 530 2375 opus
554 2329 590 2361 in
618 2327 673 2360 his
692 2326 869 2360 versibus:
897 2342 909 2354 ιι
932 2324 1020 2357 Sunt
1041 2323 1119 2369 qni-

442 2385 504 2415 bus
520 2394 629 2414 unum
643 2393 734 2425 opus
751 2387 801 2412 est
814 2379 952 2411 intactae
970 2375 1119 2410 Palladis

441 2447 534 2469 arces
558 2434 721 2467 Carmine
742 2440 912 2478 perpetuo
931 2431 1118 2463 celebrare.

440 2487 702 2527 —Babyl0m1›·,
720 2485 756 2518 id
769 2493 829 2524 est,
842 2484 1032 2529 Babylonis
1043 2496 1116 2515 mu-

440 2554 497 2574 ros
505 2566 515 2581 ,
530 2540 620 2572 inter
630 2539 725 2571 orbis
735 2537 899 2570 miracula
908 2536 1114 2577 recensitos,

441 2605 591 2639 quorum
609 2591 759 2624 ambitus
774 2590 952 2635 octoginta
964 2598 1116 2635 quatuor

440 2645 547 2680 stadia
571 2643 867 2689 complectebatur
879 2668 886 2681 ‚
902 2651 987 2675 teste
1002 2642 1115 2674 Hero-

437 2698 612 2743 dot0‚lil).
633 2699 669 2738 1,
687 2696 739 2730 vel
757 2695 945 2739 Babylonis
966 2694 1114 2739 pensiles

1182 731 1304 765 hortos
1313 756 1322 772 ‚
1331 729 1375 763 de
1388 729 1517 776 quibus
1526 738 1603 763 tum
1613 729 1655 762 ab
1666 728 1841 763 historicis
1851 755 1860 771 ‚

1179 792 1254 818 tum
1276 796 1293 817 a
1316 784 1428 829 poetis
1450 783 1559 816 multa
1577 791 1776 815 narrantur.
1797 783 1861 815 Ba-

1178 838 1290 883 bylon
1314 849 1399 870 vero
1425 836 1492 869 fuit
1520 835 1603 868 urbs
1633 835 1859 870 celeberrima

1178 889 1225 924 ad
1255 889 1471 936 Euphratem
1486 915 1496 931 ‚
1524 889 1622 934 cujus
1652 889 1756 922 situm
1784 889 1860 922 fuse

1178 943 1331 989 explicat
1346 940 1566 981 Herodotus,
1585 941 1646 974 lib.
1666 942 1684 973 I
1699 967 1708 983 ,
1729 940 1774 974 de
1790 954 1859 987 qua

1179 995 1286 1030 Ovid.
1309 996 1452 1029 Metam.
1469 995 1533 1028 IV.
1551 994 1705 1027 Orientis
1723 994 1860 1040 regina,

1179 1061 1239 1082 arx
1247 1049 1431 1082 Persarum
1442 1060 1480 1081 ac
1491 1059 1614 1094 regum
1624 1045 1859 1090 domicilium,

1177 1103 1278 1148 cujus
1306 1100 1468 1135 conditor
1487 1100 1580 1134 Mosi
1602 1112 1643 1133 ex
1671 1100 1761 1135 Gen.
1783 1101 1858 1134 lau·

1179 1154 1283 1189 datur
1303 1155 1528 1188 Nembrotus.
1550 1153 1618 1187 En.

1233 1207 1252 1240 3
1259 1234 1266 1242 .
1277 1208 1355 1241 Non
1362 1207 1452 1241 nulli
1465 1207 1559 1239 moles
1568 1205 1739 1239 laudentur
1747 1206 1838 1239 Iones
1845 1220 1858 1247 ;

1178 1259 1334 1295 Raderus
1349 1261 1442 1294 enim
1457 1273 1475 1294 e
1485 1261 1577 1304 conj.
1595 1259 1760 1305 Scaligeri
1774 1259 1859 1292 scri-

1177 1323 1292 1359 pserat
1303 1340 1311 1355 ‚
1325 1315 1431 1346 molles
1445 1313 1614 1346 laudentur
1628 1313 1733 1352 Iones;
1749 1311 1858 1358 idque

1178 1367 1319 1401 exhibet
1339 1365 1393 1400 ed.
1415 1367 1494 1400 Par.
1525 1365 1620 1411 1754
1637 1377 1646 1407 ;
1665 1373 1698 1398 et
1714 1364 1858 1399 Grono-

1177 1420 1253 1453 vius
1270 1420 1319 1453 nil
1333 1420 1450 1453 verius
1464 1419 1695 1464 elegantiusve
1709 1417 1858 1464 judicat.

1177 1473 1270 1506 Hinc
1288 1474 1330 1506 D.
1352 1473 1471 1506 Heius.
1490 1471 1532 1505 ad
1556 1470 1680 1506 Claud.
1707 1472 1759 1513 X,
1782 1472 1827 1505 88
1842 1496 1853 1511 ‚

1178 1539 1275 1558 mores
1289 1526 1457 1559 laudentur
1470 1526 1574 1558 Iones.
1588 1524 1723 1557 Petitus
1736 1524 1860 1558 rescri-

1176 1578 1332 1612 bendum
1363 1580 1454 1625 conj.
1491 1578 1618 1610 leet-ones
1648 1590 1690 1611 ex
1719 1577 1834 1610 Plinio
1845 1604 1854 1618 ,

1177 1632 1357 1674 XXXVI,
1383 1634 1440 1666 16.
1471 1632 1578 1664 molles
1599 1631 1771 1663 laudentur
1799 1631 1856 1663 leo-

1178 1698 1268 1718 ποι-ες
1285 1698 1406 1718 omnes
1425 1683 1528 1719 codd.
1543 1691 1726 1717 testantur.
1747 1684 1857 1717 Caete-

1177 1751 1257 1771 rum
1275 1738 1385 1772 Scriv.
1401 1737 1638 1783 interpungit:
1654 1737 1723 1770 Nec
1740 1737 1858 1769 Triviae

1179 1792 1293 1837 templo
1315 1792 1409 1824 moles
1427 1791 1595 1824 laudentur
1609 1803 1621 1823 .·
1636 1790 1765 1823 honores
1781 1790 1859 1822 Dis-

1177 1845 1362 1891 simuletque
1377 1871 1386 1885 ,
1409 1852 1468 1877 etc.
1489 1843 1582 1876 Vide
1599 1843 1681 1876 infr.
1703 1862 1754 1869 —-
1782 1843 1856 1875 Tri-

1178 1900 1242 1931 wioe
1272 1898 1395 1943 templo.
1425 1897 1544 1930 Dianae
1569 1896 1728 1941 Ephesiae
1740 1921 1749 1937 ‚
1779 1908 1856 1941 quae

1184 1952 1293 1984 Trivia
1315 1949 1447 1984 dicitur
1470 1962 1488 1982 a
1512 1949 1643 1994 triplici
1664 1961 1766 1982 cursu
1791 1949 1856 1982 sub

1179 2003 1330 2038 Zodiaco
1341 2028 1349 2040 ,
1364 2001 1559 2037 secundum
1573 2001 1831 2047 longitudinem
1845 2027 1856 2043 ‚

1179 2056 1400 2090 latitudinem
1422 2065 1455 2090 et
1471 2054 1693 2089 altitudinem
1711 2067 1719 2088 :
1736 2054 1790 2087 vel
1809 2055 1854 2087 ob

1180 2110 1352 2155 triplicem
1375 2111 1448 2154 ejus
1468 2109 1503 2142 in
1522 2109 1606 2142 caelo
1617 2133 1626 2148 ‚
1642 2108 1741 2141 terris
1757 2116 1790 2140 et
1803 2107 1856 2140 in-

1179 2163 1261 2196 feris
1273 2171 1494 2208 potestatem.
1508 2161 1637 2195 Triviis
1651 2161 1755 2194 etiam
1768 2173 1856 2207 prae-

1180 2228 1251 2250 esse
1265 2217 1385 2250 fertur.
1400 2216 1571 2248 Referunt
1580 2214 1637 2247 alii
1651 2213 1694 2247 ad
1710 2223 1777 2247 tres
1792 2212 1855 2246 de·

1177 2268 1277 2303 cades
1290 2269 1434 2310 mensis,
1448 2270 1622 2313 ἱσταμένου
1632 2291 1642 2307 ‚
1656 2271 1833 2312 μεσοῦντοσ
1845 2291 1855 2307 ,

1178 2324 1371 2368 φθινομένου.
1394 2343 1446 2348 -—
1469 2322 1585 2355 sslolles
1607 2320 1774 2352 laudentur
1799 2320 1854 2352 lo-

1178 2389 1241 2409 nes.
1272 2376 1421 2421 Propter
1443 2375 1564 2407 molles
1594 2375 1716 2414 Ionas,
1740 2371 1854 2404 omnis

1179 2429 1346 2474 nequitiae
1363 2428 1562 2461 inventores
1573 2453 1581 2468 ‚
1605 2427 1712 2459 Deam
1731 2424 1854 2457 multi-

1176 2482 1375 2515 mammiam
1390 2507 1398 2521 ‚
1419 2481 1493 2513 festi
1514 2491 1646 2512 summa
1660 2491 1739 2511 cum
1756 2490 1855 2523 pom-

1175 2548 1219 2580 pa
1245 2543 1279 2568 et
1309 2534 1455 2567 mollitie
1481 2533 1712 2571 celebratam,
1741 2543 1854 2563 sacer·

1176 2587 1295 2621 dotem
1334 2586 1485 2630 denique
1523 2592 1721 2618 castratum.
1760 2582 1855 2618 Vide

1176 2642 1265 2685 Aug.
1279 2640 1443 2673 Politian.
1454 2638 1600 2670 Miscell.
1611 2650 1642 2670 c.
1656 2638 1674 2670 5
1686 2649 1716 2670 1.
1733 2653 1747 2665 «
1761 2636 1854 2669 Mol-

1176 2694 1215 2726 lis
1232 2705 1311 2737 quae
1327 2691 1440 2725 tendit
1459 2692 1543 2723 Iona
1569 2708 1599 2731 n,
1613 2690 1718 2735 Prop.
1733 2689 1793 2723 lib.
1814 2689 1849 2727 I,
