2061 3288
411 201 493 243 E'l
531 197 896 241 OPERlbUS
935 191 1338 238 MARTIALIS.
1502 203 1578 230 xm

166 294 205 332 Ω
232 288 438 349 ἄνθρωπε,
465 288 542 348 ἐγὼ
571 288 701 346 Κῦρος
733 285 831 345 εἰμὶ,
858 288 877 327 ὁ
906 285 977 331 τὴν
1007 282 1133 342 ἀρχὴν
1169 284 1252 329 τοῖς
1282 278 1455 337 Πέρσαις
1493 292 1581 318 κτι-

166 362 334 420 σάμενος
375 358 442 401 καὶ
470 364 543 408 τῆς
572 349 697 407 Ᾱσίας
734 357 953 411 βασιλευς
987 354 1040 413 μὴ
1072 354 1116 395 οὐ
1149 350 1344 410 φθονήσῃς
1375 364 1446 390 του
1478 349 1581 406 'mvi'—

169 448 321 488 υατος·
352 439 401 473 ut
429 426 740 489 Saldanapali:
762 426 918 487 Ἰοὶρσον
944 442 988 467 τε
1020 422 1085 467 καὶ
1113 415 1318 483 Αγχίαλον
1351 421 1423 479 μιᾷ
1453 418 1582 477 ’ἡμέρᾳ

168 503 245 562 ἐγὼ
265 502 428 556 ἔ,κτισα
450 506 515 542 νῦν
540 493 584 542 δὲ
612 516 655 542 τε
641 498 816 546 έ·θνη·,<.α;
841 496 1099 558 plerumque
1122 502 1266 536 autem
1294 489 1512 540 v·e1sil)us‚
1537 497 1585 530 ut

169 535 467 616 Simonidetim
494 571 783 631 epigramma,
805 585 892 629 quo
912 564 1102 626 Casmyli
1124 562 1284 607 Rhodii
1306 577 1488 614 nomen,
1510 574 1582 620 pa-

170 643 319 698 triam,
346 651 514 702 patrem
542 651 585 684 et
613 641 806 685 victoriae
836 638 981 683 locum
1014 653 1064 681 ac
1093 651 1230 697 genus
1257 632 1486 694 exprimit:

326 749 422 786 Εἶπον
440 754 488 792 τίς
502 778 512 793 .,
527 754 609 791 τίνος
632 753 720 793 ἐσσὶ,
736 753 818 789 τίνος
837 746 997 795 πατρίδος
1010 774 1020 791 ,
1037 745 1110 781 ride
1130 749 1229 789 νικῇς.

383 807 556 851 Κάσμυ).<,ς
578 807 736 849 Εὐαγόρου
750 830 758 845 ,
776 805 882 838 Πύθια
896 829 904 842 ,
925 802 989 843 πὺξ
1001 827 1010 843 ,
1028 795 1153 838 ῥόδιος-
1167 802 1177 817 ¹

172 902 303 958 Quod
330 903 389 945 sic
418 902 574 945 Latine
606 916 866 945 conversum
894 908 986 943 est:

329 1005 400 1041 Dic
420 1005 503 1054 quis
523 1018 580 1050 cs,
601 1013 636 1040 ct
656 1003 783 1051 cujus,
801 1015 885 1052 quae
906 1001 1029 1052 patria
1044 1029 1052 1044 ‚
1072 1000 1272 1050 palmaque
1296 1010 1444 1048 pugnae.

381 1069 578 1118 Casmylus
595 1072 798 1119 Evagorae,
816 1066 971 1116 Pythia,
994 1065 1095 1102 lucta
1107 1093 1116 1110 ‚
1133 1063 1305 1101 Rhodos.

173 1178 229 1219 At
249 1192 351 1219 mox
373 1177 415 1219 in
434 1175 568 1219 libros
588 1173 846 1219 translatum
869 1182 934 1216 est
953 1172 1248 1233 epigramma,
1267 1171 1324 1213 ita
1348 1178 1395 1212 ut
1420 1169 1463 1210 in
1486 1183 1587 1210 ver-

172 1263 298 1290 suum
325 1256 367 1290 et
393 1255 614 1290 structura
636 1255 678 1289 et
698 1244 890 1288 numeris
920 1241 1237 1303 aliquantulum
1265 1257 1381 1284 curae
1399 1239 1489 1300 jam
1518 1238 1587 1281 in-

173 1327 394 1361 sumerent
413 1307 955 1379 Επιγραμματολογοῦντες,
977 1329 1118 1374 neque
1144 1311 1332 1356 illustres
1355 1311 1491 1365 viros,
1515 1317 1589 1352 aut

171 1387 379 1449 praeclare
404 1397 523 1449 gesta
547 1387 688 1432 solum
712 1386 930 1442 dicerent,
952 1384 1026 1428 sed
1049 1385 1196 1428 omnia
1215 1399 1311 1443 quae
1331 1380 1588 1442 colloquen-

173 1459 281 1502 tium
299 1460 541 1503 amicorum
570 1456 720 1502 mobili
747 1456 921 1501 levitate
940 1456 1136 1517 percurri
1163 1464 1206 1498 et
1228 1453 1463 1515 perstringi
1490 1468 1587 1512 pos-

174 1539 297 1585 sunt,
320 1550 341 1571 «
376 1529 611 1575 fortissima
650 1539 693 1574 et
730 1529 1010 1590 ignavissima
1043 1527 1185 1582 facta,
1222 1524 1519 1586 pulcherrima
1548 1531 1591 1566 et

174 1602 448 1662 turpissima,
478 1600 786 1645 absurdissima
811 1609 854 1644 et
883 1600 1129 1660 aptissima,
1161 1595 1412 1641 stultissima
1451 1604 1494 1638 et
1524 1610 1590 1638 sa-

175 1672 464 1732 pientissima,
489 1675 676 1716 maxime
707 1669 889 1715 ridicula
920 1679 963 1714 et
989 1667 1303 1724 lamentabilia,
1339 1667 1518 1710 minima
1548 1674 1591 1709 et

175 1744 386 1799 maxima,
410 1744 552 1804 prima
579 1753 622 1787 et
651 1752 868 1798 extrema,
900 1751 1033 1796 artes,
1065 1739 1238 1784 fraudes
1256 1774 1268 1795 ,
1295 1747 1476 1783 eventus
1507 1737 1590 1780 hu-

176 1815 321 1868 mani,
347 1813 493 1857 divina
514 1824 557 1858 et
575 1811 804 1858 natuialia²
814 1833 855 1855 ».
874 1815 978 1856 Haec
999 1813 1131 1873 igitur
1149 1821 1237 1855 tam
1256 1809 1414 1865 multa,
1435 1818 1478 1852 et
1502 1818 1590 1851 tani

175 1883 433 1946 multiplex
423 1886 669 1946 ingenium,
690 1895 780 1928 tam
801 1882 1086 1952 multiplicem
1110 1882 1266 1943 stylum
1287 1896 1489 1942 passura,
1512 1880 1589 1922 iin-

176 1972 248 1999 mo
265 1955 558 2016 postulatura,
576 1957 683 1999 varii
705 1956 823 1999 varie
844 1956 1062 2008 cecineie,
1083 1952 1153 1997 alii
1175 1954 1380 2006 breviter,
1401 1951 1590 2012 longius-

177 2025 274 2070 cule
304 2025 396 2082 alii,
428 2027 584 2071 similes
612 2037 757 2071 tamen
791 2027 855 2070 sui
888 2027 932 2069 in
960 2025 1072 2079 hoc,
1107 2024 1225 2085 quod
1253 2022 1425 2067 ultimas
1462 2037 1592 2065 voces

176 2113 266 2140 non
284 2098 518 2158 impensius
541 2108 763 2154 curarent,
783 2113 915 2158 quam
930 2113 1024 2157 quae
1044 2094 1433 2157 praemittebantur,
1454 2108 1594 2153 neque

177 2167 376 2212 aculeum
399 2168 535 2212 ullum
560 2168 763 2213 clausulae
786 2169 839 2212 de
866 2166 1046 2212 consilio
1067 2166 1288 2210 adderent.
1312 2166 1461 2222 Quum
1488 2180 1594 2207 vero

177 2239 403 2282 materiam
424 2257 605 2300 operum
630 2257 808 2284 suorum
834 2239 1045 2283 haberent
1067 2239 1124 2282 ita
1149 2236 1594 2296 incircumscriptam,

178 2308 352 2353 aliunde
383 2311 585 2354 carminis
619 2327 754 2371 genus
783 2310 969 2354 liberum
1002 2319 1045 2353 et
1072 2308 1296 2363 versatile,
1329 2306 1594 2368 elegiacum,

178 2379 454 2441 phaleucium
473 2418 483 2437 ,
513 2382 775 2437 iambicum,
818 2381 1111 2425 scazonticum
1134 2414 1144 2433 ,
1194 2378 1426 2440 aliquando
1465 2378 1594 2421 etiam

179 2451 404 2496 heroicum
436 2447 565 2508 (nam
583 2488 594 2506 ,
631 2462 679 2495 ut
707 2454 826 2502 αὐτὸς
853 2454 923 2509 ἔφη
941 2487 951 2506 ,

239 2603 265 2622 1.
281 2585 430 2635 Ᾰνθελεγ.
448 2590 535 2624 Βιὲλ.
556 2596 593 2623 Γ.
612 2604 680 2635 κερ.
702 2586 748 2631 β’,

239 2657 267 2674 2³..
285 2642 460 2683 Raderus,
477 2645 699 2677 Prolemmat.
717 2643 761 2677 ad
778 2645 880 2677 Mart.
898 2656 971 2688 cup.
992 2648 1022 2681 si.
