2061 3288
475 231 571 282 [302

848 228 908 270 M.
934 228 1071 271 VAL.
1111 228 1498 271 MARTIALIS

612 317 669 358 Et
692 315 979 358 Phaethontei
1002 315 1175 358 conscia
1196 314 1315 375 sylva
1336 316 1453 376 rogi3

539 386 735 446 Quaeque
764 387 1009 428 Antenoreo
1036 385 1260 445 Dryadum
1288 385 1579 446 pulcherrima
1604 389 1753 432 Fauno

608 457 765 517 Nupsit
790 456 843 499 ad
869 458 1100 515 Euganeos
1125 454 1214 499 sola
1240 455 1383 516 puella
1408 455 1544 513 lacus;

537 529 595 570 Et
625 537 671 570 tu
702 527 858 570 Ledaeo
887 526 988 569 felix
1014 525 1206 586 Aquileia
1234 527 1437 581 Timavo,
1857 550 1873 575 5

467 659 500 688 in
520 655 638 699 palude
655 682 662 694 ‚
685 654 787 686 eodem
811 668 869 699 quo
892 654 1038 686 Ii'uveuua
1056 657 1140 692 situ,·

466 709 608 748 Strabo,
637 707 697 740 lib.
724 708 769 740 V.
793 707 925 739 Plinius
941 733 948 746 ‚
974 706 1036 739 lib.
1066 707 1140 747 III,

468 775 543 807 cap.
568 764 610 794 εδ
632 769 664 793 et
687 761 751 800 18;
774 760 989 804 Pomponius
1004 787 1013 801 ‚
1032 760 1078 793 II.

522 827 555 847 ⁴1.
576 815 624 846 Et
637 813 857 851 Plzuellzoutei,
881 821 946 846 etc.
967 814 1027 846 Est
1043 813 1140 854 silva,

466 867 560 899 Pado
580 867 692 899 vicina
708 892 716 907 ‚
737 879 812 911 quae
833 866 1059 899 Phaethontis
1084 878 1139 898 ca-

466 920 579 953 dentis
599 920 634 952 in
660 918 795 952 Padum
826 919 920 952 testis
947 928 981 951 et
1001 920 1138 952 conscia

464 973 542 1006 fuit.
577 973 745 1017 Intelligit
777 972 926 1017 populos
950 998 958 1012 ,
989 972 1025 1004 in
1056 985 1139 1018 quas

465 1034 604 1059 mutatae
625 1026 767 1059 fuerunt
784 1025 932 1058 infelicis
951 1025 1076 1070 aurigae
1089 1038 1140 1058 so-

463 1092 559 1112 rores
569 1105 577 1119 ,
598 1079 738 1112 fratrem
751 1104 760 1119 ‚
777 1078 924 1111 fulmine
936 1078 1030 1111 Jovis
1044 1091 1139 1112 eom-

464 1133 626 1173 bustum,
648 1131 693 1165 ad
710 1130 794 1164 Padi
817 1132 929 1176 ripam
949 1130 1138 1173 deflente53

463 1194 496 1217 et
516 1197 663 1230 quarum
686 1186 853 1230 lacrymas
873 1184 1043 1217 electrum
1066 1183 1138 1217 for-

463 1251 571 1272 masse
590 1246 700 1284 poetae
720 1237 866 1281 fingunt.

519 1292 552 1325 3.
564 1292 723 1336 Quemque
734 1292 769 1324 in
785 1290 866 1324 edd.
883 1297 967 1324 vett.
979 1312 1032 1316 —
1044 1291 1139 1334 Quae—

462 1358 519 1387 que
532 1345 726 1385 Antenoreo,
741 1352 806 1377 etc.
819 1345 955 1389 Tuque,
970 1356 991 1376 ο
1006 1343 1119 1388 puella
1129 1370 1138 1385 ,

461 1397 697 1443 pulcherrima
730 1396 911 1443 Dryadum
927 1423 935 1437 ‚
970 1409 1045 1442 quae
1066 1397 1138 1430 sola

461 1450 609 1496 nupsisti
642 1449 684 1483 ad
714 1451 896 1496 Euganeos
930 1450 1024 1482 lacus
1056 1462 1137 1482 cum

463 1504 582 1536 Fauno
602 1503 768 1536 patavino
787 1529 795 1544 ‚
814 1511 880 1536 etc.
904 1501 945 1534 Id
965 1510 1030 1542 est,
1058 1515 1136 1534 vos-

462 1569 543 1602 que,
553 1568 573 1588 0
584 1557 748 1589 silvarum
760 1549 1138 1601 puleherrimae(Drya-

462 1609 521 1642 des
553 1609 648 1641 enim
677 1609 772 1642 silvis
803 1602 1028 1653 praeerant),
1060 1620 1136 1653 quae

459 1665 586 1706 junctae
606 1662 685 1694 estis
706 1674 815 1707 prope
835 1662 1016 1706 Euganeos
1031 1661 1136 1701 lacus,

462 1715 552 1759 agris
565 1724 597 1748 et
614 1715 757 1747 saltibus
771 1714 965 1753 Patavinis,
983 1724 1048 1746 etc.
1066 1714 1134 1747 En.

461 1788 512 1793 —-
532 1769 725 1801 Antenoreo.
747 1768 852 1813 Troja
870 1766 1037 1812 profugus
1063 1768 1134 1798 An-

462 1829 583 1862 tenor,
603 1833 715 1866 prope
742 1819 826 1852 Padi
849 1819 1002 1852 fluminis
1026 1819 1131 1860 ostia,

462 1874 497 1906 in
510 1874 628 1907 littore
641 1875 777 1906 Veneto
788 1897 797 1912 ,
816 1872 993 1905 Patavium
1005 1897 1014 1913 9
1029 1871 1134 1904 hodie

461 1927 606 1967 padova,
625 1925 797 1959 condidit.
821 1925 947 1969 Virgil.
969 1927 1046 1957 [ΕΗ.
1070 1925 1132 1958 lib.

460 1980 476 2011 Ι
489 2006 496 2020 ,
517 1992 565 2013 vs.
591 1983 659 2019 242
679 1991 686 2012 ε
709 1982 893 2011 «Antenor
908 1979 1025 2023 potuit
1037 2003 1045 2017 ‚
1061 1990 1132 2010 me-

459 2032 526 2065 diis
554 2032 690 2077 elapsus
708 2031 867 2073 Achivis,
887 2030 1046 2075 Illyricos
1070 2042 1130 2075 pe—

458 2093 595 2119 netrare
614 2085 728 2125 sinus,
757 2092 861 2128 atque
881 2084 1004 2119 intima
1032 2091 1129 2116 tutus

457 2139 574 2182 Regna
595 2137 830 2170 Liburnorum
860 2145 893 2170 et
917 2137 1050 2169 fontem
1071 2148 1128 2169 su-

456 2203 578 2236 perare
594 2191 730 2223 Timavi
747 2215 755 2229 ,
772 2189 876 2223 Unde
897 2201 959 2234 per
983 2201 1043 2222 ora
1064 2202 1127 2221 no-

455 2256 533 2276 vem
560 2252 656 2276 vasto
683 2255 762 2275 cum
794 2255 974 2275 murmure
1001 2250 1127 2275 montis

454 2297 487 2329 It
504 2309 599 2329 mare
611 2303 823 2342 proruptum
835 2321 843 2336 ‚
866 2303 900 2327 et
916 2295 1038 2339 pelago
1053 2307 1129 2340 pre-

454 2349 519 2381 mit
550 2362 629 2382 arva
657 2349 806 2382 sonanti.
839 2349 904 2381 Hic
925 2356 1039 2380 tamen
1066 2347 1123 2379 ille

452 2402 575 2434 urbem
590 2402 707 2435 Patavi
722 2401 1023 2446 sedesquelocavit
1035 2401 1126 2433 Teu·

451 2466 591 2487 crorum
605 2481 614 2495 ,
635 2463 668 2487 et
684 2455 777 2499 genti
794 2467 835 2485 nc
845 2466 922 2487 men
940 2452 1055 2494 dedit,
1072 2465 1123 2486 ar-

450 2518 575 2551 maque
590 2507 667 2539 fixit
685 2508 799 2539 Troia.
824 2524 836 2536 κ-
861 2507 926 2539 En.
946 2526 999 2532 —-
1015 2507 1124 2552 Drya-

449 2559 535 2592 dum.
563 2558 720 2603 Dryades
759 2559 769 2598 (
790 2557 865 2604 δρῦς
887 2585 896 2600 ,
932 2572 1059 2605 quercus
1081 2553 1094 2601 )
1113 2584 1123 2600 ,

450 2612 616 2657 nymphae
649 2612 812 2644 silvarum
860 2611 1031 2657 praesides.
1072 2633 1122 2638 ——

450 2665 574 2698 Fauno.
598 2665 706 2697 Fauni
733 2673 830 2697 erant
860 2665 1018 2698 ruricolae
1043 2663 1122 2705 dei,

1199 655 1315 699 qui‚ut
1329 654 1473 695 Silvani,
1489 655 1525 687 in
1542 667 1723 688 nemorum
1738 667 1875 691 recessu

1199 707 1379 741 latitabant
1392 720 1401 749 ;
1414 708 1474 752 qui
1485 707 1578 752 apud
1593 708 1733 742 Graecos
1746 709 1874 754 Satyri,

1199 760 1306 793 iidem
1323 759 1418 805 apud
1434 762 1608 794 Romanos
1626 761 1750 795 Fauni.
1766 763 1834 795 En.

1254 818 1289 853 4.
1327 814 1508 857 Euganeos.
1555 814 1712 859 Euganei
1749 815 1871 860 populi

1199 866 1296 900 fuere
1317 867 1438 900 Galliae
1464 866 1722 912 Transpadanae
1744 868 1781 900 in
1801 868 1872 900 Ve-

1197 926 1276 953 neta
1296 932 1391 953 nunc
1417 919 1572 961 ditione,
1599 933 1749 965 quorum
1776 921 1872 966 regio

1198 970 1326 1006 dicitur
1347 973 1461 1005 Mareu
1479 973 1665 1011 Trevisana,
1686 974 1741 1006 vel
1760 974 1874 1006 Trivi-

1197 1026 1309 1070 giana.
1334 1025 1487 1066 Quidam
1510 1038 1568 1059 eos
1586 1027 1757 1059 collocant
1779 1027 1872 1060 inter

1196 1079 1290 1111 lacus
1323 1079 1465 1111 Larium
1497 1088 1531 1112 et
1558 1080 1754 1119 Benacum3
1788 1079 1846 1112 alii
1861 1105 1869 1119 ‚

1197 1144 1314 1165 versus
1339 1132 1496 1165 Athesim
1529 1141 1561 1165 et
1584 1133 1794 1165 Vicentiam.
1819 1155 1872 1159 —

1197 1184 1284 1217 Sola.
1316 1184 1391 1217 Hoc
1420 1198 1492 1218 esse
1524 1186 1711 1230 proprium
1743 1198 1869 1218 nomen

1196 1238 1289 1271 lacus
1307 1237 1350 1270 ad
1371 1237 1503 1271 radices
1524 1238 1666 1271 collium
1688 1239 1869 1283 Euganeo-

1195 1303 1274 1323 rum
1285 1317 1293 1331 ‚
1311 1304 1416 1336 quem
1432 1290 1539 1324 hodie
1558 1289 1729 1336 indigenae
1744 1299 1869 1324 vocant

1196 1344 1227 1375 la
1245 1344 1363 1376 Solana
1378 1371 1386 1384 ‚
1413 1343 1592 1377 contendit
1614 1345 1719 1377 Laur.
1740 1344 1868 1388 Pigno-

1195 1397 1267 1429 rius
1280 1422 1289 1437 ‚
1312 1397 1422 1442 Epist.
1442 1397 1589 1441 symbol.
1617 1409 1627 1429 1
1640 1401 1732 1436 4.-
1750 1398 1865 1437 Lacus,

1195 1450 1322 1482 Veneti
1341 1462 1401 1483 seu
1418 1450 1599 1482 Tarvisani
1620 1450 1713 1482 lacus
1738 1449 1780 1482 23
1802 1462 1867 1482 nu-

1196 1502 1428 1535 merabantur.

1250 1555 1282 1588 5.
1304 1555 1454 1600 Aquileia
1478 1556 1509 1587 T
1501 1567 1641 1600 ymanno
1662 1554 1866 1587 Beverlandi

1193 1608 1267 1641 MS.
1290 1630 1341 1633 —
1360 1609 1408 1640 Et
1427 1616 1458 1640 tu
1480 1608 1706 1649 Ledoeoselix‚
1734 1615 1799 1640 etc.
1824 1608 1866 1640 Et

1194 1669 1231 1693 tu
1249 1687 1258 1701 ‚
1283 1661 1441 1706 Aquileia
1457 1687 1466 1701 ‚
1493 1673 1570 1706 quae
1598 1660 1726 1692 nobilis
1756 1660 1865 1693 fluvio

1193 1714 1339 1746 Timavo
1362 1714 1478 1746 vicino
1493 1739 1500 1753 ,
1522 1715 1621 1757 cujus
1645 1712 1777 1746 undam
1801 1726 1864 1758 per

1192 1775 1325 1812 septem
1341 1767 1426 1799 ostia
1447 1767 1484 1798 iu
1506 1779 1600 1799 mare
1622 1774 1863 1811 erumpentem

1192 1819 1281 1852 bibit
1300 1819 1460 1864 Cyllarus
1479 1831 1590 1864 equus
1605 1819 1777 1860 Castoris,
1798 1819 1861 1852 filii

1192 1871 1295 1904 Ledae
1310 1899 1319 1913 ‚
1341 1881 1407 1905 etc.
1430 1873 1496 1905 ΕΙ).
1515 1893 1568 1898 —-·
1589 1871 1714 1904 Ledaeo.
1742 1873 1865 1905 Castor

1192 1925 1285 1958 enim
1300 1933 1333 1958 et
1344 1925 1484 1966 Pollux,
1503 1923 1604 1958 Ledae
1614 1925 1676 1957 filii
1689 1951 1697 1965 ,
1708 1937 1786 1957 cum
1797 1927 1863 1957 Ar-

1190 1978 1349 2023 gonautis
1365 1978 1553 2010 Timavum
1580 1986 1833 2022 praetervexere
1851 1990 1858 2010 :

1190 2031 1324 2063 Plinius
1337 2055 1346 2071 ‚
1358 2031 1420 2063 lib.
1436 2031 1489 2062 III
1501 2056 1510 2070 ,
1525 2042 1599 2075 cap.
1625 2030 1677 2063 18.
1691 2052 1743 2056 —
1758 2031 1861 2076 Aqui-

1190 2085 1262 2115 leia.
1287 2084 1380 2116 Urbs
1402 2083 1486 2115 olim
1506 2083 1710 2124 clarissima,
1730 2083 1860 2128 prima—

1186 2136 1236 2168 ria
1255 2136 1469 2175 Carnorum,
1495 2135 1585 2168 infra
1608 2135 1735 2169 Forum
1754 2135 1836 2169 Julii
1850 2161 1859 2173 ,

1185 2189 1229 2222 ab
1252 2188 1388 2221 Hunnis
1406 2196 1535 2221 vastata
1549 2201 1642 2222 anno
1661 2189 1752 2230 452,
1766 2202 1859 2222 nuno

1186 2241 1320 2274 viculus
1338 2268 1347 2282 ‚
1377 2242 1560 2286 Aquilegia.
1585 2241 1677 2274 Vide
1705 2241 1858 2275 Cluverii

1186 2295 1338 2335 Italiam,
1353 2295 1414 2327 lib.
1430 2295 1446 2326 I
1460 2320 1468 2335 ‚
1482 2305 1557 2339 cap.
1576 2307 1630 2327 20.
1649 2315 1700 2321 ——
1717 2294 1855 2328 Timauo.

1183 2347 1366 2387 Timavus,
1390 2348 1520 2380 Timavo
1532 2373 1541 2387 ‚
1562 2346 1690 2380 fluvius
1709 2355 1758 2380 est
1773 2348 1857 2381 Car-

1183 2413 1309 2432 norum
1328 2401 1362 2432 in
1378 2400 1492 2441 Italia3
1511 2401 1661 2444 erumpit
1679 2411 1718 2433 ex
1736 2408 1856 2432 monte

1183 2453 1219 2485 in
1232 2466 1314 2498 agro
1332 2453 1413 2485 Fori
1433 2453 1536 2492 Julii,
1555 2451 1661 2485 hodie
1680 2454 1708 2484 le
1721 2452 1853 2489 Frioal,

1183 2514 1217 2538 et
1231 2506 1265 2538 in
1281 2507 1395 2539 sinum
1406 2505 1622 2539 Adriaticum
1637 2504 1851 2538 devolvitur:

1184 2560 1256 2603 ejus
1277 2559 1362 2591 ostia
1384 2557 1547 2591 scindunt
1573 2558 1704 2603 aliquot
1724 2558 1853 2601 exiguae

1183 2611 1323 2652 insulae;
1352 2612 1434 2644 hinc
1459 2623 1521 2655 per
1547 2623 1605 2643 ora
1634 2618 1763 2655 septem
1793 2618 1851 2642 aut

1181 2677 1309 2698 novem
1321 2665 1356 2697 in
1372 2677 1464 2696 mare
1475 2664 1582 2696 fluere
1593 2662 1721 2696 dicitur
1731 2687 1739 2701 ‚
1758 2669 1850 2694 tanta
