2061 3288
456 234 556 286 420

455 330 558 364 quem
574 318 748 362 ingratum
766 325 800 350 et
820 329 961 350 avarum
980 318 1054 350 fore
1070 330 1135 350 no-

455 370 536 404 ras?
558 376 612 403 An
632 370 696 403 tibi
713 370 825 416 placet
841 370 896 404 his
915 369 1059 416 perfidis
1073 371 1135 403 be·

454 422 642 457 nefacere?
673 423 886 469 Neutiquam
914 418 1136 469 (respondet

455 478 610 510 Fortuna
627 474 658 519 ),
681 475 742 509 sed
761 476 992 510 Posthumum
1009 476 1135 510 libera-

453 531 578 563 liorem
595 530 668 563 fore
680 530 845 575 putabam
861 544 870 569 ς
889 530 948 562 ille
967 529 1052 562 mihi
1067 530 1133 562 im-

454 583 586 628 posuit,
598 583 732 628 tibique
745 595 809 628 pro
821 595 861 616 eo
877 591 956 616 vota
969 582 1129 616 facienti:

453 649 518 669 nos
540 636 672 669 fefellit.
693 657 745 662 --
767 636 956 668 Postlwmus
975 638 1130 681 imposuit.

834 231 895 272 M.
921 231 1059 273 VAL.
1100 231 1493 274 MARTIALIS

1195 316 1377 363 Ejusmodi
1393 330 1514 351 avaros
1528 318 1662 351 fallaces
1678 326 1777 351 vocat
1788 319 1871 351 Poe-

1196 379 1229 404 ta
1242 397 1251 411 ‚
1266 371 1327 404 lib.
1342 371 1378 412 I,
1394 371 1597 416 epigramm.
1612 383 1687 403 mv:
1708 371 1774 404 «In
1791 373 1846 417 jus
1861 398 1871 413 ,

1195 436 1216 456 o
1239 424 1341 456 fallax
1367 432 1468 469 atque
1494 424 1683 465 inficiator,
1702 437 1830 457 eamus.
1852 443 1865 453 ›-

1198 476 1289 510 Vide
1309 476 1371 509 lib.
1392 477 1426 509 II
1441 503 1450 517 ‚
1469 478 1578 523 epigr.
1603 489 1684 510 xXIv
1703 485 1736 510 et
1755 489 1844 510 xL111
1861 503 1870 517 ‚

1195 539 1231 563 et
1253 530 1314 563 lib.
1331 530 1403 571 ΙΙΙ,
1425 530 1535 575 epigr.
1561 543 1667 570 xxvr,
1690 530 1725 562 in
1745 530 1871 575 quibus

1193 583 1299 616 Poeta
1311 608 1319 623 ,
1334 582 1428 616 haud
1449 583 1640 616 absimilem
1661 583 1870 624 posthumo,

1194 635 1394 670 Candidum
1415 637 1510 669 varie
1528 636 1698 681 suggillat.
1722 636 1791 670 En.

1089 770 1254 826 XLI.

808 921 862 948 iN
902 920 1058 948 MALE
1098 900 1519 948 ΗΕΕΙΤΑΝΤΓ-,ῑνιῃ

522 1048 651 1106 Qum
678 1048 940 1090 recitaturus
963 1046 1208 1091 circumdas
1233 1045 1395 1090 vellera
1418 1045 1556 1090 collo?

592 1119 873 1162 Conveniunt
902 1118 1060 1162 nostris
1083 1117 1262 1161 auribus
1290 1116 1360 1161 illa
1384 1118 1534 1177 magis.

504 1252 517 1264 *
532 1258 570 1291 In
585 1257 716 1289 Poetam
731 1283 739 1296 ‚
766 1256 970 1289 inscribitur
989 1255 1025 1288 in
1049 1255 1131 1287 Pul-

449 1310 568 1343 manni
587 1309 718 1342 codice.

506 1375 536 1396 1.
554 1363 741 1396 CiJ-cumdas
757 1363 886 1395 vellera.
904 1361 1064 1406 Intellige
1078 1360 1130 1393 fo-

450 1417 535 1449 calia
545 1442 553 1457 ,
565 1428 643 1461 quae
655 1423 755 1448 erant
765 1416 877 1449 fasciae
889 1441 897 1456 ‚
908 1427 967 1448 seu
979 1414 1106 1447 vellera
1119 1438 1128 1453 ‚

450 1482 468 1502 a
489 1470 645 1502 faucibus
670 1481 754 1514 quas
777 1469 982 1501 muniebant
1007 1475 1130 1500 contra

449 1523 560 1555 ravim
581 1519 593 1560 (
609 1522 707 1567 quasi
727 1522 872 1554 faucalia
886 1519 899 1561 )
915 1520 1007 1553 (licta
1022 1545 1032 1560 ‚
1057 1520 1131 1563 qui-

448 1576 515 1608 hus
538 1576 652 1608 fauces
669 1601 678 1615 ‚
693 1587 791 1608 aures
806 1600 815 1614 ‚
836 1583 870 1607 et
889 1573 977 1606 colla
997 1571 1130 1605 munie-

448 1629 533 1660 bant
566 1628 769 1667 recitaturi,
798 1640 842 1660 ne
867 1627 996 1671 frigore
1018 1624 1129 1658 corri-

449 1690 618 1726 perentur
633 1707 642 1721 ‚
670 1693 733 1714 uec
761 1678 1042 1725 obstrepentium
1062 1678 1131 1710 cla-

451 1746 548 1767 more
569 1742 797 1767 terrerentur.
823 1730 918 1766 Vide
939 1731 1000 1765 lib.
1030 1731 1132 1771 XIV,

449 1787 556 1832 epigr.
577 1799 686 1820 oan.

1249 1268 1281 1288 2.
1310 1254 1504 1288 Conveniunt
1523 1259 1648 1289 nostris.
1678 1255 1732 1297 Ne
1758 1264 1791 1288 te
1815 1256 1868 1288 iu*-

1192 1316 1314 1353 eptum
1344 1308 1585 1349 recitatorem,
1613 1309 1666 1341 vel
1699 1308 1787 1341 forte
1817 1309 1868 1341 iu-

1192 1369 1312 1406 eptum
1334 1361 1540 1406 scriptorem
1559 1360 1740 1394 audiamus
1756 1374 1764 1393 :
1782 1362 1868 1394 allu-

1190 1427 1268 1447 sum
1298 1413 1441 1446 videtur
1476 1413 1520 1447 ad
1560 1413 1596 1446 id
1633 1414 1866 1447 Xenocratis:

1195 1485 1208 1497 α
1239 1467 1360 1499 Pueris
1403 1465 1586 1499 adversum
1622 1466 1736 1512 turpia
1777 1466 1869 1500 dieta

1190 1519 1308 1565 potius
1342 1519 1542 1552 munienda:
1573 1532 1673 1553 aures
1701 1519 1841 1553 follibus

1190 1585 1295 1618 quam
1325 1572 1461 1606 athletis
1490 1571 1673 1605 adversum
1700 1572 1786 1605 ictus
1810 1572 1869 1606 atl—

1191 1626 1437 1658 versariorum.
1456 1643 1468 1655 »1
1484 1625 1659 1665 Laertius,
1675 1626 1738 1658 IV.
1750 1624 1832 1658 Vid.
1845 1626 1866 1658 l.

1192 1679 1291 1720 XIV,
1303 1679 1414 1724 epigr.
1431 1690 1527 1711 chu
1548 1691 1555 1710 z

1193 1730 1325 1765 dedero
1360 1731 1421 1764 tibi
1455 1731 1548 1765 forte
1588 1731 1764 1772 libellum,
1793 1731 1868 1765 Hoc.-

1192 1785 1303 1818 focale
1326 1792 1402 1817 tuas
1426 1792 1551 1817 asserat
1570 1784 1755 1818 auriculas.
1782 1802 1795 1813 »

1576 1696 1588 1707 n
1606 1678 1639 1711 Si
1658 1679 1868 1712 recitaturus

1057 1920 1268 1976 XLII.

943 2074 1010 2101 AD
1051 2051 1372 2101 FLACCUM.⁸

520 2195 566 2237 81
596 2194 689 2254 quis
715 2192 827 2236 forte
858 2192 965 2235 mihi
995 2201 1140 2252 posset
1172 2200 1378 2252 praestare
1407 2191 1603 2251 roganti;

500 2325 514 2338 ''
537 2328 671 2362 Laudat
698 2329 811 2361 Flacci
840 2339 993 2373 puerum
1025 2327 1130 2358 Ama-

447 2383 610 2416 zonicum
634 2382 817 2415 artificiose
832 2393 840 2413 :
858 2379 1023 2413 describit
1037 2380 1128 2412 enim

448 2448 551 2481 quem
568 2448 716 2480 puerum
733 2442 892 2479 optaret,
912 2442 946 2466 et
962 2440 1041 2478 post
1055 2433 1131 2465 lon-

447 2500 524 2533 gam
563 2487 839 2532 descriptionem
883 2487 987 2519 talem
1024 2485 1129 2519 fuisse

446 2541 700 2574 Amazonicum
719 2540 882 2573 affirmat.
902 2540 1057 2572 Hamires.

504 2607 518 2627 1
529 2620 536 2627 .
556 2593 624 2627 Alii
637 2594 759 2638 legunt
773 2594 891 2626 locanti
900 2605 965 2637 pro
980 2594 1106 2635 rogan-‘i
1115 2605 1127 2630 ,-

446 2655 594 2692 utraque
623 2646 727 2679 lectio
758 2645 899 2690 probari
929 2653 1052 2690 potest.
1075 2666 1125 2671 —-

1190 2326 1343 2369 Roganti.
1355 2325 1473 2358 Pretio
1489 2325 1733 2370 prostitutum,
1751 2333 1788 2357 ut
1800 2324 1860 2358 lib.

1189 2379 1242 2410 IX
1257 2404 1266 2420 ‚
1286 2379 1397 2423 epigr.
1417 2390 1471 2410 vn
1491 2386 1526 2411 et
1550 2390 1598 2411 lx.
1615 2378 1703 2417 Alii,
1725 2377 1863 2414 locanli;

1188 2443 1254 2464 nec
1278 2431 1469 2476 quidquam
1491 2429 1642 2464 offendit
1661 2430 1696 2462 in
1718 2439 1863 2475 utraque

1190 2485 1367 2518 varietate.
1389 2483 1624 2517 Commodato
1643 2492 1781 2528 petere,
1801 2495 1864 2527 per

1188 2538 1335 2570 verbum
1351 2550 1465 2581 rogare
1478 2549 1618 2582 quoque
1634 2536 1861 2581 exprimitur;

1188 2589 1268 2623 vide
1294 2602 1396 2635 supra
1420 2590 1530 2635 epigr.
1558 2602 1614 2629 xv,
1636 2601 1739 2621 versu
1757 2601 1770 2621 1
1790 2603 1798 2627 ς
1828 2598 1861 2620 et

1188 2644 1299 2678 Cicer.
1323 2644 1357 2676 in
1380 2644 1562 2676 Verrem.:
1591 2659 1603 2671 ι
1629 2641 1860 2685 Quaepostea-
