2061 3288
412 280 458 308 1v
845 257 1183 302 EDITORIS
1221 256 1389 300 NOVI

622 358 675 395 Sit
699 356 765 393 tibi
788 365 888 393 terra
914 355 1027 400 levis,
1052 352 1231 401 mollique
1256 352 1390 402 tegaris
1411 363 1525 387 arena
1541 379 1549 393 ‚

674 422 730 454 Ne
752 427 814 454 tua
835 430 909 453 non
931 416 1075 466 possint
1094 426 1227 450 eruere
1248 426 1331 450 ossa
1349 425 1476 458 canes;

409 540 479 584 cui
502 555 584 583 nos
607 545 882 598 perspectum
908 534 999 577 fore
1020 531 1249 585 credimus,
1273 539 1484 591 quantum
1509 538 1552 573 et
1567 527 1817 590 lepidissimi

410 622 508 667 salis
529 631 572 665 et
591 618 847 663 amarissimi
874 615 981 659 fellis
1007 616 1050 658 in
1082 614 1288 674 ambiguo
1309 613 1500 656 camnine
1522 612 1597 667 sit,
1622 611 1702 655 nisi
1723 610 1816 655 for-

412 703 574 748 mulam
605 703 718 746 hanc
748 698 979 760 loquendi,
1011 699 1080 743 Sic
1113 695 1196 740 tibi·
1223 705 1344 739 terra
1372 695 1506 749 levis,
1536 694 1645 738 bene
1672 690 1815 737 norit!

409 789 547 830 Porro
577 786 621 827 in
653 784 718 826 his
747 797 842 842 quae
872 778 1057 840 exempli
1093 777 1189 822 loco
1224 775 1447 821 attulimus
1467 810 1479 831 ,
1509 774 1580 819 illa
1610 774 1821 819 duntaxat

408 867 657 927 selegimus,
678 880 773 924 quae
796 864 910 907 circa
933 877 1000 904 res
1014 859 1214 904 omnibus
1229 868 1352 902 notas
1366 857 1665 901 versabantur.
1686 857 1820 918 Finge

409 962 554 994 tamen
580 945 798 992 tirunculo
831 944 1002 990 cuidam
1029 960 1051 986 e
1077 941 1234 987 scholis
1262 942 1452 1002 ignorari
1471 975 1482 994 ,
1510 939 1610 984 licet
1637 938 1707 983 ille
1744 955 1817 1000 ap-

408 1034 547 1093 prime
571 1030 678 1073 sciat
696 1027 799 1087 quid
819 1042 969 1070 omnes
990 1040 1120 1068 voces
1145 1022 1411 1084 significent,
1431 1031 1474 1065 et
1492 1021 1728 1065 verborum
1749 1038 1817 1065 or-

407 1114 552 1157 dinem
591 1120 757 1155 rectum
796 1107 921 1151 facile
959 1105 1220 1166 perspiciat,
1262 1120 1367 1147 num
1404 1102 1648 1164 intelliget?
1683 1105 1741 1147 At
1775 1103 1819 1145 in

408 1193 607 1237 Martiale
641 1207 771 1252 quain
800 1188 935 1233 inulta
957 1197 1079 1242 sunt,
1106 1187 1149 1229 in
1171 1186 1327 1246 quibus
1354 1184 1422 1228 vel
1443 1185 1718 1229 eruditissimi
1740 1185 1821 1228 viri

408 1275 649 1320 tirunculos
686 1289 776 1317 sese
814 1268 1059 1316 fateantur?
1089 1278 1195 1329 quot
1223 1278 1266 1312 et
1295 1277 1478 1328 quanta,
1502 1268 1546 1310 in
1580 1267 1687 1310 urbe
1716 1277 1819 1310 tunc

406 1358 602 1403 omnium
628 1355 869 1399 vastissima
891 1362 934 1397 et
958 1351 1272 1402 diversissima,
1292 1351 1427 1393 mixta
1448 1359 1491 1393 et
1516 1349 1734 1393 contraria
1757 1365 1820 1393 ce-

407 1435 720 1484 lebrabantur?
749 1450 879 1495 quain
908 1448 1046 1493 pauca
1077 1441 1221 1475 autem
1254 1446 1307 1473 ex
1335 1430 1402 1473 his
1428 1430 1483 1472 ad
1510 1447 1589 1474 nos
1616 1446 1752 1491 usque
1777 1439 1821 1473 et

408 1538 545 1583 prope
566 1519 820 1563 vicesimum
844 1513 1048 1559 saeculum
1072 1510 1332 1573 pervasere?
1356 1511 1445 1554 Ubi
1469 1513 1691 1555 matutinae
1713 1510 1822 1556 salu-

407 1605 590 1647 tationes
615 1637 625 1656 ,
671 1599 953 1644 deductiones
977 1628 990 1651 .‚
1038 1594 1333 1656 togatulorum
1377 1594 1820 1649 anteambulationes,

408 1684 612 1747 sportulae
633 1693 708 1727 aut
729 1697 863 1727 coenae
885 1689 1035 1733 rectae,
1063 1687 1106 1722 et
1130 1677 1458 1721 convivantium
1483 1678 1526 1719 in
1550 1676 1703 1721 eodem
1724 1693 1822 1721 con-

409 1769 526 1811 vivio
562 1781 693 1810 avara
731 1760 990 1807 distinctio?
1028 1760 1101 1803 ubi
1138 1758 1322 1812 balnea,
1361 1758 1566 1815 thermae,
1602 1759 1822 1820 porticus,

411 1849 615 1893 donativa
639 1883 649 1901 ,
693 1859 966 1889 annonarum
1004 1841 1235 1884 divisiones
1258 1874 1269 1893 ,
1305 1839 1656 1900 amphitheatra,
1693 1841 1821 1896 circi,

412 1930 528 1985 ludi,
553 1929 803 1988 aurigarum
824 1925 1052 1978 factiones,
1073 1920 1356 1966 mirmillones
1370 1956 1381 1976 ,
1403 1920 1577 1979 belluae,
1600 1931 1823 1983 pegmata,

414 2013 575 2067 aulaea,
603 2009 757 2054 fistulae
786 2007 943 2068 quibus
969 2004 1329 2049 diffundebantur
1355 2013 1603 2064 unguenta,
1623 2013 1691 2061 et,
1721 2022 1820 2065 por-

414 2105 634 2139 tentosum
662 2089 1009 2153 spectaculorum
1036 2104 1199 2149 genUS,
1229 2084 1543 2143 Scaevolarum,
1570 2086 1822 2131 Porciarum

417 2187 459 2220 et
484 2176 718 2236 Pasiphaes
745 2168 1101 2233 repraesentatio?
1118 2169 1208 2212 Ubi
1226 2167 1366 2211 Isidos
1390 2167 1523 2228 bajuli
1552 2168 1822 2224 sacerdotes,

416 2259 603 2302 Aricinae
628 2257 781 2301 Dianae
814 2253 985 2308 altaria,
1017 2255 1148 2296 Bonae
1182 2252 1287 2294 Deae
1313 2251 1423 2294 sacri
1453 2250 1562 2306 dies,
1587 2250 1822 2296 Floralium

415 2350 458 2384 et
478 2337 769 2383 Saturnalium
790 2336 887 2397 plus
904 2350 1034 2395 quam
1061 2333 1313 2377 Suburrana
1342 2331 1545 2375 licentia?
1564 2318 1642 2376 'ubi
1661 2331 1822 2377 lecticae

417 2431 693 2473 senatorum,
725 2435 878 2463 currus
907 2416 1145 2461 meretricis
1162 2451 1173 2469 ,
1199 2414 1562 2475 triumphantium
1590 2415 1823 2475 imperato-

418 2519 515 2547 rum
545 2502 708 2544 thensae
727 2535 738 2555 ,
763 2500 925 2543 mortui
956 2496 1126 2542 tribulis
1156 2494 1407 2556 sandapila?
1432 2495 1505 2538 ubi
1533 2494 1698 2551 denuo,
1721 2511 1823 2539 nam

418 2585 495 2628 etsi
521 2582 657 2626 multa
682 2580 895 2642 sigillatim
924 2581 1228 2633 nominavero,
1257 2576 1381 2638 plura
1410 2578 1538 2620 etiam
1567 2594 1636 2620 me
1658 2576 1825 2638 effuge·

418 2667 529 2721 rint,
554 2664 627 2707 uhi
654 2665 733 2708 ista
760 2662 944 2706 civitatis
975 2662 1100 2705 unius
1119 2695 1130 2713 ,
1162 2660 1240 2703 viri
1269 2659 1393 2703 unius
1419 2662 1464 2702 z'rz
1492 2670 1654 2704 cuncta
1682 2670 1821 2703 term-
