2061 3288
432 208 529 270 390
809 207 869 252 M.
901 210 1038 253 VAL.
1074 215 1467 259 MARTIALIS

1088 371 1225 428 XV.

889 510 960 537 AD
998 490 1403 540 CAECILIANUMf

501 616 660 659 Mam
681 616 758 659 tibi
779 632 982 662 nummos
1006 619 1212 663 hesterna
1235 618 1331 664 luce
1354 622 1549 681 roganti,

570 688 623 729 Iu
654 703 729 730 sex
754 697 828 731 aut
854 698 1047 750 septem,
1073 689 1329 747 Caeciliane,
1352 690 1468 747 dies,

503 757 606 800 Non
630 757 796 814 habeo,
821 758 909 802 dixi
933 777 941 802 :
969 760 1045 804 sed
1065 770 1113 804 tu
1134 771 1334 805 causatus
1358 762 1488 805 amici

572 827 822 872 Adventum
839 866 850 885 ,
875 829 1042 875 lancem
1065 848 1292 893 paucaque
1315 848 1420 876 vasa
1444 848 1586 893 rogas.

501 897 667 942 Stultus
697 899 770 943 es?
798 916 854 943 an
881 900 1062 946 stultum
1088 919 1157 946 me
1184 903 1352 958 credis,
1379 902 1544 948 amice?
1568 904 1724 964 negavi

573 968 695 1013 Mille
721 970 798 1014 tibi
825 988 1029 1017 nummos
1053 990 1060 1017 :
1085 972 1220 1017 millia
1246 975 1439 1035 quinque
1465 972 1613 1018 dabo?

489 1086 503 1099 ¹
521 1090 748 1125 Caecilianum
777 1093 965 1139 quemdam
994 1093 1119 1128 irridet

436 1142 544 1177 Poeta
561 1169 570 1185 ‚
616 1145 774 1191 quinque
820 1147 928 1180 millia
978 1141 991 1190 (
1010 1147 1118 1181 hodie

438 1204 566 1230 nostrae
583 1207 732 1232 monetae
751 1201 825 1243 890
846 1194 977 1243 franc.)
995 1209 1117 1246 peten-

434 1257 523 1292 tem,
542 1262 657 1295 quum
676 1250 880 1292 mille(356
898 1252 1032 1295 franc.)
1050 1254 1119 1288 sint

434 1311 569 1348 negata.
582 1303 677 1337 Vide
692 1305 826 1340 tabulas
843 1305 886 1340 ad
903 1307 1031 1340 calcem
1052 1308 1116 1341 hu-

434 1356 490 1400 jus
509 1357 641 1390 volum.
657 1358 723 1390 En.

493 1423 523 1442 1.
555 1410 596 1442 Iu
624 1409 706 1444 edd.
735 1420 819 1445 vett.
847 1412 989 1444 hesterna
1015 1421 1113 1445 nocte.

435 1462 626 1496 Pulmanui
653 1472 688 1496 et
720 1464 928 1497 Beverlaudi
954 1465 1028 1498 MS.
1062 1466 1115 1497 lie-

436 1523 542 1547 sterna
556 1516 622 1547 luce
632 1542 641 1555 ,
655 1515 754 1561 quod
770 1517 898 1550 habent
910 1518 1013 1551 etiam
1028 1518 1118 1551 Gru-

438 1568 505 1601 teri
523 1576 558 1601 et
572 1568 734 1613 Cagnerii
747 1559 831 1603 vett.
843 1569 946 1603 codd.
964 1571 1116 1616 Langius

437 1629 552 1653 tamen
567 1629 601 1653 et
611 1620 766 1655 Raderus
782 1623 915 1656 habent
930 1632 1029 1657 nocte.
1048 1624 1114 1657 Hic

438 1682 554 1706 autem
580 1675 627 1707 ita
651 1675 840 1709 lectionem
867 1689 964 1709 suam
987 1676 1087 1710 fulcit
1107 1689 1115 1710 τ

439 1741 452 1753 «
470 1726 577 1760 Servo
587 1727 677 1761 hanc
688 1728 901 1774 'scripturam
916 1742 995 1763 cum
1011 1729 1116 1763 docto

439 1779 585 1816 GontIO.
604 1781 768 1826 Hospites
787 1781 830 1814 ad
846 1795 1043 1828 vesperam,
1063 1784 1117 1816 vel

440 1833 542 1865 etiam
569 1843 708 1867 noctem
737 1833 902 1868 advenire
925 1836 1060 1878 solent,
1085 1845 1118 1869 et

441 1884 545 1919 (locet
575 1887 642 1920 hoc
672 1887 832 1921 Christus
860 1888 956 1933 apud
972 1890 1115 1923 Lucam.

442 1938 674 1982 Caecilianus,
697 1948 856 1986 tempore
884 1955 965 1979 usus
980 1967 989 1983 ‚
1018 1943 1118 1977 venit

1177 1103 1289 1129 noctu
1303 1121 1312 1135 ‚
1334 1104 1373 1129 ut
1392 1095 1634 1129 necessitatem
1653 1094 1854 1129 ostenderet

1179 1157 1213 1181 et
1243 1149 1376 1182 facilius
1404 1149 1549 1182 falleret.
1566 1166 1579 1179 »ι
1606 1149 1696 1182 Tota
1721 1161 1777 1182 res
1804 1156 1855 1182 est

1178 1201 1275 1244 ficta3
1290 1197 1462 1235 Martialis
1478 1202 1551 1247 ipse
1567 1202 1625 1235 vix
1643 1201 1739 1234 mille
1755 1214 1855 1234 num-

1182 1267 1258 1288 mos
1276 1254 1414 1288 hahuit.

1234 1321 1267 1341 2.
1303 1309 1340 1340 In
1371 1321 1425 1340 sea:
1443 1333 1451 1347 ‚
1489 1315 1554 1341 etc.
1588 1308 1669 1341 Post
1700 1320 1759 1341 sex
1795 1316 1856 1340 aut

1175 1369 1311 1405 septem
1333 1359 1406 1393 dies
1427 1359 1651 1402 redditurus,
1674 1369 1712 1393 ut
1727 1361 1853 1394 aiebas.

1231 1412 1264 1446 3.
1295 1413 1370 1446 Non
1399 1413 1506 1445 liabeo.
1535 1413 1693 1457 Negabat
1724 1413 1854 1454 Poeta,

1176 1467 1293 1499 forsan
1315 1466 1465 1506 habens,
1485 1478 1529 1499 ne
1548 1465 1713 1499 malefido
1737 1464 1852 1498 credi-

1181 1527 1234 1552 tos
1260 1518 1434 1563 perderet.
1455 1519 1522 1551 En.

1233 1575 1266 1612 4.
1302 1571 1539 1605 Beverlandus
1574 1571 1659 1616 legit
1686 1571 1856 1617 pauidaque

1175 1637 1269 1665 vasa,
1282 1633 1322 1658 ut
1336 1624 1428 1670 apud
1440 1624 1630 1669 Virgilium
1641 1650 1649 1665 ‚
1661 1624 1791 1669 Georg.
1804 1625 1856 1657 II:

1181 1694 1195 1707 n
1215 1678 1392 1711 Lancibus
1404 1686 1437 1711 et
1452 1677 1575 1722 pandis
1586 1677 1758 1710 fumantia
1772 1690 1858 1710 con-

1177 1729 1269 1763 didit
1297 1739 1385 1764 exta.
1407 1748 1419 1760 »
1456 1732 1574 1774 Lanx,
1606 1731 1784 1775 μαζονόμος
1818 1730 1855 1763 in

1178 1784 1292 1817 Gloss.

1232 1839 1266 1870 6.
1295 1837 1404 1870 Millia
1426 1839 1570 1882 quinque.
1601 1835 1643 1869 Id
1675 1845 1750 1877 est,
1776 1848 1855 1868 vasa

1179 1898 1294 1934 empta
1319 1890 1479 1935 quinque
1502 1901 1727 1923 nummorum
1752 1888 1857 1921 milli-

1177 1943 1242 1976 bus
1254 1968 1264 1985 ,
1280 1956 1357 1988 quae
1375 1955 1556 1988 nunquam
1573 1942 1659 1976 mihi
1678 1940 1857 1975 redderes„

1085 2085 1258 2140 XVI.

958 2223 1013 2250 IN
1061 2222 1306 2251 GALLUM.
1328 2202 1345 2219 4

516 2324 797 2368 PMVJGNUM
826 2340 914 2367 non
940 2339 1031 2367 esse
1057 2333 1141 2367 tuae
1170 2333 1236 2379 te,
1260 2323 1384 2368 Gallo
1400 2360 1410 2380 ‚
1434 2341 1635 2368 noverea>

500 2438 514 2452 '
538 2443 828 2477 Criminationem
865 2444 1023 2478 continet
1056 2445 1122 2478 hoe

447 2496 660 2541 epigramma
686 2497 721 2529 iu
742 2497 883 2530 Gallum
910 2496 1097 2543 quemdam
1112 2523 1122 2539 ‚

445 2548 540 2594 quod
557 2561 630 2582 rem
648 2561 727 2582 cum
749 2562 898 2584 noverca
919 2551 999 2584 vivo
1025 2559 1122 2596 patre

442 2601 619 2635 habuisset
632 2628 641 2643 ‚
662 2611 697 2636 et
723 2602 879 2636 eamdem
899 2613 1039 2637 mortuo
1059 2616 1120 2649 pa-

440 2664 492 2689 tre
508 2655 672 2689 retineret
686 2668 694 2690 2
713 2655 863 2691 desumit
877 2658 1118 2701 conjecturam

1182 2445 1225 2478 ab
1245 2458 1285 2478 eo
1298 2471 1306 2486 ‚
1326 2444 1420 2490 quod
1431 2454 1552 2478 contra
1567 2444 1857 2478 consuetudinem

1183 2498 1340 2531 omnium
1376 2498 1618 2543 privignorum
1634 2524 1643 2539 ,
1674 2509 1858 2531 novercam

1181 2549 1279 2584 domi
1297 2551 1475 2585 retineret.
1495 2552 1648 2584 anires.

1239 2617 1270 2637 1.
1295 2605 1481 2648 Prii-ignum
1496 2631 1505 2644 ‚
1537 2613 1602 2637 etc.
1634 2602 1794 2647 Suspicio
1824 2612 1857 2636 et

1180 2670 1301 2691 rumor
1320 2666 1391 2690 erat
1412 2657 1474 2690 tibi
1489 2681 1498 2696 ,
1525 2667 1622 2701 patre
1649 2655 1728 2689 vivo
1742 2681 1751 2695 ‚
1781 2656 1860 2700 plus

2054 1847 2061 2523 ⁴*Q„—ffim——4A—
