2061 3288
448 168 539 222 hh

549 252 678 286 XLIII.

548 306 678 339 XLIV.

568 359 679 392 XLV.

550 411 679 444 XLVI.

532 465 680 498 XLVII.

514 518 680 551 XLVIII.

551 571 680 604 XLIX.

639 625 680 656 L.

619 677 680 709 LI.

603 731 678 763 LII.

534 824 538 826 ἡ
583 784 679 816 LIII.

582 837 677 868 mv

601 890 678 921 LV.

582 943 678 975 LVI.

564 996 678 1028 LVII.

544 1049 678 1081 LYIII.

582 1102 677 1134 LIX.

599 1155 676 1187 LX.

580 1207 674 1240 LXI.

563 1260 676 1293 LXII.

543 1313 675 1346 LXIII.

543 1367 676 1399 LXIV.

562 1420 674 1453 LXV.

543 1473 674 1506 LXVI.

525 1526 675 1558 LXVII.

508 1578 678 1612 LXVIII.

544 1631 676 1664 LXIX.

565 1684 677 1717 LXX.

546 1737 677 1770 LXXI.

527 1790 676 1823 LXXII.

506 1843 676 1876 LXXIII.

510 1896 677 1929 LXXIV.

527 1949 676 1982 LXXV.

509 2001 677 2035 LXXVI.

491 2054 677 2088 LXXVII.

475 2107 677 2142 LXXVIII.

511 2160 678 2195 LXXIX.

529 2213 676 2248 LXXX.

510 2267 677 2301 LXXXI.

494 2319 678 2354 LXXXII.

476 2371 677 2406 LXXXIII.

476 2425 676 2459 LXXXIV.

494 2479 675 2512 LXXXV.

475 2532 676 2565 LXXXVI.

455 2584 674 2618 LXXXVII.

434 2637 674 2671 LXXXVIII.

1009 166 1294 210 TABULA.

705 251 745 284 In
765 249 964 285 Candidum
1026 277 1623 286 ................
1669 253 1750 299 Pag.
1784 267 1853 288 210

705 304 745 336 In
769 303 915 337 Sextum
946 329 1744 346 .....................
1778 320 1794 340 2
1806 309 1850 342 13

704 355 760 390 Ad
781 356 956 402 Glj‘ptum
994 382 1745 393 ....................
1779 361 1850 395 215

705 411 746 442 In
771 410 954 443 Naevolum
995 435 1746 446 ....................
1779 426 1795 446 2
1807 427 1819 447 l
1831 414 1849 448 5

706 464 747 495 Iu
768 460 910 495 Gallum
953 489 1745 499 .....................
1779 479 1849 511 217

706 514 760 548 Ad
782 516 915 548 Rufum
953 538 1741 551 .....................
1777 532 1794 551 2
1806 532 1819 553 1
1831 521 1850 554 8

706 570 759 601 De
778 568 967 602 Thelesina
992 595 1744 605 ....................
1777 584 1794 604 2
1806 585 1819 605 1
1831 585 1849 615 ς)

704 622 747 654 In
766 622 929 655 Lesbiam
956 647 1748 657 .....................
1783 637 1852 659 220

706 676 745 707 In
771 674 916 721 Hyllum
951 700 1353 708 ...........
1355 686 1358 687 ⁷
1385 702 1392 708 .
1424 702 1430 707 .
1463 702 1491 716 .,
1504 701 1749 710 .......
1782 689 1852 711 220

705 729 756 760 De
778 727 884 760 Dasio
914 753 1746 763 ......................
1780 743 1847 764 221

704 782 746 814 In
767 780 958 813 Maximum
996 806 1750 816 ....................
1783 796 1850 816 221

705 835 746 866 In
769 834 898 867 Linum
916 858 1746 868 ......................
1781 836 1850 869 223

704 885 759 919 Ad
780 886 923 920 Sextum
953 912 1748 922 .....................
1781 894 1851 923 223

705 939 759 973 Ad
778 939 920 973 Gallum
932 964 942 980 ‚
963 938 1007 972 de
1026 941 1100 985 ejus
1118 952 1229 974 uxore
1269 965 1746 975 .............
1779 947 1852 983 224

704 994 746 1026 In
765 992 890 1025 fictum
910 991 1057 1026 divitem
1071 1019 1080 1026 .
1112 1020 1119 1026 .
1149 1018 1158 1026 .
1189 1020 1196 1026 .
1226 1013 1238 1019 -
1268 1019 1750 1028 ............
1784 1000 1853 1037 224

704 1047 746 1078 In
765 1046 903 1079 Zoilum
952 1072 1748 1081 .....................
1781 1051 1852 1083 226

704 1100 756 1131 De
777 1099 973 1132 coenatioue
992 1099 1089 1134 micae
1109 1125 1748 1134 .................
1781 1115 1850 1148 227

702 1153 746 1185 In
768 1151 916 1197 Hyllum
947 1178 1747 1187 .....................
1780 1167 1852 1200 229

703 1207 743 1239 In
766 1204 977 1238 maledicum
1030 1231 1747 1240 ...................
1781 1220 1852 1252 229

702 1260 744 1291 In
766 1258 961 1291 Labienum
991 1284 1746 1293 ....................
1779 1262 1853 1295 230

703 1313 744 1345 In
767 1311 954 1345 Milichum
985 1337 1747 1346 ....................
1781 1315 1848 1348 231

703 1366 744 1397 In
764 1365 923 1398 Taurum
945 1387 1747 1399 .....................
1780 1366 1849 1399 232

702 1419 743 1450 In
767 1418 965 1451 Saleianum
985 1443 1745 1452 ....................
1778 1419 1850 1453 233
1886 1436 1890 1442 -

702 1471 743 1503 In
763 1471 914 1516 Lalagen
952 1495 1747 1505 .....................
1779 1471 1851 1512 234

701 1524 742 1556 In
763 1524 998 1556 Posthumum
1027 1549 1746 1558 ...................
1778 1525 1851 1558 236

701 1575 758 1608 Ad
777 1576 885 1609 Olum
908 1601 1746 1610 ......................
1778 1576 1850 1611 236

702 1629 743 1662 In
766 1628 957 1662 Classicum
987 1654 1746 1663 ....................
1779 1630 1850 1664 238

702 1682 744 1714 In
767 1682 921 1715 Cotilum
953 1707 1744 1717 .....................
1777 1683 1850 1728 239

702 1733 757 1767 Ad
781 1735 1009 1768 Caecilianum
1031 1761 1312 1768 ........
1334 1774 1338 1778 ¹
1343 1760 1746 1769 ...........
1779 1736 1850 1781 239

702 1789 744 1820 In
765 1787 998 1821 Posthumum
1030 1813 1748 1822 ...................
1782 1793 1852 1830 240

703 1841 744 1874 In
762 1841 886 1886 Lyrim
912 1867 1747 1876 ......................
1777 1846 1846 1882 241

703 1894 743 1926 In
764 1893 963 1934 Saufeium,
987 1894 1112 1928 fictum
1134 1892 1279 1928 divitem
1307 1920 1744 1928 ............
1778 1899 1847 1935 242

702 1947 755 1980 De
775 1947 878 1980 leone
899 1947 1035 1989 cicure,
1058 1947 1103 1981 ad
1127 1947 1297 1980 feritatem
1317 1958 1455 1981 reverso
1502 1973 1742 1981 .......
1778 1948 1849 1987 243

702 2001 754 2033 De
775 1999 889 2033 Mario
905 2026 1742 2034 ......................
1777 2004 1850 2042 244

703 2054 743 2086 In
767 2053 983 2087 Cosconium
1026 2079 1744 2087 ...................
1776 2054 1849 2094 245

701 2105 755 2139 Ad
775 2106 999 2140 Caecilianum
1027 2131 1742 2140 ...................
1776 2110 1849 2147 246

701 2159 743 2192 In
766 2159 926 2192 Nasicam
951 2185 1742 2193 .....................
1776 2164 1848 2204 247

701 2213 753 2245 De
776 2212 909 2245 Fannio
951 2238 1742 2246 .....................
1774 2216 1846 2257 247

703 2267 743 2298 In
766 2265 905 2298 Zoilum
947 2291 1742 2299 .....................
1776 2267 1849 2306 248

701 2317 756 2351 Ad
776 2318 962 2352 Ponticum
983 2344 1743 2352 ....................
1777 2322 1849 2363 249

701 2373 744 2404 In
766 2384 894 2404 saevum
923 2372 1087 2405 maritum
1108 2397 1744 2405 .................
1779 2380 1848 2414 249

702 2425 743 2456 In
767 2424 961 2458 Sertorium
991 2444 1002 2450 -
1031 2451 1744 2459 ...................
1778 2424 1849 2458 250

702 2476 755 2510 Ad
779 2478 927 2510 amicum
946 2504 1743 2512 .....................
1777 2476 1819 2510 25
1831 2490 1843 2510 1

703 2529 1844 2564 AdClassicum..................‚.252

702 2584 741 2615 In
761 2583 903 2616 Sextum
936 2611 942 2615 .
978 2611 981 2614 .
1018 2611 1024 2616 .
1060 2611 1065 2618 .
1696 2609 1701 2615 .
1733 2609 1739 2615 .
1773 2581 1844 2614 255

702 2637 742 2669 In
762 2636 978 2670 Mamercum
1031 2663 1742 2669 ...................
1779 2634 1846 2667 256
