2061 3288
586 209 674 250 DE
713 206 1200 252 SPECTACULIS.
1528 204 1590 264 159

772 345 994 402 XXVJ

703 491 763 518 nr:
804 490 1070 519 LEANDRO.

248 594 398 650 QUUM
426 602 593 653 peteret
620 592 767 637 dulces
798 593 939 637 audax
965 592 1191 637 Leandrus
1219 608 1412 645 amores,

318 665 375 707 Et
399 663 534 707 sessus
557 664 735 708 tumidis
757 665 846 725 jam
875 673 1147 725 premeretur
1169 664 1317 723 aquis3

249 735 320 777 Sic
346 734 476 778 miser
502 735 712 779 instantes
737 734 896 780 affatus
927 735 1086 779 dicitur
1111 734 1249 778 undas
1272 752 1279 776 :

317 806 506 861 Parcite⁷
530 805 634 849 dum
663 822 880 867 propero3
910 806 1118 867 mergite,
1145 805 1249 848 dum
1277 805 1421 849 redeo.

249 915 490 975 Πάντολμος
517 910 734 976 Λείανδρος
760 919 824 964 ἑῆν
849 917 1000 973 περόων
1027 916 1092 959 ἐπὶ
1113 918 1283 976 νύμφην,

317 973 397 1044 Ϋψι
424 988 728 1046 κορυσσομένοις
756 989 905 1046 κύμασι
934 983 1182 1046 θλιὲόμενος·

252 1058 458 1116 Δύσμορος
488 1054 670 1104 ἀντιὲίην
700 1060 805 1100 οὕτω
831 1059 1056 1117 προσέφησε
1080 1057 1300 1110 θάλασσαν,

317 1122 463 1178 (paidom
488 1129 752 1187 ςελλομένου,
784 1124 898 1179 κλύζε
926 1146 973 1188 με
999 1129 1240 1188 νισσόμενον.

232 1244 246 1258 ’
265 1248 343 1282 Hoc
375 1249 589 1294 epigramma
618 1261 699 1282 cum
730 1262 856 1294 praece-
918 1262 956 1283 ac
978 1249 1144 1283 Leandri.
1166 1250 1248 1284 Esse
1263 1250 1373 1296 igitur
1395 1251 1461 1284 hoc
1487 1252 1597 1297 epigr.

180 1300 283 1335 denti
312 1302 348 1334 in
373 1302 505 1335 caeteris
532 1301 746 1335 editionibus
774 1315 857 1335 con-
919 1315 1000 1336 xxm
1028 1316 1179 1336 numero
1208 1303 1346 1345 debuit,
1370 1317 1449 1337 cum
1479 1306 1598 1346 titulo,

178 1356 341 1400 junctum
364 1355 620 1400 separavimus,
642 1368 793 1401 namque
814 1355 858 1388 al·
920 1356 957 1388 In
973 1357 1131 1398 eumdem,
1151 1364 1190 1389 ut
1204 1357 1318 1402 prima
1334 1356 1490 1391 editione
1506 1367 1598 1391 recte

181 1416 295 1442 terum
319 1417 352 1441 et
371 1409 474 1454 longe
495 1407 672 1441 diversum
692 1417 742 1441 est
764 1420 781 1441 a
799 1421 858 1441 su-
919 1409 1006 1442 mihi
1025 1409 1099 1442 haec
1120 1410 1263 1454 partitio
1287 1410 1397 1451 facta;
1419 1424 1521 1456 qutun
1547 1420 1597 1443 ta-

179 1461 328 1506 periore.
348 1461 441 1495 Illud
460 1462 497 1494 in
522 1474 600 1494 eum
626 1462 687 1507 qui
703 1460 859 1494 Leandri
919 1475 999 1495 men
1019 1462 1189 1496 hacteuus
1211 1475 1376 1496 verveces
1393 1463 1598 1498 dubitavere

180 1526 325 1560 persona
338 1515 471 1548 velatus
484 1515 599 1548 enavit
616 1527 655 1548 ex
667 1527 752 1561 aqua
766 1515 858 1548 Nau·
918 1515 1014 1561 sequi
1028 1541 1036 1557 ‚
1052 1529 1204 1561 quorum
1220 1529 1325 1562 opera
1342 1516 1481 1550 deditus
1503 1518 1597 1550 Mar-

180 1568 326 1601 machiae
352 1582 359 1600 ;
381 1568 449 1601 hoc
474 1581 556 1602 vero
583 1568 619 1601 in
651 1568 831 1601 historiam
848 1595 857 1608 ‚
919 1569 1021 1602 tialis.
1043 1586 1055 1599 ‚³
1083 1569 1265 1603 May-cilius.

181 1621 252 1654 sive
278 1621 438 1655 fabellam
459 1621 504 1655 de
531 1622 721 1655 Amoribus
743 1622 858 1655 Herus
975 1621 1598 1669 4.Put·ct'te.Vid.XIV‚epig.c1„xxx1.

767 1739 1022 1794 XXVI.

638 1880 702 1906 Dr:
745 1857 1151 1907 NATA‘ronlssus.*

183 1988 349 2022 Juveues
385 1993 579 2021 natatores
608 1983 817 2022 Nereidum
850 1983 983 2020 habitu
1019 1984 1057 2019 in
1097 1994 1251 2032 aequore
1280 1982 1600 2032 Amphitheatrali

239 2046 392 2082 suerunt
419 2045 578 2083 exhibiti
607 2060 627 2083 a
649 2046 759 2093 Tito,
783 2055 825 2083 ut
847 2045 980 2092 credo,
1004 2058 1092 2082 nam
1117 2044 1238 2081 simile
1263 2044 1445 2094 quiddam
1469 2045 1516 2081 de
1536 2045 1601 2081 illo

238 2108 354 2144 refert
364 2108 437 2145 Dio
448 2111 549 2146 Cass.
559 2111 643 2146 Hoc
654 2108 897 2145 artificiosum
911 2108 1067 2145 Caesaris
1083 2107 1340 2157 spectaculum
1352 2107 1493 2144 laudat.
1506 2110 1576 2144 En.

256 2212 400 2255 LUSIT
423 2209 660 2254 Nereidum
686 2210 836 2254 docilis
863 2211 1024 2254 chorus
1050 2225 1224 2270 aequore
1250 2218 1366 2265 toto,

256 2315 462 2381 Νηρεΐδων
491 2315 544 2362 δι’
572 2323 666 2363 ὅλου
696 2321 894 2382 πελάγους
919 2323 1036 2381 χορὸς
1063 2319 1234 2377 ἐψιόωτο

239 2432 253 2446 ’”
267 2438 319 2469 De
329 2437 446 2471 Nautis
458 2437 563 2470 habet
579 2435 688 2469 codex
700 2435 860 2470 Bodleia-
920 2435 1127 2469 Beverlandi
1146 2435 1219 2468 MS.
1246 2434 1388 2468 Thetidis
1408 2436 1518 2468 chorus
1536 2448 1596 2469 co-

187 2503 264 2523 nus.
284 2491 429 2523 Lemma
447 2491 500 2522 De
517 2490 727 2524 Natatoribzcs
749 2502 864 2535 suspe-
922 2488 988 2522 dex
1004 2489 1208 2522 Vaticanus.
1225 2509 1276 2514 --
1293 2488 1462 2521 Nereidum
1480 2490 1598 2522 chori-¹³.

188 2551 283 2576 ctum
302 2543 426 2576 habuit
446 2543 653 2588 Caguerius,
672 2551 706 2576 et
721 2555 863 2588 prorsus
923 2541 1090 2575 Nereides
1110 2541 1274 2587 nymphae
1298 2542 1421 2580 maris,
1445 2543 1548 2575 Nerei
1569 2552 1598 2573 ei

188 2596 341 2630 alienum
358 2609 430 2629 esse
447 2595 639 2629 contendit.
924 2594 1067 2628 Doridis
1089 2595 1189 2635 filiae,
1214 2594 1256 2627 de
1283 2595 1409 2639 quibus
1431 2594 1602 2628 Hesiodw

245 2660 274 2682 1.
306 2650 396 2682 Lusit
430 2649 598 2684 Nereidum
618 2650 730 2691 fite-ilis
754 2650 863 2681 chorus
925 2649 959 2680 iu
983 2649 1213 2692 Tlieogonia3
1236 2661 1319 2692 quas
1338 2656 1606 2693 repraesentam-

1342 2717 1397 2738 On

1360 2739 1367 2749 ι

1345 2753 1366 2763 ,ι
