2061 3288
468 220 562 272 463

839 217 899 258 Μ.
925 216 1067 259 VAL.
1109 214 1500 258 MARTIALIS

534 311 760 368 Tanquam
788 305 850 349 fas
877 321 966 348 non
993 304 1070 358 sit,
1095 312 1303 364 tanquam
1332 304 1386 347 sit
1409 313 1537 364 turpe
1566 319 1749 365 negare,

604 380 830 438 Tanquam
861 392 951 419 non
979 374 1132 428 liceat3
1163 373 1281 417 nulla
1310 373 1455 435 puella
1484 384 1625 436 negat.

537 451 669 494 Casta
697 449 830 509 igitur
860 444 978 489 nulla
1005 444 1098 490 est?
1125 454 1252 489 castae
1278 454 1378 489 sunt
1408 444 1537 488 mille.
1560 445 1679 502 Quid
1704 462 1808 507 ergo

607 522 739 574 Casta
769 516 901 561 facit?
926 533 1014 560 non
1040 516 1136 570 dat3
1169 533 1258 559 non
1289 525 1436 559 tamen
1466 514 1537 559 illa
1566 526 1712 577 negat.

470 659 669 702 autem‚lib.
688 659 725 699 Ι,
744 657 814 690 Sat.
835 668 885 697 11,
908 668 920 689 1
936 668 999 699 19:
1019 673 1032 685 «
1045 668 1144 700 parav-

467 715 576 748 bilem
598 725 676 746 amo
695 722 869 744 venerem.
888 727 901 739 a

521 768 555 801 3.
581 767 746 812 Tanquam
764 765 813 803 fas
830 775 892 796 non
909 765 962 795 sit.
985 762 1030 794 Et
1044 774 1145 794 versu

1205 666 1402 688 concessam
1431 653 1473 687 ad
1504 653 1703 699 negandum
1731 656 1882 689 habeant

1205 708 1330 753 puellae
1365 708 1562 741 facultatem
1583 734 1592 749 ‚
1633 721 1702 742 non
1741 717 1880 754 negant.

1206 761 1408 794 Ramiresius.
1423 782 1474 786 —
1484 762 1565 795 Fas.
1579 762 1717 795 Dicitur
1727 774 1745 794 a
1754 763 1860 805 fando
1871 776 1881 794 .-

464 819 646 866 sequeuti:
666 826 814 864 tanquam
833 829 895 848 non
915 816 1018 848 liceat.
1040 815 1147 848 Diffe-
1198 815 1256 857 fas
1274 823 1323 847 est
1347 813 1428 847 ideo
1451 813 1547 859 quod
1568 826 1705 860 aequum
1719 824 1769 849 est
1781 817 1853 858 sari
1869 828 1881 855 ;

464 882 548 908 runt
563 875 620 917 sas
633 885 696 904 esse
708 879 741 903 et
754 871 846 903 licere
859 883 870 902 .·
890 869 978 911 nefas
990 876 1038 900 est
1049 866 1145 913 quod

464 940 526 961 sua
547 936 672 960 natura
694 933 797 969 turpe
818 931 853 956 et
878 922 1063 967 iniquum3
1084 934 1145 953 non

465 981 538 1013 licet
550 978 645 1025 quod
657 990 715 1011 seu
731 988 869 1022 aequum
884 1001 893 1016 ‚
913 987 973 1009 seu
984 975 1144 1020 iniquum

463 1033 675 1080 prohibetur
689 1031 731 1064 ab
745 1031 862 1075 aliquo
875 1042 884 1070 ;
903 1028 1010 1074 igitur
1023 1028 1081 1061 hic
1095 1036 1146 1061 est

464 1098 584 1120 sensus
599 1110 608 1125 ‚
634 1084 734 1131 quasi
750 1083 913 1128 iniquum
933 1094 996 1115 sua
1019 1089 1145 1115 natura

464 1141 519 1172 vel
544 1148 645 1184 turpe
668 1138 711 1171 sit
732 1148 879 1182 negare,
901 1143 934 1168 et
956 1135 1053 1180 quasi
1072 1146 1145 1167 non

1207 869 1295 910 nefas
1309 890 1317 905 ‚
1340 866 1435 912 quod
1449 868 1523 910 sari
1537 880 1609 900 non
1632 881 1772 914 aequum
1794 877 1856 902 est.

1261 924 1293 954 6.
1310 921 1386 954 Non
1402 921 1461 953 dat
1470 934 1482 960 ;
1500 934 1562 954 non
1586 930 1686 954 tamen
1703 922 1759 954 illa
1777 929 1883 966 negat.

1206 974 1292 1015 Quae
1311 986 1384 1006 non
1403 975 1498 1008 ultro
1515 973 1596 1016 dat,
1613 987 1652 1008 ea
1670 983 1761 1008 casta
1784 988 1884 1008 voca-

1204 1035 1263 1060 tur
1281 1040 1288 1061 :
1309 1026 1370 1061 sed
1381 1036 1501 1073 rogata
1517 1040 1591 1061 non
1604 1028 1788 1074 negat;sic
1804 1028 1887 1061 Ovi-

1205 1079 1303 1122 dius,
1332 1081 1452 1113 Amor.
1483 1082 1515 1122 Ι,
1539 1082 1581 1123 8,
1604 1080 1669 1122 43,
1687 1096 1699 1109 «
1719 1091 1809 1114 casta
1836 1089 1885 1114 est

1206 1146 1311 1180 quam
1329 1146 1435 1167 nemo
1453 1134 1601 1178 rogavit.
1619 1152 1631 1163 »

1034 1270 1310 1326 LXXII.

971 1428 1039 1455 ΑΒ
1079 1426 1346 1463 QUINTUM.
1370 1405 1387 1422 *

539 1562 727 1613 Exrors,
758 1566 804 1599 ut
836 1555 995 1598 donem
1026 1562 1198 1595 nostros
1226 1551 1325 1606 tibi⁷
1351 1550 1540 1607 Quinte,
1566 1551 1744 1598 libellos.

611 1631 711 1673 Non
740 1626 906 1677 haheo,
932 1623 1005 1667 sed
1031 1623 1164 1666 habet
1190 1620 1426 1682 bibliopola
1451 1622 1674 1683 Tryphon.

542 1703 613 1745 ΕΗΒ
643 1698 756 1743 dabo
781 1713 861 1757 pro
887 1696 1034 1755 nugis,
1061 1702 1104 1736 et
1133 1708 1275 1736 emam
1302 1701 1377 1735 tua
1403 1694 1596 1736 carmina
1627 1694 1784 1738 sanus?

612 1773 734 1822 Non,
758 1768 920 1827 inquis⁷
951 1766 1105 1808 faciam
1137 1774 1225 1806 tam
1259 1762 1388 1807 fatue.
1421 1764 1514 1807 Nec
1546 1781 1639 1825 ego.

528 1908 540 1922 '¹
565 1911 638 1945 Sub
655 1919 802 1955 persona
823 1904 947 1946 Quinti
965 1902 1084 1937 sordes
1099 1916 1153 1936 re-

476 1963 665 2014 prehendit
680 1972 804 1995 eorum
819 1959 879 2005 qui
895 1984 903 2002 ‚
922 1965 960 1990 ut
974 1959 1154 2002 Lupercus

481 2022 535 2055 ille
547 2045 556 2061 ‚
572 2018 633 2050 lib.
656 2017 673 2048 I
689 2041 697 2056 ‚
722 2013 833 2059 epigr.
860 2023 974 2045 CXVIII
988 2036 997 2052 ,
1018 2010 1155 2042 libellos

479 2074 772 2120 epigrammatum
791 2079 808 2098 a
826 2066 955 2098 Nostro
971 2063 1154 2109 petebant,

483 2137 524 2161 ut
545 2127 701 2170 legerent
723 2119 827 2166 gratis
843 2145 851 2160 ‚
877 2118 1117 2151 ncc‘emerent
1138 2127 1155 2147 a

479 2177 686 2222 bibliopola.
706 2175 772 2207 En.

541 2246 572 2266 1.
591 2230 710 2273 Exigis
730 2235 764 2259 ut
778 2226 886 2258 (Iouem
905 2251 912 2263 ‚
936 2232 1001 2256 etc.
1022 2222 1074 2255 Sic
1096 2222 1156 2254 lib.

485 2287 575 2325 VII,
592 2282 840 2328 epigrammate
859 2289 964 2311 Lxxw
979 2289 986 2309 :
1011 2294 1023 2305 u
1042 2274 1160 2320 Exigis

487 2348 528 2374 ut
542 2344 680 2371 nostros
699 2333 829 2367 donem
852 2331 918 2364 tibi
933 2356 942 2370 ‚
960 2330 1076 2363 Tucca
1089 2354 1097 2368 ‚
1118 2328 1159 2360 li-

484 2392 606 2426 bellos.
626 2389 693 2421 En.

545 2457 578 2477 2.
608 2439 789 2484 Bibliopola
829 2437 988 2481 Tnjphon.
1025 2433 1161 2467 Nobilis

487 2507 534 2531 est
555 2492 764 2537 Quintiliani
782 2490 985 2536 praefatione
1000 2501 1008 2529 3
1030 2487 1073 2520 de
1090 2499 1159 2532 quo

488 2553 615 2584 Noster
626 2547 727 2580 etiam
742 2570 750 2581 q
769 2545 831 2577 lib.
848 2543 937 2575 XIII
949 2568 957 2583 ,
972 2541 1080 2587 epigr.
1093 2552 1136 2572 111
1150 2552 1156 2572 :

1219 1919 1231 1930 ιι
1251 1902 1295 1934 Et
1317 1902 1419 1934 faciet
1437 1903 1572 1936 lucrum
1588 1903 1779 1950 bibliopola
1799 1905 1889 1951 Try-

1213 1955 1322 2000 phon.
1340 1972 1353 1983 a

1271 2007 1304 2040 3.
1325 2007 1534 2041 Beverlandi
1561 2008 1635 2042 MS.
1659 2018 1690 2042 et
1713 2023 1810 2043 emam
1837 2020 1891 2044 lua

1215 2063 1354 2093 ctu-mina
1385 2063 1412 2092 si
1437 2064 1497 2094 ‘1¹1‘s.
1521 2082 1571 2087 —-—
1590 2063 1656 2094 AEs
1675 2063 1822 2096 dabo....³
1845 2066 1892 2099 ait

1215 2114 1377 2155 Quintus.

1274 2171 1305 2206 ti.
1318 2167 1386 2199 Nec
1398 2180 1467 2211 ego,
1485 2167 1686 2213 Respondet
1701 2169 1891 2211 Martialis3

1218 2232 1282 2253 nec
1306 2232 1368 2265 ego
1387 2229 1455 2253 tam
1476 2220 1593 2254 fatuus
1614 2234 1694 2265 ero,
1715 2222 1775 2268 qui
1795 2224 1893 2256 fatuo

1219 2274 1323 2318 gratis
1352 2272 1481 2306 donem
1510 2286 1604 2307 meos
1635 2275 1763 2309 libros.
1791 2276 1894 2310 Istius

1219 2326 1343 2367 Quinti
1391 2327 1569 2359 avaritiam
1616 2328 1758 2373 castigat
1777 2354 1786 2370 ,
1833 2330 1894 2374 qui

1218 2391 1350 2424 paucos
1365 2379 1569 2425 impendere
1585 2393 1748 2414 nummos
1760 2394 1896 2415 recusa-

1220 2433 1296 2473 bat,
1314 2441 1352 2465 ut
1371 2433 1435 2466 sibi
1451 2433 1515 2466 hos
1530 2434 1638 2467 libros
1655 2444 1892 2480 compararet,

1221 2498 1307 2531 quos
1332 2495 1446 2519 tamen
1475 2487 1587 2531 legere
1614 2500 1753 2520 summo
1779 2487 1894 2521 studio

1219 2539 1412 2584 expetebat.
