2061 3288
415 266 472 292 22

784 250 846 292 M.
869 250 1010 294 VAL.
1049 249 1446 292 MARTIALIS

1042 427 1188 482 XII.

601 599 667 627 DE
705 599 799 628 SUE
837 599 952 636 QUAE
991 600 1055 628 EX
1094 600 1344 628 VULNERE
1384 600 1629 629 PEPERRT.

423 749 494 781 Sus
510 757 724 795 praegnans,
742 744 782 781 in
801 757 955 781 arenam
975 744 1185 794 producta,
1209 753 1247 780 et
1266 745 1340 781 icta
1360 744 1491 782 lancea
1510 746 1570 782 vel
1590 745 1781 784 venabulo
1793 775 1804 793 ³

868 819 938 856 per
959 806 1097 842 vulnus
1118 806 1279 856 peperit.
1301 809 1371 843 En.

478 952 624 995 INTER
648 950 855 994 Caesareae
879 949 1129 994 discrimina
1152 965 1265 993 saeva
1291 949 1444 993 Dianae

548 1029 730 1072 Fixisset
753 1028 977 1090 gravidam
999 1044 1136 1090 quum
1160 1027 1268 1073 levis
1287 1029 1416 1073 hasta
1442 1045 1587 1085 suem,

479 1106 648 1151 Exsiliit
674 1116 825 1168 partus
848 1107 1016 1152 miserae
1040 1107 1094 1150 de
1113 1107 1294 1151 vulnere
1316 1109 1480 1152 matris.

550 1187 592 1229 Ο
614 1187 782 1230 Lucina
804 1185 951 1243 ferox,
972 1186 1057 1230 hoc
1079 1187 1299 1248 peperisse
1320 1185 1430 1231 fuit?

478 1264 682 1309 Pluribus
707 1264 779 1309 illa
804 1266 916 1309 mori
940 1263 1146 1310 voluisset
1170 1267 1317 1310 saucia
1338 1265 1457 1323 telis,
1813 1287 1826 1309 s.

550 1345 771 1389 Omnibus
799 1354 848 1388 ut
874 1346 986 1389 natis
1011 1346 1132 1390 triste
1155 1356 1326 1406 pateret
1348 1348 1441 1390 iter.

479 1480 614 1536 Ᾰθλου
642 1493 860 1553 κοιρανέοιο
890 1498 1161 1553 κυνηγετικοῖς
1188 1494 1226 1535 ἐν
1257 1493 1387 1554 ἀγῶσι

550 1571 780 1633 Πληγείσης
809 1578 1046 1632 πτηνῇτῆς
1077 1572 1167 1621 συὸς
1196 1571 1380 1632 αἰγανέῃ,

482 1641 709 1711 Οὸρίκαλον
736 1651 917 1711 λαγόνων
947 1651 1088 1710 βρέφος
1122 1650 1253 1710 ἔκθορε
1281 1651 1452 1710 μητέρος
1485 1650 1607 1700 αἰνῆς.

555 1729 785 1790 Δυςροίπελ’
816 1728 1023 1783 Εἰλείθυι’,
1053 1726 1128 1789 ἆρα
1159 1723 1251 1772 τόδ’
1279 1727 1325 1776 ἦν
1353 1730 1522 1782 τεκέειν;

481 1809 667 1852 Πλείοσιν
687 1808 906 1859 ’ἀσπασίως
934 1810 971 1851 κ’
1001 1810 1102 1855 αὐτ)1
1137 1810 1336 1864 βελέεσσιν
1367 1809 1526 1861 ὄλοιτο,

553 1877 633 1938 ᾖς’
661 1885 757 1931 εἶναι
782 1892 938 1939 λοιποῖς
965 1892 1047 1938 τοῖς
1076 1889 1274 1931 τεκέεσσιν
1301 1881 1408 1930 ὁδόν.

470 2056 500 2077 1.
521 2043 677 2077 Caesareae
696 2043 825 2075 Dianae.
844 2043 912 2076 Per
932 2050 1092 2088 metony-

413 2097 517 2130 miam
534 2096 635 2142 ponit
647 2096 797 2129 Dianam
812 2107 879 2140 pro
892 2095 1090 2136 venatione,

412 2163 515 2196 quam
534 2149 754 2182 Domitianus
779 2148 940 2181 exhibuit
962 2148 999 2181 in
1022 2161 1091 2180 am-

413 2202 615 2249 phitheatro
637 2214 645 2235 :
667 2202 787 2235 Dianae
807 2201 901 2235 enim
919 2200 1015 2234 s'acra
1040 2209 1091 2234 est

413 2256 562 2289 venatio.
573 2277 625 2281 ——
637 2256 832 2288 Discrimina
843 2267 939 2287 soeva.
957 2254 1088 2287 Cruen-

413 2317 482 2342 tam
506 2321 586 2342 cum
605 2308 686 2341 feris
708 2320 865 2354 pugnam
887 2315 1005 2349 notat3
1023 2320 1090 2353 qua

413 2362 468 2394 vel
489 2375 506 2395 a
526 2361 689 2395 bestiario
709 2361 789 2395 ferae
803 2383 813 2400 ‚
831 2360 887 2394 vel
904 2374 923 2393 a
938 2361 1010 2394 fera
1029 2362 1090 2394 be·

414 2414 550 2447 stim-ius
570 2414 832 2447 conficiebatur.

468 2467 487 2499 3
496 2467 643 2501 ‚Exsiliit
650 2480 765 2512 porcus
775 2467 986 2500 membranae
998 2480 1091 2513 quae-

411 2519 491 2553 dam
511 2520 770 2565 antiquissimae.

468 2577 501 2614 4.
522 2573 553 2606 O
569 2574 701 2606 Lucina.
724 2574 796 2606 Dea
815 2581 981 2618 partuum
1003 2587 1090 2618 prae·

412 2639 484 2666 ses,
510 2639 586 2671 quae
605 2635 639 2659 et
659 2626 752 2658 Juno
769 2625 901 2660 dicitur
915 2635 947 2659 et
963 2627 1086 2662 Diana.

1150 2042 1337 2075 Terentius
1362 2042 1398 2074 in
1425 2039 1582 2074 Andria:
1606 2057 1619 2069 «
1636 2040 1734 2073 Juno
1754 2041 1828 2073 Lu-

1150 2095 1250 2136 cina,
1279 2095 1331 2127 fer
1358 2106 1473 2139 opem.
1503 2110 1516 2122 ι
1550 2093 1830 2126 Parturientibus

1149 2160 1233 2181 vero
1247 2147 1432 2181 subvenire
1444 2146 1575 2180 dicitur
1587 2147 1698 2180 Diana
1709 2172 1718 2188 ‚
1731 2145 1829 2192 quod

1150 2201 1223 2234 sine
1248 2200 1369 2234 dolore
1395 2201 1528 2233 Latona
1556 2212 1631 2233 eam
1660 2200 1698 2232 in
1726 2207 1829 2232 utero

1149 2262 1312 2299 gestasset
1347 2262 1381 2287 et
1415 2253 1632 2299 peperisset,
1663 2261 1703 2286 ut
1735 2253 1829 2286 canit

1150 2307 1382 2341 Callimachus
1397 2306 1434 2339 in
1449 2307 1583 2352 hymno
1599 2307 1731 2340 Dianae.
1747 2305 1830 2338 Sen-

1149 2373 1206 2393 sus
1236 2369 1287 2394 est
1312 2372 1320 2393 :
1349 2360 1470 2393 Hocne
1491 2358 1597 2393 modo
1613 2386 1622 2401 ,
1648 2372 1669 2391 ο
1695 2358 1829 2399 Diana,

1149 2414 1381 2459 parturientes
1400 2412 1542 2459 adjuvas
1556 2412 1571 2445 Ρ

1204 2469 1238 2500 6.
1260 2467 1413 2500 Omnibus
1429 2474 1474 2499 ut.
1491 2467 1544 2499 Ex
1557 2465 1624 2498 hoc
1643 2475 1745 2496 versu
1763 2475 1827 2508 pa-

1149 2527 1220 2561 tet,
1252 2532 1323 2552 non
1359 2532 1477 2552 omnes
1502 2517 1613 2551 editos
1644 2517 1681 2549 in
1712 2516 1826 2548 lucem

1148 2573 1304 2613 sueulos,
1327 2572 1388 2606 sed
1415 2570 1580 2617 quosdam
1611 2582 1691 2603 cum
1717 2577 1826 2603 matre

1147 2626 1301 2671 periisse.
