2061 3288
482 199 578 256 [132

869 203 931 246 M.
954 204 1096 247 VAL.
1135 203 1523 247 MARTIALIS

1036 335 1342 391 XLVIII.

996 470 1054 498 IN
1101 470 1371 500 PAPILUM.

554 579 746 622 Pmoun
780 577 942 638 gaudes
967 594 976 620 :
1004 579 1200 638 perclsus
1216 614 1228 633 ‚
1253 577 1427 639 Papile,
1449 578 1608 640 ploras.

626 651 739 705 Cur,
764 665 859 709 quae
890 649 955 692 vis
982 648 1099 703 fieri,
1121 648 1293 710 Papile,
1315 649 1430 693 facta
1455 649 1603 693 doles?

555 721 742 779 Poenitct
767 720 982 764 obscoenae
1010 719 1280 781 pruriginis?
1301 737 1357 764 an
1387 722 1523 781 magis
1549 719 1653 764 illud

627 790 744 847 Fles,
771 790 888 851 quod
915 790 1103 851 percidi,
1127 790 1275 852 Papile
1291 827 1303 846 ‚
1329 789 1533 835 desieris?

543 924 574 945 1.
607 911 747 944 Praecidi
774 911 916 956 gaudes,
946 912 1098 956 proecisus
1128 911 1164 944 in

485 964 567 998 edd.
585 965 763 1010 antiquiss.
781 977 860 998 cnm
881 963 962 997 Ald.
982 964 1083 997 Junt.
1100 964 1166 998 Co-

485 1019 547 1051 lin.
568 1019 705 1064 Gryph.
723 1018 865 1051 Junian.
882 1017 1039 1051 Pnlman.
1058 1018 1165 1063 Lang.

483 1081 551 1105 etc.
574 1072 657 1104 Mox
673 1084 775 1105 versu
806 1076 824 1112 4
850 1070 936 1117 qaod
947 1070 1092 1116 praecidi.
1114 1072 1166 1104 De

484 1125 744 1170 permutatione
761 1138 831 1169 proe
853 1132 886 1158 et
909 1138 969 1169 per·
993 1123 1075 1157 vide
1101 1136 1167 1157 nos

485 1178 529 1211 aa
548 1179 680 1212 Tama.
698 1179 758 1218 11,
782 1179 826 1218 5,
852 1183 922 1223 743
944 1178 1020 1218 111,
1046 1190 1081 1218 1,
1102 1190 1167 1219 11,

1225 919 1258 944 et
1277 911 1331 944 III
1345 936 1354 951 ,
1381 911 1399 944 3
1419 938 1427 953 ,
1449 924 1483 955 9.
1500 932 1552 937 —-
1574 911 1712 944 Percidi.
1734 910 1816 945 Vid.
1841 912 1901 945 lib.

1226 964 1284 1005 II,
1302 965 1413 1009 epigr.
1436 977 1535 998 Lxxn
1548 990 1558 1006 ‚
1572 977 1622 998 vs.
1648 964 1682 998 3.

1283 1030 1315 1050 2.
1336 1018 1424 1058 Cur,
1457 1026 1521 1052 etc.
1550 1017 1585 1050 Si
1614 1017 1708 1050 enim
1737 1017 1903 1063 poeniteat

1227 1070 1332 1112 sacti,
1353 1084 1415 1104 cur
1445 1071 1536 1104 ultra
1565 1070 1721 1116 pateris?
1748 1071 1855 1103 immo
1885 1083 1903 1102 a

1225 1137 1316 1157 nova
1341 1124 1522 1169 prurigine
1549 1124 1713 1157 oriuntur
1740 1124 1903 1170 lacrymae

1227 1186 1312 1218 tuae,
1334 1178 1464 1223 Papile.

1082 1283 1319 1339 XLIX.

978 1424 1048 1451 AD
1097 1404 1407 1452 Eumenius

557 1534 745 1587 chrs,
773 1530 902 1574 crede
929 1529 1033 1572 mihi
1051 1564 1062 1581 ,
1083 1528 1186 1589 quid
1210 1530 1296 1572 sint
1321 1529 1672 1589 Epigrammata,
1694 1527 1868 1579 Flacco,

629 1603 717 1659 Qui
741 1611 911 1644 tantum
942 1599 1060 1643 lusus
1092 1598 1189 1654 illa,
1212 1600 1422 1660 jocosque
1451 1609 1593 1659 putas,

557 1673 635 1717 lllc
662 1673 801 1733 magis
827 1671 958 1724 ludit,
989 1671 1062 1730 qui
1092 1670 1241 1714 scribit
1270 1670 1452 1731 prandia
1483 1672 1584 1713 saevi

542 1795 555 1808 '¹
574 1798 832 1843 Epigrammata
846 1820 855 1834 ‚
893 1793 990 1839 quasi
1026 1792 1169 1826 lusorias

488 1852 603 1899 pusilli
619 1849 721 1896 pretii
736 1860 844 1893 nuga-„i
857 1873 865 1889 ‚
881 1845 1060 1879 fastidioso
1070 1847 1170 1879 Flac-

491 1920 551 1941 cus
569 1903 783 1949 despiciebat
804 1900 992 1945 supercilio
1009 1913 1017 1940 3
1041 1907 1075 1932 et
1094 1912 1171 1932 ver-

492 1973 547 1993 sus
571 1960 663 1991 lectu
686 1965 756 1989 tam
777 1954 893 1988 faciles
919 1953 1017 1986 facile
1038 1951 1169 1985 deduci

490 2013 636 2060 putabat
651 2022 659 2043 ε
676 2021 790 2054 neque
806 2007 900 2040 enim
917 2013 1063 2039 noverat
1080 2006 1170 2039 hanc

493 2075 605 2113 poetae
628 2063 741 2109 gallici
762 2073 884 2094 vocem
903 2073 910 2092 :

491 2128 540 2151 Des
558 2133 616 2149 vers
634 2122 759 2145 aisement
777 2118 836 2143 faits
855 2124 914 2142 sont
929 2123 1058 2141 rar-emeat
1073 2116 1146 2139 nise-s.

491 2177 559 2213 Cui
574 2171 763 2220 respondet
781 2170 912 2203 Noster
933 2169 1011 2214 plus
1027 2169 1171 2201 fortasse

492 2229 639 2277 poeticae
680 2223 859 2270 dignitatis
896 2223 1006 2255 inesse
1045 2219 1170 2266 lepidis

494 2284 567 2317 istis
581 2292 685 2328 quam
699 2277 805 2324 epicis
817 2276 1030 2309 carminibus
1048 2287 1056 2308 :
1073 2272 1172 2320 quod

495 2338 521 2369 si
545 2335 789 2369 confirmatum
813 2329 985 2370 volueris,
1009 2329 1083 2373 lege
1109 2327 1170 2360 lib.

495 2391 549 2429 X,
572 2389 680 2433 epigr.
707 2389 725 2424 4
740 2409 750 2424 ‚
780 2383 817 2415 in
840 2395 910 2428 quo
933 2381 1034 2415 (locet
1058 2388 1171 2414 vatem

495 2442 679 2476 heroicum
693 2465 701 2479 ‚
718 2438 753 2470 in
773 2436 993 2470 somniorum
1010 2434 1151 2479 regione
1162 2458 1172 2473 a

496 2507 585 2541 saepe
600 2493 718 2527 relicta
730 2499 853 2523 natura
863 2515 872 2530 ‚
886 2497 1082 2533 vagantem,
1094 2487 1174 2532 plns

497 2544 735 2583 delectationis
747 2543 871 2576 afferre
885 2554 987 2586 quam
1002 2539 1173 2579 utilitatis,

498 2595 920 2649 epigrammatographum
954 2602 1074 2627 contra
1091 2619 1098 2629 ,
1137 2593 1172 2625 in

497 2656 590 2691 vitiis
624 2647 831 2686 insectandis
843 2674 852 2688 ‚
879 2656 913 2680 et
945 2644 1172 2680 emendandis

1230 1792 1386 1826 moribus
1405 1802 1515 1826 totum
1528 1820 1538 1835 ‚
1556 1801 1591 1827 et
1615 1793 1837 1827 delectationi
1860 1795 1905 1827 si-

1231 1847 1354 1880 mulae
1373 1847 1514 1880 utilitati
1529 1859 1601 1880 esse
1616 1847 1822 1892 legentibus.
1839 1848 1906 1881 En.

1290 1913 1321 1933 1.
1346 1900 1471 1933 Flacce.
1498 1900 1628 1933 Forsan
1652 1901 1711 1933 ille
1738 1899 1833 1933 idem
1856 1909 1906 1933 est

1232 1953 1393 1986 Valerius
1404 1953 1547 1986 Flaccus
1557 1976 1566 1991 ,
1586 1955 1705 1998 Argon
1712 1953 1906 1987 auticorum

1229 2007 1396 2052 scriptor,
1419 2005 1462 2038 ad
1482 2019 1588 2051 quem
1613 2006 1675 2040 lib.
1695 2007 1712 2039 I
1734 2002 1907 2052 epigram-

1229 2072 1284 2092 ma
1305 2071 1438 2092 Lxxvn.
1457 2060 1523 2092 En.

1284 2113 1318 2146 3.
1339 2112 1484 2145 Prandia
1506 2115 1582 2144 szt’rt'
1607 2113 1732 2146 Tereos.
1751 2112 1882 2145 Tereus
1897 2139 1907 2153 ‚

1230 2166 1388 2199 Thraeiae
1407 2178 1486 2207 rex,
1507 2173 1541 2198 et
1559 2166 1712 2211 Prognes
1739 2165 1884 2199 maritus
1898 2192 1906 2205 ‚

1230 2220 1352 2252 uxoris
1387 2232 1457 2251 suae
1491 2231 1646 2252 sororem
1677 2219 1906 2252 Philomelam

1232 2280 1482 2314 temeraverat,
1508 2281 1541 2305 et
1567 2272 1713 2305 abscissa
1733 2272 1851 2317 lingua
1870 2272 1907 2304 in

1232 2326 1411 2358 castellum
1443 2326 1641 2358 incluserat.
1678 2326 1765 2367 Quae
1793 2333 1907 2358 tamen

1231 2378 1368 2424 injuria:
1388 2391 1458 2412 snae
1481 2379 1665 2423 imaginem
1686 2387 1758 2412 tota
1773 2390 1908 2423 expres·

1232 2444 1302 2465 sam
1333 2431 1376 2464 ad
1401 2432 1572 2464 Procnem
1603 2432 1740 2465 mittere
1765 2431 1907 2476 potuit:

1232 2485 1290 2518 illa
1320 2498 1384 2530 per
1418 2485 1683 2518 Bacchanalium
1717 2484 1906 2517 tumultum

1232 2539 1373 2571 liberata
1389 2538 1581 2570 Philomela
1594 2564 1602 2578 ‚
1616 2538 1710 2583 Itym
1722 2536 1830 2570 filium
1850 2549 1909 2581 pa-

1234 2592 1278 2624 tri
1300 2592 1413 2624 Tereo
1436 2589 1693 2624 comedendum
1724 2590 1883 2634 apposnit
1903 2615 1911 2627 ‚

1234 2653 1265 2677 et
1290 2644 1397 2676 saturi
1416 2653 1520 2689 caput
1545 2643 1691 2687 abjecit:
1713 2641 1843 2675 Tereus
1872 2643 1907 2674 in
