<?xml version="1.0" encoding="UTF-8"?>
<!DOCTYPE html PUBLIC "-//W3C//DTD XHTML 1.0 Transitional//EN"
    "http://www.w3.org/TR/xhtml1/DTD/xhtml1-transitional.dtd">
<html xmlns="http://www.w3.org/1999/xhtml" xml:lang="en" lang="en">
 <head>
  <title>
</title>
<meta http-equiv="Content-Type" content="text/html;charset=utf-8" />
  <meta name='ocr-system' content='tesseract 3.04.00' />
  <meta name='ocr-capabilities' content='ocr_page ocr_carea ocr_par ocr_line ocrx_word'/>
</head>
<body>
  <div class='ocr_page' id='page_1' title='image "./epigrammata01martuoft_0535.png"; bbox 0 0 2061 3288; ppageno 0'>
   <div class='ocr_carea' id='block_1_1' title="bbox 446 228 1325 274">
    <p class='ocr_par' dir='ltr' id='par_1_1' title="bbox 446 228 1325 274">
     <span class='ocr_line' id='line_1_1' title="bbox 446 228 1325 274; baseline 0 -1"><span class='ocrx_word' id='word_1_1' title='bbox 446 228 1036 274; x_wconf 71' lang='lat' dir='ltr'><strong>EPIGRAMMATUM</strong></span> <span class='ocrx_word' id='word_1_2' title='bbox 1075 228 1198 271; x_wconf 83' lang='lat' dir='ltr'>LIB.</span> <span class='ocrx_word' id='word_1_3' title='bbox 1239 230 1325 273; x_wconf 82' lang='lat' dir='ltr'>IV.</span> 
     </span>
    </p>
   </div>
   <div class='ocr_carea' id='block_1_2' title="bbox 1504 230 1599 293">
    <p class='ocr_par' dir='ltr' id='par_1_2' title="bbox 1504 230 1599 293">
     <span class='ocr_line' id='line_1_2' title="bbox 1504 230 1599 293; baseline 0.011 -18"><span class='ocrx_word' id='word_1_4' title='bbox 1504 230 1599 293; x_wconf 76' lang='lat'>367</span> 
     </span>
    </p>
   </div>
   <div class='ocr_carea' id='block_1_3' title="bbox 323 314 1370 383">
    <p class='ocr_par' dir='ltr' id='par_1_3' title="bbox 323 314 1370 383">
     <span class='ocr_line' id='line_1_3' title="bbox 323 314 1370 383; baseline -0.001 -22"><span class='ocrx_word' id='word_1_5' title='bbox 323 319 491 378; x_wconf 82' lang='lat' dir='ltr'>Perque</span> <span class='ocrx_word' id='word_1_6' title='bbox 517 332 672 360; x_wconf 83' lang='lat' dir='ltr'>manus</span> <span class='ocrx_word' id='word_1_7' title='bbox 700 325 841 360; x_wconf 82' lang='lat' dir='ltr'>tantas</span> <span class='ocrx_word' id='word_1_8' title='bbox 865 314 1051 383; x_wconf 73' lang='lat' dir='ltr'>plurima</span> <span class='ocrx_word' id='word_1_9' title='bbox 1075 331 1262 375; x_wconf 81' lang='lat' dir='ltr'>quercus</span> <span class='ocrx_word' id='word_1_10' title='bbox 1290 327 1370 360; x_wconf 82' lang='lat' dir='ltr'>eat.</span> 
     </span>
    </p>
   </div>
   <div class='ocr_carea' id='block_1_4' title="bbox 321 446 1222 511">
    <p class='ocr_par' dir='ltr' id='par_1_4' title="bbox 321 446 1222 511">
     <span class='ocr_line' id='line_1_4' title="bbox 321 446 1222 511; baseline -0.003 -16"><span class='ocrx_word' id='word_1_11' title='bbox 321 453 573 502; x_wconf 79' lang='grc' dir='ltr'>Καὶπλείςη</span> <span class='ocrx_word' id='word_1_12' title='bbox 600 452 750 502; x_wconf 86' lang='grc' dir='ltr'>τόσσας</span> <span class='ocrx_word' id='word_1_13' title='bbox 777 446 870 511; x_wconf 75' lang='grc' dir='ltr'>δρῦς</span> <span class='ocrx_word' id='word_1_14' title='bbox 898 450 973 493; x_wconf 74' lang='grc' dir='ltr'>ἀνὰ</span> <span class='ocrx_word' id='word_1_15' title='bbox 997 447 1128 510; x_wconf 67' lang='grc' dir='ltr'>χεῖρὰς</span> <span class='ocrx_word' id='word_1_16' title='bbox 1155 449 1222 493; x_wconf 76' lang='grc' dir='ltr'>ἴοι.</span> 
     </span>
    </p>
   </div>
   <div class='ocr_carea' id='block_1_5' title="bbox 140 594 862 2701">
    <p class='ocr_par' dir='ltr' id='par_1_5' title="bbox 140 594 862 2701">
     <span class='ocr_line' id='line_1_5' title="bbox 181 594 861 628; baseline -0.001 -1"><span class='ocrx_word' id='word_1_17' title='bbox 181 595 248 628; x_wconf 64' lang='lat' dir='ltr'>lin.</span> <span class='ocrx_word' id='word_1_18' title='bbox 265 616 315 620; x_wconf 92' lang='lat'>——</span> <span class='ocrx_word' id='word_1_19' title='bbox 328 595 469 628; x_wconf 81' lang='lat' dir='ltr'>Albano.</span> <span class='ocrx_word' id='word_1_20' title='bbox 485 595 569 628; x_wconf 85' lang='lat' dir='ltr'>Erat</span> <span class='ocrx_word' id='word_1_21' title='bbox 584 594 759 627; x_wconf 82' lang='lat' dir='ltr'>Albanum</span> <span class='ocrx_word' id='word_1_22' title='bbox 778 594 861 627; x_wconf 83' lang='lat' dir='ltr'>villa</span> 
     </span>
     <span class='ocr_line' id='line_1_6' title="bbox 180 646 858 693; baseline -0.004 -12"><span class='ocrx_word' id='word_1_23' title='bbox 180 646 358 693; x_wconf 80' lang='lat' dir='ltr'>quaedam,</span> <span class='ocrx_word' id='word_1_24' title='bbox 392 649 429 681; x_wconf 86' lang='lat' dir='ltr'>in</span> <span class='ocrx_word' id='word_1_25' title='bbox 451 648 587 680; x_wconf 85' lang='lat' dir='ltr'>Albano</span> <span class='ocrx_word' id='word_1_26' title='bbox 615 656 757 689; x_wconf 89' lang='lat' dir='ltr'>monte,</span> <span class='ocrx_word' id='word_1_27' title='bbox 785 659 858 679; x_wconf 90' lang='lat' dir='ltr'>non</span> 
     </span>
     <span class='ocr_line' id='line_1_7' title="bbox 180 700 862 746; baseline -0.001 -13"><span class='ocrx_word' id='word_1_28' title='bbox 180 702 281 746; x_wconf 83' lang='lat' dir='ltr'>longe</span> <span class='ocrx_word' id='word_1_29' title='bbox 300 702 343 735; x_wconf 86' lang='lat' dir='ltr'>ab</span> <span class='ocrx_word' id='word_1_30' title='bbox 360 701 448 734; x_wconf 85' lang='lat' dir='ltr'>urbe</span> <span class='ocrx_word' id='word_1_31' title='bbox 467 701 550 743; x_wconf 84' lang='lat' dir='ltr'>sita,</span> <span class='ocrx_word' id='word_1_32' title='bbox 565 700 601 733; x_wconf 88' lang='lat' dir='ltr'>in</span> <span class='ocrx_word' id='word_1_33' title='bbox 615 713 682 746; x_wconf 82' lang='lat' dir='ltr'>qua</span> <span class='ocrx_word' id='word_1_34' title='bbox 698 701 862 746; x_wconf 88' lang='lat' dir='ltr'>frequen·</span> 
     </span>
     <span class='ocr_line' id='line_1_8' title="bbox 179 753 861 788; baseline 0.001 -2"><span class='ocrx_word' id='word_1_35' title='bbox 179 754 309 788; x_wconf 79' lang='lat' dir='ltr'>tissime</span> <span class='ocrx_word' id='word_1_36' title='bbox 318 755 542 788; x_wconf 86' lang='lat' dir='ltr'>Domitianus</span> <span class='ocrx_word' id='word_1_37' title='bbox 556 753 861 787; x_wconf 84' lang='lat' dir='ltr'>versabatur.Sue-</span> 
     </span>
     <span class='ocr_line' id='line_1_9' title="bbox 179 807 860 853; baseline 0.001 -14"><span class='ocrx_word' id='word_1_38' title='bbox 179 808 294 841; x_wconf 77' lang='lat' dir='ltr'>tonius</span> <span class='ocrx_word' id='word_1_39' title='bbox 304 833 312 847; x_wconf 88' lang='lat'><em>‚</em></span> <span class='ocrx_word' id='word_1_40' title='bbox 327 808 458 845; x_wconf 73' lang='lat' dir='ltr'>Doluit.</span> <span class='ocrx_word' id='word_1_41' title='bbox 472 820 547 853; x_wconf 87' lang='lat' dir='ltr'>cap.</span> <span class='ocrx_word' id='word_1_42' title='bbox 561 811 602 847; x_wconf 65' lang='lat'>4:</span> <span class='ocrx_word' id='word_1_43' title='bbox 621 822 633 834; x_wconf 63' lang='grc' dir='ltr'>τι</span> <span class='ocrx_word' id='word_1_44' title='bbox 652 807 860 840; x_wconf 77' lang='lat' dir='ltr'>celebrabat</span> 
     </span>
     <span class='ocr_line' id='line_1_10' title="bbox 178 860 859 906; baseline 0.003 -15"><span class='ocrx_word' id='word_1_45' title='bbox 178 868 212 892; x_wconf 86' lang='lat' dir='ltr'>et</span> <span class='ocrx_word' id='word_1_46' title='bbox 237 860 272 893; x_wconf 89' lang='lat' dir='ltr'>in</span> <span class='ocrx_word' id='word_1_47' title='bbox 300 861 438 894; x_wconf 75' lang='lat' dir='ltr'>Albano</span> <span class='ocrx_word' id='word_1_48' title='bbox 463 860 651 906; x_wconf 82' lang='lat' dir='ltr'>quotannis</span> <span class='ocrx_word' id='word_1_49' title='bbox 681 860 859 906; x_wconf 80' lang='lat' dir='ltr'>quinqua·</span> 
     </span>
     <span class='ocr_line' id='line_1_11' title="bbox 178 913 859 959; baseline 0.001 -13"><span class='ocrx_word' id='word_1_50' title='bbox 178 913 244 946; x_wconf 77' lang='lat' dir='ltr'>tria</span> <span class='ocrx_word' id='word_1_51' title='bbox 262 913 451 956; x_wconf 81' lang='lat' dir='ltr'>Miuervae,</span> <span class='ocrx_word' id='word_1_52' title='bbox 474 914 531 947; x_wconf 90' lang='lat' dir='ltr'>cui</span> <span class='ocrx_word' id='word_1_53' title='bbox 553 913 738 959; x_wconf 85' lang='lat' dir='ltr'>collegium</span> <span class='ocrx_word' id='word_1_54' title='bbox 758 914 859 947; x_wconf 84' lang='lat' dir='ltr'>insti-</span> 
     </span>
     <span class='ocr_line' id='line_1_12' title="bbox 178 966 860 1013; baseline 0.001 -15"><span class='ocrx_word' id='word_1_55' title='bbox 178 974 292 1000; x_wconf 78' lang='lat' dir='ltr'>tuerat</span> <span class='ocrx_word' id='word_1_56' title='bbox 315 979 323 1000; x_wconf 90' lang='lat'>:</span> <span class='ocrx_word' id='word_1_57' title='bbox 355 980 396 1001; x_wconf 90' lang='lat' dir='ltr'>ex</span> <span class='ocrx_word' id='word_1_58' title='bbox 417 980 489 1013; x_wconf 91' lang='lat' dir='ltr'>quo</span> <span class='ocrx_word' id='word_1_59' title='bbox 512 974 606 1000; x_wconf 87' lang='lat' dir='ltr'>sorte</span> <span class='ocrx_word' id='word_1_60' title='bbox 632 966 733 1000; x_wconf 87' lang='lat' dir='ltr'>ducti</span> <span class='ocrx_word' id='word_1_61' title='bbox 753 967 860 1012; x_wconf 86' lang='lat' dir='ltr'>magi-</span> 
     </span>
     <span class='ocr_line' id='line_1_13' title="bbox 176 1018 858 1066; baseline 0.003 -14"><span class='ocrx_word' id='word_1_62' title='bbox 176 1019 282 1052; x_wconf 87' lang='lat' dir='ltr'>sterio</span> <span class='ocrx_word' id='word_1_63' title='bbox 313 1020 570 1065; x_wconf 83' lang='lat' dir='ltr'>fungerentur,</span> <span class='ocrx_word' id='word_1_64' title='bbox 597 1018 858 1066; x_wconf 83' lang='lat' dir='ltr'>redderentque</span> 
     </span>
     <span class='ocr_line' id='line_1_14' title="bbox 177 1072 860 1107; baseline 0.001 -2"><span class='ocrx_word' id='word_1_65' title='bbox 177 1072 319 1107; x_wconf 87' lang='lat' dir='ltr'>eximias</span> <span class='ocrx_word' id='word_1_66' title='bbox 339 1074 545 1107; x_wconf 88' lang='lat' dir='ltr'>venationes</span> <span class='ocrx_word' id='word_1_67' title='bbox 572 1081 608 1107; x_wconf 89' lang='lat' dir='ltr'>et</span> <span class='ocrx_word' id='word_1_68' title='bbox 629 1074 786 1107; x_wconf 87' lang='lat' dir='ltr'>scenicos</span> <span class='ocrx_word' id='word_1_69' title='bbox 807 1074 860 1107; x_wconf 87' lang='lat' dir='ltr'>lu-</span> 
     </span>
     <span class='ocr_line' id='line_1_15' title="bbox 176 1124 859 1173; baseline 0.001 -14"><span class='ocrx_word' id='word_1_70' title='bbox 176 1124 265 1167; x_wconf 86' lang='lat' dir='ltr'>dos,</span> <span class='ocrx_word' id='word_1_71' title='bbox 293 1139 469 1173; x_wconf 83' lang='lat' dir='ltr'>superque</span> <span class='ocrx_word' id='word_1_72' title='bbox 500 1135 680 1160; x_wconf 82' lang='lat' dir='ltr'>oratorum</span> <span class='ocrx_word' id='word_1_73' title='bbox 708 1139 747 1160; x_wconf 82' lang='lat' dir='ltr'>ac</span> <span class='ocrx_word' id='word_1_74' title='bbox 777 1139 859 1172; x_wconf 87' lang='lat' dir='ltr'>poe·</span> 
     </span>
     <span class='ocr_line' id='line_1_16' title="bbox 179 1180 854 1214; baseline 0.004 -3"><span class='ocrx_word' id='word_1_75' title='bbox 179 1187 295 1213; x_wconf 81' lang='lat' dir='ltr'>tarum</span> <span class='ocrx_word' id='word_1_76' title='bbox 325 1180 526 1214; x_wconf 80' lang='lat' dir='ltr'>certamina.</span> <span class='ocrx_word' id='word_1_77' title='bbox 549 1197 563 1210; x_wconf 71' lang='grc' dir='ltr'>ι»</span> <span class='ocrx_word' id='word_1_78' title='bbox 597 1203 650 1206; x_wconf 84' lang='grc'>-</span> <span class='ocrx_word' id='word_1_79' title='bbox 674 1181 854 1214; x_wconf 77' lang='lat' dir='ltr'>Tritonida.</span> 
     </span>
     <span class='ocr_line' id='line_1_17' title="bbox 175 1231 857 1279; baseline 0.004 -15"><span class='ocrx_word' id='word_1_80' title='bbox 175 1231 390 1276; x_wconf 83' lang='lat' dir='ltr'>Minervam,</span> <span class='ocrx_word' id='word_1_81' title='bbox 404 1246 511 1279; x_wconf 87' lang='lat' dir='ltr'>quam</span> <span class='ocrx_word' id='word_1_82' title='bbox 529 1233 771 1279; x_wconf 79' lang='lat' dir='ltr'>superstitiose</span> <span class='ocrx_word' id='word_1_83' title='bbox 789 1235 857 1267; x_wconf 93' lang='lat' dir='ltr'>Do-</span> 
     </span>
     <span class='ocr_line' id='line_1_18' title="bbox 174 1285 856 1321; baseline 0.004 -4"><span class='ocrx_word' id='word_1_84' title='bbox 174 1285 341 1319; x_wconf 86' lang='lat' dir='ltr'>mitianus</span> <span class='ocrx_word' id='word_1_85' title='bbox 363 1287 487 1321; x_wconf 90' lang='lat' dir='ltr'>coluit.</span> <span class='ocrx_word' id='word_1_86' title='bbox 505 1287 667 1321; x_wconf 81' lang='lat' dir='ltr'>Tritonia</span> <span class='ocrx_word' id='word_1_87' title='bbox 689 1287 746 1320; x_wconf 81' lang='lat' dir='ltr'>vel</span> <span class='ocrx_word' id='word_1_88' title='bbox 774 1287 856 1320; x_wconf 83' lang='lat' dir='ltr'>Tri-</span> 
     </span>
     <span class='ocr_line' id='line_1_19' title="bbox 175 1338 855 1381; baseline 0.004 -11"><span class='ocrx_word' id='word_1_89' title='bbox 175 1338 266 1372; x_wconf 85' lang='lat' dir='ltr'>tonis</span> <span class='ocrx_word' id='word_1_90' title='bbox 298 1339 429 1373; x_wconf 88' lang='lat' dir='ltr'>dicitur</span> <span class='ocrx_word' id='word_1_91' title='bbox 458 1353 477 1373; x_wconf 89' lang='lat' dir='ltr'>a</span> <span class='ocrx_word' id='word_1_92' title='bbox 503 1340 675 1381; x_wconf 83' lang='lat' dir='ltr'>Tritone,</span> <span class='ocrx_word' id='word_1_93' title='bbox 710 1340 855 1373; x_wconf 83' lang='lat' dir='ltr'>fluviolo</span> 
     </span>
     <span class='ocr_line' id='line_1_20' title="bbox 174 1391 854 1438; baseline 0.007 -16"><span class='ocrx_word' id='word_1_94' title='bbox 174 1391 316 1426; x_wconf 78' lang='lat' dir='ltr'>Boeotiae</span> <span class='ocrx_word' id='word_1_95' title='bbox 328 1417 338 1434; x_wconf 90' lang='lat'><strong>‚</strong></span> <span class='ocrx_word' id='word_1_96' title='bbox 350 1392 443 1438; x_wconf 84' lang='lat' dir='ltr'>apud</span> <span class='ocrx_word' id='word_1_97' title='bbox 456 1394 581 1427; x_wconf 86' lang='lat' dir='ltr'>urbem</span> <span class='ocrx_word' id='word_1_98' title='bbox 595 1393 799 1426; x_wconf 85' lang='lat' dir='ltr'>Alalcomen</span> <span class='ocrx_word' id='word_1_99' title='bbox 806 1406 854 1434; x_wconf 68' lang='lat'>115,</span> 
     </span>
     <span class='ocr_line' id='line_1_21' title="bbox 173 1444 855 1492; baseline 0.004 -16"><span class='ocrx_word' id='word_1_100' title='bbox 173 1444 234 1477; x_wconf 86' lang='lat' dir='ltr'>ubi</span> <span class='ocrx_word' id='word_1_101' title='bbox 251 1445 447 1479; x_wconf 83' lang='lat' dir='ltr'>Minervam</span> <span class='ocrx_word' id='word_1_102' title='bbox 465 1455 582 1480; x_wconf 83' lang='lat' dir='ltr'>natam</span> <span class='ocrx_word' id='word_1_103' title='bbox 601 1445 855 1492; x_wconf 81' lang='lat' dir='ltr'>educatainque</span> 
     </span>
     <span class='ocr_line' id='line_1_22' title="bbox 173 1497 853 1533; baseline 0.006 -4"><span class='ocrx_word' id='word_1_104' title='bbox 173 1497 302 1532; x_wconf 84' lang='lat' dir='ltr'>ferunt.</span> <span class='ocrx_word' id='word_1_105' title='bbox 322 1499 414 1533; x_wconf 88' lang='lat' dir='ltr'>Hinc</span> <span class='ocrx_word' id='word_1_106' title='bbox 434 1500 611 1533; x_wconf 88' lang='lat' dir='ltr'>Homerus</span> <span class='ocrx_word' id='word_1_107' title='bbox 624 1512 699 1533; x_wconf 85' lang='lat' dir='ltr'>eam</span> <span class='ocrx_word' id='word_1_108' title='bbox 714 1500 853 1533; x_wconf 80' lang='lat' dir='ltr'>Alalco-</span> 
     </span>
     <span class='ocr_line' id='line_1_23' title="bbox 173 1551 855 1598; baseline 0.006 -16"><span class='ocrx_word' id='word_1_109' title='bbox 173 1551 351 1585; x_wconf 85' lang='lat' dir='ltr'>menidem</span> <span class='ocrx_word' id='word_1_110' title='bbox 373 1553 535 1598; x_wconf 86' lang='lat' dir='ltr'>appellat.</span> <span class='ocrx_word' id='word_1_111' title='bbox 559 1574 612 1580; x_wconf 90' lang='lat'>—</span> <span class='ocrx_word' id='word_1_112' title='bbox 638 1553 774 1586; x_wconf 57' lang='lat' dir='ltr'>,Malum</span> <span class='ocrx_word' id='word_1_113' title='bbox 797 1555 855 1586; x_wconf 89' lang='lat' dir='ltr'>In-</span> 
     </span>
     <span class='ocr_line' id='line_1_24' title="bbox 172 1603 853 1652; baseline 0.006 -17"><span class='ocrx_word' id='word_1_114' title='bbox 172 1603 400 1648; x_wconf 80' lang='lat' dir='ltr'>telligendum</span> <span class='ocrx_word' id='word_1_115' title='bbox 407 1619 467 1650; x_wconf 73' lang='lat' dir='ltr'>per</span> <span class='ocrx_word' id='word_1_116' title='bbox 477 1607 589 1639; x_wconf 73' lang='lat' dir='ltr'>multos</span> <span class='ocrx_word' id='word_1_117' title='bbox 602 1619 715 1648; x_wconf 72' lang='lat' dir='ltr'>annm,</span> <span class='ocrx_word' id='word_1_118' title='bbox 730 1615 853 1652; x_wconf 87' lang='lat' dir='ltr'>estque</span> 
     </span>
     <span class='ocr_line' id='line_1_25' title="bbox 173 1655 854 1705; baseline 0.007 -17"><span class='ocrx_word' id='word_1_119' title='bbox 173 1655 267 1689; x_wconf 85' lang='lat' dir='ltr'>idem</span> <span class='ocrx_word' id='word_1_120' title='bbox 302 1659 446 1691; x_wconf 85' lang='lat' dir='ltr'>omnino</span> <span class='ocrx_word' id='word_1_121' title='bbox 474 1672 594 1692; x_wconf 87' lang='lat' dir='ltr'>sensus</span> <span class='ocrx_word' id='word_1_122' title='bbox 613 1684 623 1701; x_wconf 91' lang='lat'>‚</span> <span class='ocrx_word' id='word_1_123' title='bbox 656 1660 717 1705; x_wconf 90' lang='lat' dir='ltr'>qui</span> <span class='ocrx_word' id='word_1_124' title='bbox 749 1672 854 1693; x_wconf 77' lang='lat' dir='ltr'>versu</span> 
     </span>
     <span class='ocr_line' id='line_1_26' title="bbox 173 1711 850 1756; baseline 0.004 -14"><span class='ocrx_word' id='word_1_125' title='bbox 173 1711 333 1754; x_wconf 75' lang='lat' dir='ltr'>sequenti</span> <span class='ocrx_word' id='word_1_126' title='bbox 354 1711 563 1756; x_wconf 78' lang='lat' dir='ltr'>exprimitur</span> <span class='ocrx_word' id='word_1_127' title='bbox 587 1724 674 1745; x_wconf 76' lang='lat' dir='ltr'>voce</span> <span class='ocrx_word' id='word_1_128' title='bbox 698 1713 850 1756; x_wconf 74' lang='lat' dir='ltr'>plurima.</span> 
     </span>
     <span class='ocr_line' id='line_1_27' title="bbox 172 1762 852 1810; baseline 0.006 -16"><span class='ocrx_word' id='word_1_129' title='bbox 172 1762 240 1795; x_wconf 84' lang='lat' dir='ltr'>En.</span> <span class='ocrx_word' id='word_1_130' title='bbox 262 1786 314 1790; x_wconf 90' lang='lat'>—</span> <span class='ocrx_word' id='word_1_131' title='bbox 333 1764 403 1797; x_wconf 85' lang='lat' dir='ltr'>Alii</span> <span class='ocrx_word' id='word_1_132' title='bbox 417 1773 536 1797; x_wconf 87' lang='lat' dir='ltr'>tamen</span> <span class='ocrx_word' id='word_1_133' title='bbox 552 1765 750 1810; x_wconf 86' lang='lat' dir='ltr'>intelligunt</span> <span class='ocrx_word' id='word_1_134' title='bbox 764 1779 852 1798; x_wconf 79' lang='lat' dir='ltr'>occu-</span> 
     </span>
     <span class='ocr_line' id='line_1_28' title="bbox 167 1818 852 1859; baseline 0.004 -12"><span class='ocrx_word' id='word_1_135' title='bbox 167 1824 264 1859; x_wconf 67' lang='lat' dir='ltr'>patus</span> <span class='ocrx_word' id='word_1_136' title='bbox 286 1825 317 1848; x_wconf 83' lang='lat' dir='ltr'>et</span> <span class='ocrx_word' id='word_1_137' title='bbox 340 1818 484 1850; x_wconf 76' lang='lat' dir='ltr'>assiduus</span> <span class='ocrx_word' id='word_1_138' title='bbox 506 1821 538 1850; x_wconf 77' lang='lat' dir='ltr'>ilz</span> <span class='ocrx_word' id='word_1_139' title='bbox 565 1819 621 1850; x_wconf 79' lang='lat' dir='ltr'>illa</span> <span class='ocrx_word' id='word_1_140' title='bbox 644 1831 688 1851; x_wconf 80' lang='lat' dir='ltr'>re.</span> <span class='ocrx_word' id='word_1_141' title='bbox 707 1840 759 1845; x_wconf 80' lang='lat'>-—</span> <span class='ocrx_word' id='word_1_142' title='bbox 780 1818 852 1851; x_wconf 80' lang='lat' dir='ltr'>Alii</span> 
     </span>
     <span class='ocr_line' id='line_1_29' title="bbox 170 1868 850 1916; baseline 0.004 -16"><span class='ocrx_word' id='word_1_143' title='bbox 170 1868 292 1913; x_wconf 75' lang='lat' dir='ltr'>legunt</span> <span class='ocrx_word' id='word_1_144' title='bbox 312 1871 412 1903; x_wconf 74' lang='lat' dir='ltr'>callus</span> <span class='ocrx_word' id='word_1_145' title='bbox 426 1884 491 1916; x_wconf 84' lang='lat' dir='ltr'>pro</span> <span class='ocrx_word' id='word_1_146' title='bbox 504 1872 664 1904; x_wconf 59' lang='lat' dir='ltr'>redimitas</span> <span class='ocrx_word' id='word_1_147' title='bbox 676 1898 684 1911; x_wconf 90' lang='lat'><em>,</em></span> <span class='ocrx_word' id='word_1_148' title='bbox 697 1879 826 1903; x_wconf 77' lang='lat' dir='ltr'>ornatus</span> <span class='ocrx_word' id='word_1_149' title='bbox 836 1885 850 1910; x_wconf 89' lang='lat'><em>;</em></span> 
     </span>
     <span class='ocr_line' id='line_1_30' title="bbox 170 1922 847 1966; baseline 0.004 -12"><span class='ocrx_word' id='word_1_150' title='bbox 170 1922 226 1954; x_wconf 78' lang='lat' dir='ltr'>vel</span> <span class='ocrx_word' id='word_1_151' title='bbox 251 1923 357 1956; x_wconf 87' lang='lat' dir='ltr'>etiam</span> <span class='ocrx_word' id='word_1_152' title='bbox 389 1924 576 1957; x_wconf 81' lang='lat' dir='ltr'>antithesin</span> <span class='ocrx_word' id='word_1_153' title='bbox 602 1937 675 1957; x_wconf 80' lang='lat' dir='ltr'>esse</span> <span class='ocrx_word' id='word_1_154' title='bbox 702 1923 847 1966; x_wconf 86' lang='lat' dir='ltr'>dicunt,</span> 
     </span>
     <span class='ocr_line' id='line_1_31' title="bbox 171 1975 851 2018; baseline 0.007 -12"><span class='ocrx_word' id='word_1_155' title='bbox 171 1975 373 2009; x_wconf 88' lang='lat' dir='ltr'>Domitiano</span> <span class='ocrx_word' id='word_1_156' title='bbox 400 1978 537 2010; x_wconf 85' lang='lat' dir='ltr'>colente</span> <span class='ocrx_word' id='word_1_157' title='bbox 567 1978 786 2018; x_wconf 73' lang='lat' dir='ltr'>Minervam,</span> <span class='ocrx_word' id='word_1_158' title='bbox 816 1985 851 2011; x_wconf 89' lang='lat' dir='ltr'>et</span> 
     </span>
     <span class='ocr_line' id='line_1_32' title="bbox 171 2028 849 2075; baseline 0.006 -16"><span class='ocrx_word' id='word_1_159' title='bbox 171 2028 256 2060; x_wconf 83' lang='lat' dir='ltr'>culto</span> <span class='ocrx_word' id='word_1_160' title='bbox 277 2028 353 2075; x_wconf 89' lang='lat' dir='ltr'>ipso</span> <span class='ocrx_word' id='word_1_161' title='bbox 376 2030 486 2063; x_wconf 81' lang='lat' dir='ltr'>veluti</span> <span class='ocrx_word' id='word_1_162' title='bbox 506 2032 581 2064; x_wconf 85' lang='lat' dir='ltr'>Deo</span> <span class='ocrx_word' id='word_1_163' title='bbox 595 2057 604 2072; x_wconf 89' lang='lat'>‚</span> <span class='ocrx_word' id='word_1_164' title='bbox 626 2040 665 2065; x_wconf 78' lang='lat' dir='ltr'>ut</span> <span class='ocrx_word' id='word_1_165' title='bbox 686 2031 849 2072; x_wconf 80' lang='lat' dir='ltr'>volebat3</span> 
     </span>
     <span class='ocr_line' id='line_1_33' title="bbox 170 2080 847 2128; baseline 0.006 -15"><span class='ocrx_word' id='word_1_166' title='bbox 170 2080 268 2125; x_wconf 85' lang='lat' dir='ltr'>quod</span> <span class='ocrx_word' id='word_1_167' title='bbox 293 2082 527 2128; x_wconf 86' lang='lat' dir='ltr'>rejiciendum</span> <span class='ocrx_word' id='word_1_168' title='bbox 558 2084 663 2117; x_wconf 90' lang='lat' dir='ltr'>nobis</span> <span class='ocrx_word' id='word_1_169' title='bbox 696 2082 847 2117; x_wconf 76' lang='lat' dir='ltr'>videtur.</span> 
     </span>
     <span class='ocr_line' id='line_1_34' title="bbox 171 2132 848 2171; baseline 0.009 -6"><span class='ocrx_word' id='word_1_170' title='bbox 171 2132 236 2165; x_wconf 85' lang='lat' dir='ltr'>En.</span> <span class='ocrx_word' id='word_1_171' title='bbox 270 2155 324 2161; x_wconf 84' lang='lat'>——</span> <span class='ocrx_word' id='word_1_172' title='bbox 353 2137 393 2168; x_wconf 84' lang='lat' dir='ltr'>In</span> <span class='ocrx_word' id='word_1_173' title='bbox 425 2150 514 2170; x_wconf 80' lang='lat' dir='ltr'>auro.</span> <span class='ocrx_word' id='word_1_174' title='bbox 544 2137 685 2171; x_wconf 79' lang='lat' dir='ltr'>Corona</span> <span class='ocrx_word' id='word_1_175' title='bbox 715 2137 848 2171; x_wconf 88' lang='lat' dir='ltr'>cinctus</span> 
     </span>
     <span class='ocr_line' id='line_1_35' title="bbox 171 2189 848 2235; baseline 0.007 -16"><span class='ocrx_word' id='word_1_176' title='bbox 171 2198 277 2220; x_wconf 81' lang='lat' dir='ltr'>aurea</span> <span class='ocrx_word' id='word_1_177' title='bbox 292 2214 300 2226; x_wconf 84' lang='lat'>,</span> <span class='ocrx_word' id='word_1_178' title='bbox 324 2189 378 2221; x_wconf 78' lang='lat' dir='ltr'>vel</span> <span class='ocrx_word' id='word_1_179' title='bbox 400 2189 593 2235; x_wconf 78' lang='lat' dir='ltr'>insignibus</span> <span class='ocrx_word' id='word_1_180' title='bbox 614 2191 728 2224; x_wconf 87' lang='lat' dir='ltr'>aureis</span> <span class='ocrx_word' id='word_1_181' title='bbox 743 2190 848 2224; x_wconf 87' lang='lat' dir='ltr'>indu-</span> 
     </span>
     <span class='ocr_line' id='line_1_36' title="bbox 169 2240 848 2288; baseline 0.009 -16"><span class='ocrx_word' id='word_1_182' title='bbox 169 2247 239 2272; x_wconf 83' lang='lat' dir='ltr'>tus·</span> <span class='ocrx_word' id='word_1_183' title='bbox 272 2240 416 2275; x_wconf 89' lang='lat' dir='ltr'>Sueton.</span> <span class='ocrx_word' id='word_1_184' title='bbox 448 2254 523 2288; x_wconf 86' lang='lat' dir='ltr'>cap.</span> <span class='ocrx_word' id='word_1_185' title='bbox 550 2248 571 2283; x_wconf 77' lang='grc'><em>4</em></span> <span class='ocrx_word' id='word_1_186' title='bbox 594 2255 603 2276; x_wconf 89' lang='lat'>:</span> <span class='ocrx_word' id='word_1_187' title='bbox 629 2260 642 2273; x_wconf 87' lang='lat'>«</span> <span class='ocrx_word' id='word_1_188' title='bbox 666 2244 708 2276; x_wconf 89' lang='lat' dir='ltr'>In</span> <span class='ocrx_word' id='word_1_189' title='bbox 736 2243 848 2277; x_wconf 80' lang='lat' dir='ltr'>stadio</span> 
     </span>
     <span class='ocr_line' id='line_1_37' title="bbox 170 2295 848 2341; baseline 0.007 -16"><span class='ocrx_word' id='word_1_190' title='bbox 170 2304 255 2326; x_wconf 85' lang='lat' dir='ltr'>vero</span> <span class='ocrx_word' id='word_1_191' title='bbox 275 2306 379 2328; x_wconf 90' lang='lat' dir='ltr'>cursu</span> <span class='ocrx_word' id='word_1_192' title='bbox 406 2295 512 2328; x_wconf 79' lang='lat' dir='ltr'>etiam</span> <span class='ocrx_word' id='word_1_193' title='bbox 534 2296 711 2341; x_wconf 79' lang='lat' dir='ltr'>virginum</span> <span class='ocrx_word' id='word_1_194' title='bbox 737 2305 848 2330; x_wconf 87' lang='lat' dir='ltr'>certa-</span> 
     </span>
     <span class='ocr_line' id='line_1_38' title="bbox 170 2345 849 2395; baseline 0.009 -18"><span class='ocrx_word' id='word_1_195' title='bbox 170 2345 258 2378; x_wconf 89' lang='lat' dir='ltr'>mini</span> <span class='ocrx_word' id='word_1_196' title='bbox 284 2347 447 2392; x_wconf 87' lang='lat' dir='ltr'>praesedit</span> <span class='ocrx_word' id='word_1_197' title='bbox 472 2348 690 2394; x_wconf 82' lang='lat' dir='ltr'>crepidatus,</span> <span class='ocrx_word' id='word_1_198' title='bbox 714 2362 849 2395; x_wconf 90' lang='lat' dir='ltr'>purpu-</span> 
     </span>
     <span class='ocr_line' id='line_1_39' title="bbox 167 2401 848 2447; baseline 0.006 -15"><span class='ocrx_word' id='word_1_199' title='bbox 167 2410 297 2444; x_wconf 84' lang='lat' dir='ltr'>reaque</span> <span class='ocrx_word' id='word_1_200' title='bbox 333 2401 478 2435; x_wconf 81' lang='lat' dir='ltr'>amictus</span> <span class='ocrx_word' id='word_1_201' title='bbox 510 2410 590 2447; x_wconf 84' lang='lat' dir='ltr'>toga</span> <span class='ocrx_word' id='word_1_202' title='bbox 625 2403 814 2447; x_wconf 60' lang='lat' dir='ltr'>graecanica</span> <span class='ocrx_word' id='word_1_203' title='bbox 837 2429 848 2445; x_wconf 87' lang='lat'>‚</span> 
     </span>
     <span class='ocr_line' id='line_1_40' title="bbox 168 2452 847 2498; baseline 0.007 -14"><span class='ocrx_word' id='word_1_204' title='bbox 168 2452 284 2498; x_wconf 85' lang='lat' dir='ltr'>capite</span> <span class='ocrx_word' id='word_1_205' title='bbox 299 2462 434 2498; x_wconf 81' lang='lat' dir='ltr'>gestans</span> <span class='ocrx_word' id='word_1_206' title='bbox 447 2468 592 2488; x_wconf 82' lang='lat' dir='ltr'>coronam</span> <span class='ocrx_word' id='word_1_207' title='bbox 603 2469 728 2488; x_wconf 78' lang='lat' dir='ltr'>auream</span> <span class='ocrx_word' id='word_1_208' title='bbox 742 2482 751 2495; x_wconf 88' lang='lat'><em>,</em></span> <span class='ocrx_word' id='word_1_209' title='bbox 768 2469 847 2490; x_wconf 83' lang='lat' dir='ltr'>cum</span> 
     </span>
     <span class='ocr_line' id='line_1_41' title="bbox 169 2506 843 2551; baseline 0.006 -14"><span class='ocrx_word' id='word_1_210' title='bbox 169 2506 286 2551; x_wconf 74' lang='lat' dir='ltr'>effigie</span> <span class='ocrx_word' id='word_1_211' title='bbox 309 2507 406 2541; x_wconf 81' lang='lat' dir='ltr'>Jovis</span> <span class='ocrx_word' id='word_1_212' title='bbox 431 2520 468 2541; x_wconf 82' lang='lat' dir='ltr'>ac</span> <span class='ocrx_word' id='word_1_213' title='bbox 486 2509 637 2541; x_wconf 89' lang='lat' dir='ltr'>Junonis</span> <span class='ocrx_word' id='word_1_214' title='bbox 658 2509 843 2542; x_wconf 77' lang='lat' dir='ltr'>Minerva:-</span> 
     </span>
     <span class='ocr_line' id='line_1_42' title="bbox 140 2560 846 2607; baseline 0.008 -17"><span class='ocrx_word' id='word_1_215' title='bbox 140 2575 143 2578; x_wconf 52' lang='lat'><strong>⁴</strong></span> <span class='ocrx_word' id='word_1_216' title='bbox 169 2570 256 2603; x_wconf 86' lang='lat' dir='ltr'>que,</span> <span class='ocrx_word' id='word_1_217' title='bbox 280 2568 345 2592; x_wconf 81' lang='lat' dir='ltr'>etc.</span> <span class='ocrx_word' id='word_1_218' title='bbox 364 2578 376 2589; x_wconf 66' lang='grc' dir='ltr'>ι·</span> <span class='ocrx_word' id='word_1_219' title='bbox 403 2560 471 2594; x_wconf 79' lang='lat' dir='ltr'>En.</span> <span class='ocrx_word' id='word_1_220' title='bbox 491 2583 543 2587; x_wconf 74' lang='lat'>—-</span> <span class='ocrx_word' id='word_1_221' title='bbox 559 2562 627 2595; x_wconf 86' lang='lat' dir='ltr'>Alii</span> <span class='ocrx_word' id='word_1_222' title='bbox 643 2561 846 2607; x_wconf 83' lang='lat' dir='ltr'>intelligunt</span> 
     </span>
     <span class='ocr_line' id='line_1_43' title="bbox 170 2613 844 2659; baseline 0.01 -17"><span class='ocrx_word' id='word_1_223' title='bbox 170 2613 283 2644; x_wconf 72' lang='lat' dir='ltr'>mullus</span> <span class='ocrx_word' id='word_1_224' title='bbox 304 2614 336 2645; x_wconf 79' lang='lat' dir='ltr'>in</span> <span class='ocrx_word' id='word_1_225' title='bbox 357 2627 434 2646; x_wconf 78' lang='lat' dir='ltr'>auro</span> <span class='ocrx_word' id='word_1_226' title='bbox 451 2641 458 2651; x_wconf 82' lang='lat'><em>‚</em></span> <span class='ocrx_word' id='word_1_227' title='bbox 484 2613 522 2647; x_wconf 83' lang='lat' dir='ltr'>id</span> <span class='ocrx_word' id='word_1_228' title='bbox 538 2623 607 2654; x_wconf 86' lang='lat' dir='ltr'>est,</span> <span class='ocrx_word' id='word_1_229' title='bbox 623 2624 791 2659; x_wconf 70' lang='lat' dir='ltr'>occupatus</span> <span class='ocrx_word' id='word_1_230' title='bbox 807 2616 844 2649; x_wconf 89' lang='lat' dir='ltr'>in</span> 
     </span>
     <span class='ocr_line' id='line_1_44' title="bbox 170 2664 844 2701; baseline 0.009 -6"><span class='ocrx_word' id='word_1_231' title='bbox 170 2665 281 2698; x_wconf 77' lang='lat' dir='ltr'>aureis</span> <span class='ocrx_word' id='word_1_232' title='bbox 296 2664 546 2701; x_wconf 78' lang='lat' dir='ltr'>distribuendis</span> <span class='ocrx_word' id='word_1_233' title='bbox 563 2668 701 2701; x_wconf 82' lang='lat' dir='ltr'>coronis</span> <span class='ocrx_word' id='word_1_234' title='bbox 718 2668 844 2701; x_wconf 74' lang='lat' dir='ltr'>victori</span> 
     </span>
    </p>
   </div>
   <div class='ocr_carea' id='block_1_6' title="bbox 904 591 1603 2715">
    <p class='ocr_par' dir='ltr' id='par_1_6' title="bbox 919 591 1603 745">
     <span class='ocr_line' id='line_1_45' title="bbox 921 591 1603 631; baseline 0.01 -7"><span class='ocrx_word' id='word_1_235' title='bbox 921 591 1075 625; x_wconf 86' lang='lat' dir='ltr'>cuilibet.</span> <span class='ocrx_word' id='word_1_236' title='bbox 1096 592 1190 626; x_wconf 79' lang='lat' dir='ltr'>Vide</span> <span class='ocrx_word' id='word_1_237' title='bbox 1212 592 1299 627; x_wconf 76' lang='lat' dir='ltr'>Stat.</span> <span class='ocrx_word' id='word_1_238' title='bbox 1324 594 1384 628; x_wconf 83' lang='lat' dir='ltr'>lib.</span> <span class='ocrx_word' id='word_1_239' title='bbox 1413 596 1466 628; x_wconf 88' lang='grc' dir='ltr'>ΠΙ</span> <span class='ocrx_word' id='word_1_240' title='bbox 1497 596 1603 631; x_wconf 80' lang='lat' dir='ltr'>Silva-</span> 
     </span>
     <span class='ocr_line' id='line_1_46' title="bbox 921 644 1599 690; baseline 0.01 -13"><span class='ocrx_word' id='word_1_241' title='bbox 921 657 999 677; x_wconf 87' lang='lat' dir='ltr'>rum</span> <span class='ocrx_word' id='word_1_242' title='bbox 1013 672 1022 687; x_wconf 85' lang='lat'><strong><em>‚</em></strong></span> <span class='ocrx_word' id='word_1_243' title='bbox 1041 644 1086 679; x_wconf 84' lang='lat' dir='ltr'>ad</span> <span class='ocrx_word' id='word_1_244' title='bbox 1105 644 1289 680; x_wconf 84' lang='lat' dir='ltr'>Claudiam</span> <span class='ocrx_word' id='word_1_245' title='bbox 1311 660 1477 690; x_wconf 81' lang='lat' dir='ltr'>uxorcm3</span> <span class='ocrx_word' id='word_1_246' title='bbox 1499 650 1599 684; x_wconf 81' lang='lat' dir='ltr'>Suet.</span> 
     </span>
     <span class='ocr_line' id='line_1_47' title="bbox 919 698 1372 745; baseline 0.007 -15"><span class='ocrx_word' id='word_1_247' title='bbox 919 698 956 731; x_wconf 90' lang='lat' dir='ltr'>in</span> <span class='ocrx_word' id='word_1_248' title='bbox 973 698 1195 742; x_wconf 82' lang='lat' dir='ltr'>Domitiano,</span> <span class='ocrx_word' id='word_1_249' title='bbox 1215 712 1289 745; x_wconf 79' lang='lat' dir='ltr'>cap.</span> <span class='ocrx_word' id='word_1_250' title='bbox 1315 714 1372 745; x_wconf 82' lang='lat'>19.</span> 
     </span>
    </p>

    <p class='ocr_par' dir='ltr' id='par_1_7' title="bbox 904 753 1602 2715">
     <span class='ocr_line' id='line_1_48' title="bbox 975 753 1600 798; baseline 0.01 -14"><span class='ocrx_word' id='word_1_251' title='bbox 975 753 1009 785; x_wconf 74' lang='grc' dir='ltr'>(ἰ.</span> <span class='ocrx_word' id='word_1_252' title='bbox 1030 753 1154 798; x_wconf 79' lang='lat' dir='ltr'>Perque</span> <span class='ocrx_word' id='word_1_253' title='bbox 1170 766 1279 785; x_wconf 77' lang='lat' dir='ltr'>malms</span> <span class='ocrx_word' id='word_1_254' title='bbox 1293 761 1415 794; x_wconf 73' lang='lat' dir='ltr'>taulus,</span> <span class='ocrx_word' id='word_1_255' title='bbox 1433 763 1497 788; x_wconf 83' lang='lat' dir='ltr'>etc.</span> <span class='ocrx_word' id='word_1_256' title='bbox 1515 756 1600 790; x_wconf 70' lang='lat' dir='ltr'>Vid.</span> 
     </span>
     <span class='ocr_line' id='line_1_49' title="bbox 918 803 1601 851; baseline 0.007 -14"><span class='ocrx_word' id='word_1_257' title='bbox 918 803 1002 838; x_wconf 89' lang='lat' dir='ltr'>infr.</span> <span class='ocrx_word' id='word_1_258' title='bbox 1019 805 1132 851; x_wconf 86' lang='lat' dir='ltr'>epigr.</span> <span class='ocrx_word' id='word_1_259' title='bbox 1152 817 1241 849; x_wconf 77' lang='lat' dir='ltr'>vul,</span> <span class='ocrx_word' id='word_1_260' title='bbox 1260 819 1364 840; x_wconf 85' lang='lat' dir='ltr'>versu</span> <span class='ocrx_word' id='word_1_261' title='bbox 1389 810 1601 842; x_wconf 80' lang='lat' dir='ltr'>10.—-Plu-</span> 
     </span>
     <span class='ocr_line' id='line_1_50' title="bbox 918 859 1602 908; baseline 0.009 -18"><span class='ocrx_word' id='word_1_262' title='bbox 918 861 998 890; x_wconf 77' lang='lat' dir='ltr'>rima</span> <span class='ocrx_word' id='word_1_263' title='bbox 1011 871 1150 904; x_wconf 76' lang='lat' dir='ltr'>quercus.</span> <span class='ocrx_word' id='word_1_264' title='bbox 1167 859 1392 894; x_wconf 84' lang='lat' dir='ltr'>Domitianus</span> <span class='ocrx_word' id='word_1_265' title='bbox 1407 860 1495 895; x_wconf 87' lang='lat' dir='ltr'>duos</span> <span class='ocrx_word' id='word_1_266' title='bbox 1513 863 1602 908; x_wconf 77' lang='lat' dir='ltr'>Ago-</span> 
     </span>
     <span class='ocr_line' id='line_1_51' title="bbox 917 911 1599 959; baseline 0.006 -15"><span class='ocrx_word' id='word_1_267' title='bbox 917 923 979 944; x_wconf 89' lang='lat' dir='ltr'>nes</span> <span class='ocrx_word' id='word_1_268' title='bbox 1005 911 1187 954; x_wconf 88' lang='lat' dir='ltr'>instituit,</span> <span class='ocrx_word' id='word_1_269' title='bbox 1217 912 1459 959; x_wconf 79' lang='lat' dir='ltr'>Capitolinum</span> <span class='ocrx_word' id='word_1_270' title='bbox 1491 916 1572 949; x_wconf 85' lang='lat' dir='ltr'>Jovi</span> <span class='ocrx_word' id='word_1_271' title='bbox 1588 942 1599 958; x_wconf 91' lang='lat'>‚</span> 
     </span>
     <span class='ocr_line' id='line_1_52' title="bbox 917 964 1600 1009; baseline 0.009 -12"><span class='ocrx_word' id='word_1_272' title='bbox 917 964 1092 998; x_wconf 85' lang='lat' dir='ltr'>Albanum</span> <span class='ocrx_word' id='word_1_273' title='bbox 1110 966 1278 999; x_wconf 84' lang='lat' dir='ltr'>Minervae</span> <span class='ocrx_word' id='word_1_274' title='bbox 1290 979 1298 1007; x_wconf 92' lang='lat'>;</span> <span class='ocrx_word' id='word_1_275' title='bbox 1311 966 1347 999; x_wconf 91' lang='lat' dir='ltr'>in</span> <span class='ocrx_word' id='word_1_276' title='bbox 1364 967 1426 1000; x_wconf 84' lang='lat' dir='ltr'>illo</span> <span class='ocrx_word' id='word_1_277' title='bbox 1438 993 1447 1009; x_wconf 89' lang='lat'>‚</span> <span class='ocrx_word' id='word_1_278' title='bbox 1460 980 1600 1003; x_wconf 81' lang='lat' dir='ltr'>coronae</span> 
     </span>
     <span class='ocr_line' id='line_1_53' title="bbox 916 1018 1600 1066; baseline 0.007 -15"><span class='ocrx_word' id='word_1_279' title='bbox 916 1030 1030 1051; x_wconf 84' lang='lat' dir='ltr'>aureae</span> <span class='ocrx_word' id='word_1_280' title='bbox 1045 1018 1211 1052; x_wconf 86' lang='lat' dir='ltr'>frondem</span> <span class='ocrx_word' id='word_1_281' title='bbox 1230 1032 1403 1066; x_wconf 84' lang='lat' dir='ltr'>quernam</span> <span class='ocrx_word' id='word_1_282' title='bbox 1423 1019 1527 1060; x_wconf 85' lang='lat' dir='ltr'>(Jovi</span> <span class='ocrx_word' id='word_1_283' title='bbox 1545 1022 1600 1056; x_wconf 85' lang='lat' dir='ltr'>di-</span> 
     </span>
     <span class='ocr_line' id='line_1_54' title="bbox 915 1069 1601 1119; baseline 0.007 -15"><span class='ocrx_word' id='word_1_284' title='bbox 915 1079 1027 1105; x_wconf 85' lang='lat' dir='ltr'>catam</span> <span class='ocrx_word' id='word_1_285' title='bbox 1040 1069 1053 1112; x_wconf 97' lang='lat'><em>)</em></span> <span class='ocrx_word' id='word_1_286' title='bbox 1068 1097 1077 1113; x_wconf 83' lang='lat'>‚</span> <span class='ocrx_word' id='word_1_287' title='bbox 1096 1072 1133 1105; x_wconf 88' lang='lat' dir='ltr'>in</span> <span class='ocrx_word' id='word_1_288' title='bbox 1153 1073 1221 1106; x_wconf 90' lang='lat' dir='ltr'>hoc</span> <span class='ocrx_word' id='word_1_289' title='bbox 1237 1073 1432 1119; x_wconf 80' lang='lat' dir='ltr'>oleaginam</span> <span class='ocrx_word' id='word_1_290' title='bbox 1448 1076 1601 1109; x_wconf 84' lang='lat' dir='ltr'>referen-</span> 
     </span>
     <span class='ocr_line' id='line_1_55' title="bbox 916 1123 1599 1167; baseline 0.009 -10"><span class='ocrx_word' id='word_1_291' title='bbox 916 1132 988 1167; x_wconf 76' lang='lat' dir='ltr'>tes,</span> <span class='ocrx_word' id='word_1_292' title='bbox 1010 1123 1189 1159; x_wconf 80' lang='lat' dir='ltr'>dabantur</span> <span class='ocrx_word' id='word_1_293' title='bbox 1206 1126 1411 1161; x_wconf 79' lang='lat' dir='ltr'>victoribus.</span> <span class='ocrx_word' id='word_1_294' title='bbox 1434 1128 1475 1161; x_wconf 91' lang='lat' dir='ltr'>ln</span> <span class='ocrx_word' id='word_1_295' title='bbox 1495 1142 1599 1163; x_wconf 89' lang='lat' dir='ltr'>versu</span> 
     </span>
     <span class='ocr_line' id='line_1_56' title="bbox 914 1177 1598 1224; baseline 0.009 -14"><span class='ocrx_word' id='word_1_296' title='bbox 914 1177 1131 1224; x_wconf 71' lang='lat' dir='ltr'>praecedenti</span> <span class='ocrx_word' id='word_1_297' title='bbox 1159 1178 1204 1212; x_wconf 88' lang='lat' dir='ltr'>de</span> <span class='ocrx_word' id='word_1_298' title='bbox 1227 1180 1364 1213; x_wconf 83' lang='lat' dir='ltr'>Albano</span> <span class='ocrx_word' id='word_1_299' title='bbox 1385 1182 1540 1223; x_wconf 84' lang='lat' dir='ltr'>mentio,</span> <span class='ocrx_word' id='word_1_300' title='bbox 1561 1183 1598 1216; x_wconf 90' lang='lat' dir='ltr'>in</span> 
     </span>
     <span class='ocr_line' id='line_1_57' title="bbox 915 1231 1600 1278; baseline 0.007 -14"><span class='ocrx_word' id='word_1_301' title='bbox 915 1231 983 1264; x_wconf 90' lang='lat' dir='ltr'>hoc</span> <span class='ocrx_word' id='word_1_302' title='bbox 1003 1231 1047 1265; x_wconf 88' lang='lat' dir='ltr'>de</span> <span class='ocrx_word' id='word_1_303' title='bbox 1067 1231 1270 1278; x_wconf 86' lang='lat' dir='ltr'>Capitolino</span> <span class='ocrx_word' id='word_1_304' title='bbox 1290 1234 1506 1268; x_wconf 86' lang='lat' dir='ltr'>mentionem</span> <span class='ocrx_word' id='word_1_305' title='bbox 1526 1249 1600 1270; x_wconf 88' lang='lat' dir='ltr'>esse</span> 
     </span>
     <span class='ocr_line' id='line_1_58' title="bbox 914 1284 1596 1331; baseline 0.01 -15"><span class='ocrx_word' id='word_1_306' title='bbox 914 1284 1006 1317; x_wconf 86' lang='lat' dir='ltr'>nihil</span> <span class='ocrx_word' id='word_1_307' title='bbox 1025 1295 1208 1331; x_wconf 83' lang='lat' dir='ltr'>repugnat.</span> <span class='ocrx_word' id='word_1_308' title='bbox 1229 1308 1281 1313; x_wconf 88' lang='lat'>—-</span> <span class='ocrx_word' id='word_1_309' title='bbox 1298 1288 1445 1321; x_wconf 90' lang='lat' dir='ltr'>Sueton.</span> <span class='ocrx_word' id='word_1_310' title='bbox 1465 1290 1596 1324; x_wconf 83' lang='lat' dir='ltr'>Domit.</span> 
     </span>
     <span class='ocr_line' id='line_1_59' title="bbox 914 1340 1598 1387; baseline 0.009 -17"><span class='ocrx_word' id='word_1_311' title='bbox 914 1350 1062 1383; x_wconf 88' lang='lat' dir='ltr'>cap.1v:</span> <span class='ocrx_word' id='word_1_312' title='bbox 1081 1356 1094 1368; x_wconf 85' lang='lat'>«</span> <span class='ocrx_word' id='word_1_313' title='bbox 1112 1340 1271 1373; x_wconf 81' lang='lat' dir='ltr'>Instituit</span> <span class='ocrx_word' id='word_1_314' title='bbox 1286 1348 1320 1373; x_wconf 92' lang='lat' dir='ltr'>et</span> <span class='ocrx_word' id='word_1_315' title='bbox 1336 1341 1598 1387; x_wconf 82' lang='lat' dir='ltr'>quinquennale</span> 
     </span>
     <span class='ocr_line' id='line_1_60' title="bbox 913 1393 1597 1441; baseline 0.009 -18"><span class='ocrx_word' id='word_1_316' title='bbox 913 1400 1109 1432; x_wconf 80' lang='lat' dir='ltr'>certamen,</span> <span class='ocrx_word' id='word_1_317' title='bbox 1130 1393 1331 1438; x_wconf 80' lang='lat' dir='ltr'>Capitolino</span> <span class='ocrx_word' id='word_1_318' title='bbox 1346 1395 1428 1428; x_wconf 84' lang='lat' dir='ltr'>Jovi</span> <span class='ocrx_word' id='word_1_319' title='bbox 1449 1395 1574 1441; x_wconf 77' lang='lat' dir='ltr'>triplex</span> <span class='ocrx_word' id='word_1_320' title='bbox 1587 1423 1597 1439; x_wconf 87' lang='lat'>‚</span> 
     </span>
     <span class='ocr_line' id='line_1_61' title="bbox 913 1445 1597 1492; baseline 0.01 -16"><span class='ocrx_word' id='word_1_321' title='bbox 913 1445 1087 1478; x_wconf 84' lang='lat' dir='ltr'>musicum</span> <span class='ocrx_word' id='word_1_322' title='bbox 1100 1472 1109 1487; x_wconf 90' lang='lat'>‚</span> <span class='ocrx_word' id='word_1_323' title='bbox 1128 1455 1289 1491; x_wconf 82' lang='lat' dir='ltr'>equestre</span> <span class='ocrx_word' id='word_1_324' title='bbox 1298 1474 1308 1489; x_wconf 88' lang='lat'>,</span> <span class='ocrx_word' id='word_1_325' title='bbox 1328 1448 1529 1492; x_wconf 66' lang='lat' dir='ltr'>gymnicum</span> <span class='ocrx_word' id='word_1_326' title='bbox 1541 1476 1550 1491; x_wconf 86' lang='lat'><strong><em>,</em></strong></span> <span class='ocrx_word' id='word_1_327' title='bbox 1563 1459 1597 1483; x_wconf 80' lang='lat' dir='ltr'>et</span> 
     </span>
     <span class='ocr_line' id='line_1_62' title="bbox 912 1498 1596 1546; baseline 0.009 -16"><span class='ocrx_word' id='word_1_328' title='bbox 912 1498 1092 1543; x_wconf 83' lang='lat' dir='ltr'>aliquanto</span> <span class='ocrx_word' id='word_1_329' title='bbox 1121 1499 1276 1545; x_wconf 90' lang='lat' dir='ltr'>plurium</span> <span class='ocrx_word' id='word_1_330' title='bbox 1300 1512 1407 1546; x_wconf 88' lang='lat' dir='ltr'>quam</span> <span class='ocrx_word' id='word_1_331' title='bbox 1427 1514 1523 1535; x_wconf 88' lang='lat' dir='ltr'>nunc.</span> <span class='ocrx_word' id='word_1_332' title='bbox 1546 1511 1596 1536; x_wconf 81' lang='lat' dir='ltr'>est</span> 
     </span>
     <span class='ocr_line' id='line_1_63' title="bbox 912 1554 1595 1599; baseline 0.01 -17"><span class='ocrx_word' id='word_1_333' title='bbox 912 1560 1131 1584; x_wconf 75' lang='lat' dir='ltr'>coronatorum</span> <span class='ocrx_word' id='word_1_334' title='bbox 1142 1566 1154 1592; x_wconf 88' lang='lat'>‚·</span> <span class='ocrx_word' id='word_1_335' title='bbox 1184 1561 1249 1586; x_wconf 86' lang='lat' dir='ltr'>etc.</span> <span class='ocrx_word' id='word_1_336' title='bbox 1275 1571 1287 1582; x_wconf 81' lang='lat' dir='ltr'>n</span> <span class='ocrx_word' id='word_1_337' title='bbox 1312 1554 1426 1599; x_wconf 88' lang='lat' dir='ltr'>Hujus</span> <span class='ocrx_word' id='word_1_338' title='bbox 1449 1567 1595 1598; x_wconf 87' lang='lat' dir='ltr'>sensus,</span> 
     </span>
     <span class='ocr_line' id='line_1_64' title="bbox 912 1605 1594 1654; baseline 0.01 -18"><span class='ocrx_word' id='word_1_339' title='bbox 912 1605 974 1649; x_wconf 91' lang='lat' dir='ltr'>qui</span> <span class='ocrx_word' id='word_1_340' title='bbox 1006 1605 1205 1638; x_wconf 63' lang='lat' dir='ltr'>verisimilis</span> <span class='ocrx_word' id='word_1_341' title='bbox 1233 1605 1398 1651; x_wconf 84' lang='lat' dir='ltr'>videtur,</span> <span class='ocrx_word' id='word_1_342' title='bbox 1429 1616 1462 1641; x_wconf 88' lang='lat' dir='ltr'>et</span> <span class='ocrx_word' id='word_1_343' title='bbox 1489 1622 1594 1654; x_wconf 85' lang='lat' dir='ltr'>quem</span> 
     </span>
     <span class='ocr_line' id='line_1_65' title="bbox 912 1658 1592 1705; baseline 0.009 -16"><span class='ocrx_word' id='word_1_344' title='bbox 912 1669 992 1690; x_wconf 80' lang='lat' dir='ltr'>cuin</span> <span class='ocrx_word' id='word_1_345' title='bbox 1008 1659 1203 1692; x_wconf 77' lang='lat' dir='ltr'>Ramiresio</span> <span class='ocrx_word' id='word_1_346' title='bbox 1224 1658 1435 1705; x_wconf 82' lang='lat' dir='ltr'>adoptamus</span> <span class='ocrx_word' id='word_1_347' title='bbox 1451 1687 1459 1703; x_wconf 89' lang='lat'>,</span> <span class='ocrx_word' id='word_1_348' title='bbox 1486 1661 1592 1696; x_wconf 68' lang='lat' dir='ltr'>iidem</span> 
     </span>
     <span class='ocr_line' id='line_1_66' title="bbox 910 1709 1589 1757; baseline 0.009 -15"><span class='ocrx_word' id='word_1_349' title='bbox 910 1709 993 1743; x_wconf 87' lang='lat' dir='ltr'>facit</span> <span class='ocrx_word' id='word_1_350' title='bbox 1015 1712 1124 1757; x_wconf 83' lang='lat' dir='ltr'>epigr.</span> <span class='ocrx_word' id='word_1_351' title='bbox 1146 1724 1205 1745; x_wconf 76' lang='lat' dir='ltr'>mv</span> <span class='ocrx_word' id='word_1_352' title='bbox 1224 1712 1308 1746; x_wconf 84' lang='lat' dir='ltr'>infr.</span> <span class='ocrx_word' id='word_1_353' title='bbox 1332 1726 1367 1746; x_wconf 88' lang='lat' dir='ltr'>v.</span> <span class='ocrx_word' id='word_1_354' title='bbox 1400 1726 1429 1747; x_wconf 90' lang='lat'>1.</span> <span class='ocrx_word' id='word_1_355' title='bbox 1455 1715 1522 1749; x_wconf 82' lang='lat' dir='ltr'>En.</span> <span class='ocrx_word' id='word_1_356' title='bbox 1537 1738 1589 1742; x_wconf 91' lang='lat'>——</span> 
     </span>
     <span class='ocr_line' id='line_1_67' title="bbox 911 1763 1593 1812; baseline 0.01 -17"><span class='ocrx_word' id='word_1_357' title='bbox 911 1763 982 1796; x_wconf 86' lang='lat' dir='ltr'>Alii</span> <span class='ocrx_word' id='word_1_358' title='bbox 1009 1772 1125 1797; x_wconf 89' lang='lat' dir='ltr'>tamen</span> <span class='ocrx_word' id='word_1_359' title='bbox 1147 1766 1287 1810; x_wconf 81' lang='lat' dir='ltr'>plurima</span> <span class='ocrx_word' id='word_1_360' title='bbox 1310 1780 1438 1812; x_wconf 71' lang='lat' dir='ltr'>quercus</span> <span class='ocrx_word' id='word_1_361' title='bbox 1462 1768 1593 1802; x_wconf 85' lang='lat' dir='ltr'>intelli-</span> 
     </span>
     <span class='ocr_line' id='line_1_68' title="bbox 911 1816 1591 1868; baseline 0.01 -20"><span class='ocrx_word' id='word_1_362' title='bbox 911 1825 1000 1861; x_wconf 81' lang='lat' dir='ltr'>gunt</span> <span class='ocrx_word' id='word_1_363' title='bbox 1028 1816 1072 1850; x_wconf 90' lang='lat' dir='ltr'>de</span> <span class='ocrx_word' id='word_1_364' title='bbox 1093 1830 1222 1851; x_wconf 86' lang='lat' dir='ltr'>corona</span> <span class='ocrx_word' id='word_1_365' title='bbox 1244 1819 1351 1852; x_wconf 75' lang='lat' dir='ltr'>civica</span> <span class='ocrx_word' id='word_1_366' title='bbox 1367 1844 1377 1860; x_wconf 87' lang='lat'>‚</span> <span class='ocrx_word' id='word_1_367' title='bbox 1401 1833 1506 1865; x_wconf 79' lang='lat' dir='ltr'>quain</span> <span class='ocrx_word' id='word_1_368' title='bbox 1527 1836 1591 1868; x_wconf 83' lang='lat' dir='ltr'>per</span> 
     </span>
     <span class='ocr_line' id='line_1_69' title="bbox 911 1868 1593 1916; baseline 0.01 -15"><span class='ocrx_word' id='word_1_369' title='bbox 911 1868 1148 1903; x_wconf 81' lang='lat' dir='ltr'>adulationem</span> <span class='ocrx_word' id='word_1_370' title='bbox 1171 1872 1326 1916; x_wconf 83' lang='lat' dir='ltr'>primum</span> <span class='ocrx_word' id='word_1_371' title='bbox 1347 1884 1593 1909; x_wconf 86' lang='lat' dir='ltr'>concesserunt</span> 
     </span>
     <span class='ocr_line' id='line_1_70' title="bbox 910 1923 1591 1969; baseline 0.012 -15"><span class='ocrx_word' id='word_1_372' title='bbox 910 1923 1067 1967; x_wconf 81' lang='lat' dir='ltr'>Augusto</span> <span class='ocrx_word' id='word_1_373' title='bbox 1079 1950 1087 1966; x_wconf 90' lang='lat'>‚</span> <span class='ocrx_word' id='word_1_374' title='bbox 1105 1924 1201 1969; x_wconf 87' lang='lat' dir='ltr'>quod</span> <span class='ocrx_word' id='word_1_375' title='bbox 1215 1924 1305 1958; x_wconf 79' lang='lat' dir='ltr'>cives</span> <span class='ocrx_word' id='word_1_376' title='bbox 1324 1926 1504 1960; x_wconf 86' lang='lat' dir='ltr'>universos</span> <span class='ocrx_word' id='word_1_377' title='bbox 1522 1941 1591 1962; x_wconf 89' lang='lat' dir='ltr'>ser-</span> 
     </span>
     <span class='ocr_line' id='line_1_71' title="bbox 909 1977 1590 2025; baseline 0.01 -17"><span class='ocrx_word' id='word_1_378' title='bbox 909 1985 1032 2009; x_wconf 81' lang='lat' dir='ltr'>vasset.</span> <span class='ocrx_word' id='word_1_379' title='bbox 1064 1977 1126 2010; x_wconf 80' lang='lat' dir='ltr'>Est</span> <span class='ocrx_word' id='word_1_380' title='bbox 1154 1978 1191 2010; x_wconf 91' lang='lat' dir='ltr'>in</span> <span class='ocrx_word' id='word_1_381' title='bbox 1219 1979 1374 2012; x_wconf 84' lang='lat' dir='ltr'>nummis</span> <span class='ocrx_word' id='word_1_382' title='bbox 1407 1981 1479 2025; x_wconf 86' lang='lat' dir='ltr'>ejus</span> <span class='ocrx_word' id='word_1_383' title='bbox 1508 1994 1590 2015; x_wconf 86' lang='lat' dir='ltr'>cum</span> 
     </span>
     <span class='ocr_line' id='line_1_72' title="bbox 909 2028 1589 2078; baseline 0.009 -17"><span class='ocrx_word' id='word_1_384' title='bbox 909 2028 1140 2074; x_wconf 81' lang='lat' dir='ltr'>inscriptione</span> <span class='ocrx_word' id='word_1_385' title='bbox 1155 2031 1246 2064; x_wconf 80' lang='lat' dir='ltr'>intra</span> <span class='ocrx_word' id='word_1_386' title='bbox 1267 2043 1435 2065; x_wconf 84' lang='lat' dir='ltr'>coronam</span> <span class='ocrx_word' id='word_1_387' title='bbox 1456 2034 1566 2078; x_wconf 84' lang='lat' dir='ltr'>ipsam</span> <span class='ocrx_word' id='word_1_388' title='bbox 1578 2061 1589 2077; x_wconf 87' lang='lat'><em>‚</em></span> 
     </span>
     <span class='ocr_line' id='line_1_73' title="bbox 909 2088 1586 2132; baseline 0.01 -18"><span class='ocrx_word' id='word_1_389' title='bbox 909 2094 953 2114; x_wconf 81' lang='lat'>013</span> <span class='ocrx_word' id='word_1_390' title='bbox 976 2094 1074 2116; x_wconf 59' lang='lat' dir='ltr'>civr2s</span> <span class='ocrx_word' id='word_1_391' title='bbox 1101 2096 1272 2117; x_wconf 48' lang='lat' dir='ltr'>saman-os</span> <span class='ocrx_word' id='word_1_392' title='bbox 1288 2106 1297 2122; x_wconf 80' lang='lat'><strong>‚</strong></span> <span class='ocrx_word' id='word_1_393' title='bbox 1320 2098 1423 2130; x_wconf 80' lang='lat' dir='ltr'>quam</span> <span class='ocrx_word' id='word_1_394' title='bbox 1447 2099 1513 2132; x_wconf 89' lang='lat' dir='ltr'>pro</span> <span class='ocrx_word' id='word_1_395' title='bbox 1533 2088 1586 2121; x_wconf 90' lang='lat' dir='ltr'>fo-</span> 
     </span>
     <span class='ocr_line' id='line_1_74' title="bbox 907 2135 1588 2185; baseline 0.01 -17"><span class='ocrx_word' id='word_1_396' title='bbox 907 2135 1008 2169; x_wconf 85' lang='lat' dir='ltr'>ribus</span> <span class='ocrx_word' id='word_1_397' title='bbox 1036 2137 1186 2182; x_wconf 83' lang='lat' dir='ltr'>positam</span> <span class='ocrx_word' id='word_1_398' title='bbox 1214 2137 1318 2171; x_wconf 86' lang='lat' dir='ltr'>fuisse</span> <span class='ocrx_word' id='word_1_399' title='bbox 1342 2140 1502 2185; x_wconf 82' lang='lat' dir='ltr'>Augusto</span> <span class='ocrx_word' id='word_1_400' title='bbox 1526 2140 1588 2175; x_wconf 88' lang='lat' dir='ltr'>do-</span> 
     </span>
     <span class='ocr_line' id='line_1_75' title="bbox 909 2190 1586 2234; baseline 0.01 -13"><span class='ocrx_word' id='word_1_401' title='bbox 909 2197 963 2221; x_wconf 85' lang='lat' dir='ltr'>cet</span> <span class='ocrx_word' id='word_1_402' title='bbox 980 2190 1073 2223; x_wconf 90' lang='lat' dir='ltr'>Dion</span> <span class='ocrx_word' id='word_1_403' title='bbox 1085 2215 1094 2230; x_wconf 90' lang='lat'>‚</span> <span class='ocrx_word' id='word_1_404' title='bbox 1109 2199 1143 2223; x_wconf 94' lang='lat' dir='ltr'>et</span> <span class='ocrx_word' id='word_1_405' title='bbox 1162 2190 1419 2233; x_wconf 67' lang='lat' dir='ltr'>Ovidius,libr.</span> <span class='ocrx_word' id='word_1_406' title='bbox 1433 2194 1468 2225; x_wconf 91' lang='grc' dir='ltr'>Π</span> <span class='ocrx_word' id='word_1_407' title='bbox 1480 2219 1489 2234; x_wconf 86' lang='grc'>,</span> <span class='ocrx_word' id='word_1_408' title='bbox 1507 2195 1586 2227; x_wconf 88' lang='lat' dir='ltr'>Me.-</span> 
     </span>
     <span class='ocr_line' id='line_1_76' title="bbox 908 2243 1584 2291; baseline 0.009 -16"><span class='ocrx_word' id='word_1_409' title='bbox 908 2243 1124 2288; x_wconf 82' lang='lat' dir='ltr'>tamorphos.</span> <span class='ocrx_word' id='word_1_410' title='bbox 1150 2256 1158 2277; x_wconf 92' lang='lat'>:</span> <span class='ocrx_word' id='word_1_411' title='bbox 1186 2262 1199 2274; x_wconf 71' lang='grc' dir='ltr'><strong>α</strong></span> <span class='ocrx_word' id='word_1_412' title='bbox 1224 2245 1386 2278; x_wconf 86' lang='lat' dir='ltr'>Postibus</span> <span class='ocrx_word' id='word_1_413' title='bbox 1419 2247 1584 2291; x_wconf 79' lang='lat' dir='ltr'>Augustis</span> 
     </span>
     <span class='ocr_line' id='line_1_77' title="bbox 907 2295 1585 2335; baseline 0.007 -6"><span class='ocrx_word' id='word_1_414' title='bbox 907 2295 1028 2329; x_wconf 86' lang='lat' dir='ltr'>eadem</span> <span class='ocrx_word' id='word_1_415' title='bbox 1049 2296 1215 2330; x_wconf 81' lang='lat' dir='ltr'>fidissima</span> <span class='ocrx_word' id='word_1_416' title='bbox 1243 2306 1357 2331; x_wconf 90' lang='lat' dir='ltr'>custos</span> <span class='ocrx_word' id='word_1_417' title='bbox 1379 2299 1468 2332; x_wconf 86' lang='lat' dir='ltr'>Ante</span> <span class='ocrx_word' id='word_1_418' title='bbox 1492 2301 1585 2335; x_wconf 85' lang='lat' dir='ltr'>fores</span> 
     </span>
     <span class='ocr_line' id='line_1_78' title="bbox 906 2349 1585 2399; baseline 0.01 -18"><span class='ocrx_word' id='word_1_419' title='bbox 906 2349 1035 2390; x_wconf 82' lang='lat' dir='ltr'>stabis,</span> <span class='ocrx_word' id='word_1_420' title='bbox 1058 2349 1281 2395; x_wconf 80' lang='lat' dir='ltr'>mediamque</span> <span class='ocrx_word' id='word_1_421' title='bbox 1311 2352 1455 2385; x_wconf 86' lang='lat' dir='ltr'>tuebere</span> <span class='ocrx_word' id='word_1_422' title='bbox 1479 2366 1585 2399; x_wconf 89' lang='lat' dir='ltr'>quer-</span> 
     </span>
     <span class='ocr_line' id='line_1_79' title="bbox 907 2403 1584 2451; baseline 0.007 -16"><span class='ocrx_word' id='word_1_423' title='bbox 907 2415 999 2435; x_wconf 85' lang='lat' dir='ltr'>cum.</span> <span class='ocrx_word' id='word_1_424' title='bbox 1022 2420 1035 2433; x_wconf 76' lang='grc'><em>»</em></span> <span class='ocrx_word' id='word_1_425' title='bbox 1063 2403 1170 2444; x_wconf 90' lang='lat' dir='ltr'>Quod</span> <span class='ocrx_word' id='word_1_426' title='bbox 1193 2404 1355 2437; x_wconf 75' lang='lat' dir='ltr'>Tiberius</span> <span class='ocrx_word' id='word_1_427' title='bbox 1384 2407 1559 2441; x_wconf 78' lang='lat' dir='ltr'>recusavit</span> <span class='ocrx_word' id='word_1_428' title='bbox 1574 2435 1584 2451; x_wconf 89' lang='lat'>‚</span> 
     </span>
     <span class='ocr_line' id='line_1_80' title="bbox 907 2457 1584 2503; baseline 0.009 -15"><span class='ocrx_word' id='word_1_429' title='bbox 907 2464 993 2489; x_wconf 83' lang='lat' dir='ltr'>teste</span> <span class='ocrx_word' id='word_1_430' title='bbox 1017 2457 1250 2502; x_wconf 84' lang='lat' dir='ltr'>Tranqui110‚</span> <span class='ocrx_word' id='word_1_431' title='bbox 1279 2458 1391 2503; x_wconf 85' lang='lat' dir='ltr'>capite</span> <span class='ocrx_word' id='word_1_432' title='bbox 1418 2461 1476 2493; x_wconf 83' lang='lat'>26.</span> <span class='ocrx_word' id='word_1_433' title='bbox 1510 2461 1584 2494; x_wconf 83' lang='lat' dir='ltr'>Hae</span> 
     </span>
     <span class='ocr_line' id='line_1_81' title="bbox 906 2509 1581 2556; baseline 0.006 -14"><span class='ocrx_word' id='word_1_434' title='bbox 906 2509 1072 2543; x_wconf 73' lang='lat' dir='ltr'>modestia</span> <span class='ocrx_word' id='word_1_435' title='bbox 1099 2511 1152 2543; x_wconf 86' lang='lat' dir='ltr'>usi</span> <span class='ocrx_word' id='word_1_436' title='bbox 1177 2523 1248 2542; x_wconf 92' lang='lat' dir='ltr'>non</span> <span class='ocrx_word' id='word_1_437' title='bbox 1267 2519 1347 2544; x_wconf 89' lang='lat' dir='ltr'>sunt</span> <span class='ocrx_word' id='word_1_438' title='bbox 1365 2512 1504 2556; x_wconf 83' lang='lat' dir='ltr'>pessimi</span> <span class='ocrx_word' id='word_1_439' title='bbox 1523 2515 1581 2548; x_wconf 83' lang='lat' dir='ltr'>alii</span> 
     </span>
     <span class='ocr_line' id='line_1_82' title="bbox 904 2564 1580 2609; baseline 0.007 -14"><span class='ocrx_word' id='word_1_440' title='bbox 904 2564 1079 2603; x_wconf 78' lang='lat' dir='ltr'>Caesares3</span> <span class='ocrx_word' id='word_1_441' title='bbox 1106 2564 1143 2596; x_wconf 87' lang='lat' dir='ltr'>in</span> <span class='ocrx_word' id='word_1_442' title='bbox 1171 2577 1321 2609; x_wconf 87' lang='lat' dir='ltr'>quorum</span> <span class='ocrx_word' id='word_1_443' title='bbox 1346 2566 1520 2606; x_wconf 72' lang='lat' dir='ltr'>nummis,</span> <span class='ocrx_word' id='word_1_444' title='bbox 1543 2577 1580 2600; x_wconf 89' lang='lat' dir='ltr'>ut</span> 
     </span>
     <span class='ocr_line' id='line_1_83' title="bbox 905 2617 1580 2664; baseline 0.007 -16"><span class='ocrx_word' id='word_1_445' title='bbox 905 2617 939 2649; x_wconf 87' lang='lat' dir='ltr'>in</span> <span class='ocrx_word' id='word_1_446' title='bbox 972 2617 1142 2661; x_wconf 78' lang='lat' dir='ltr'>Augusti,</span> <span class='ocrx_word' id='word_1_447' title='bbox 1165 2618 1320 2650; x_wconf 84' lang='lat' dir='ltr'>cernitur</span> <span class='ocrx_word' id='word_1_448' title='bbox 1344 2618 1418 2650; x_wconf 66' lang='lat' dir='ltr'>htec</span> <span class='ocrx_word' id='word_1_449' title='bbox 1446 2624 1580 2664; x_wconf 78' lang='lat' dir='ltr'>querna</span> 
     </span>
     <span class='ocr_line' id='line_1_84' title="bbox 904 2670 1578 2715; baseline 0.007 -14"><span class='ocrx_word' id='word_1_450' title='bbox 904 2682 1043 2701; x_wconf 67' lang='lat' dir='ltr'>corona.</span> <span class='ocrx_word' id='word_1_451' title='bbox 1077 2692 1126 2696; x_wconf 91' lang='lat'>—</span> <span class='ocrx_word' id='word_1_452' title='bbox 1158 2670 1213 2702; x_wconf 85' lang='lat' dir='ltr'>Sic</span> <span class='ocrx_word' id='word_1_453' title='bbox 1246 2679 1381 2715; x_wconf 80' lang='lat' dir='ltr'>optaret</span> <span class='ocrx_word' id='word_1_454' title='bbox 1410 2672 1578 2706; x_wconf 68' lang='lat' dir='ltr'>Martialis</span> 
     </span>
    </p>
   </div>
  </div>
 </body>
</html>
