2061 3288
428 217 506 258 ET
545 216 890 259 OPERIBUS
929 215 1335 258 MARTIALIS.
1474 232 1588 259 xxix

390 342 635 350 ..........
647 314 880 365 Capitolium

382 378 580 417 Scandens
599 392 684 416 cum
707 380 818 417 tacita
838 378 983 429 virgine
999 377 1208 429 pontifex,¹

172 494 379 539 cecidere.
398 494 493 538 Nec
514 504 661 538 tamen
682 511 818 555 quum
840 495 1008 537 viveret
1033 493 1123 553 ipse
1145 502 1189 536 et
1209 493 1438 547 scriberet,
1460 494 1502 536 in
1518 493 1590 537 Al-

172 564 404 626 lobrogum
425 565 730 609 semibarbaris
747 565 852 609 vicis
865 600 876 621 ,
890 581 971 608 nec
991 565 1034 607 in
1050 563 1253 620 urbibus,
1267 573 1343 607 aut
1361 565 1405 607 in
1423 565 1589 608 Britan-

172 653 329 680 norum
345 637 616 679 Getarumve
638 637 854 697 pruinosis
877 634 1026 696 sylvis,
1047 636 1244 695 quamvis
1264 635 1336 679 hic
1357 636 1489 679 etiam
1508 635 1590 696 legi

173 706 434 768 gloriaretur
449 706 477 761 ²,
502 723 603 751 eum
628 707 753 752 facile
780 706 1150 767 assequebantur,
1175 705 1418 750 tralucebat
1441 706 1585 768 limpi-

172 777 335 821 dissimi
355 778 468 821 vatis
491 779 706 839 genuinus
725 794 875 822 sensus
888 814 899 833 ,
919 795 1009 821 11011
1033 776 1441 838 exsplendescebat3
1463 787 1506 821 ct
1521 794 1588 821 ar-

173 848 374 892 ridebant
392 858 564 893 tantum
587 858 778 910 agrestes
796 850 875 892 viri
889 848 943 892 ad
958 849 1066 902 haec,
1083 865 1179 909 quae
1196 849 1390 893 urbanos
1407 849 1591 910 cogebat

173 929 222 962 ut
239 919 620 963 cachinnarentur.
641 922 711 964 Ita
738 937 838 975 nos,
862 929 961 981 post
986 929 1051 963 tot
1076 919 1243 981 elapsas
1265 929 1432 976 aetates,
1453 937 1586 981 quum

173 988 381 1034 volumen
393 992 673 1051 nugatorium
691 991 958 1047 lacessimus,
974 990 1145 1035 modice
1164 1007 1429 1047 recreamur,
1443 1000 1485 1035 et
1494 1008 1590 1036 acu—

173 1059 335 1105 leatum
360 1061 581 1121 quoddam
611 1062 652 1105 in
683 1079 735 1106 eo
765 1063 976 1123 scriptore
1006 1063 1078 1105 vix
1105 1063 1405 1123 agnoscimus,
1435 1063 1504 1105 cui
1534 1063 1590 1105 ab

174 1130 433 1192 aequalibus,
454 1133 523 1176 cui
550 1133 605 1175 ab
631 1132 797 1177 aemulis
826 1134 890 1177 vis
912 1134 1101 1177 maxima
1129 1134 1291 1194 ingenii
1321 1143 1362 1177 et
1392 1135 1589 1177 suavissi-

174 1218 271 1245 mus
294 1201 415 1262 lepos
445 1203 783 1247 concedebatur.
814 1206 925 1261 Quae
959 1221 1093 1264 quum
1127 1205 1185 1248 ita
1219 1214 1382 1260 essent,
1410 1205 1592 1266 arripuit

173 1271 348 1332 quidem
375 1272 591 1316 calamum
613 1284 924 1318 annotatorum
944 1276 1045 1318 satis
1066 1290 1227 1335 magna
1248 1276 1396 1337 copia,
1426 1286 1492 1332 et7
1519 1275 1589 1319 of—

174 1341 274 1387 ficio
300 1359 380 1387 suo
403 1343 659 1404 perfuncta,
674 1354 818 1401 notas,
834 1345 1006 1389 notulas
1029 1355 1072 1389 et
1095 1345 1138 1388 id
1157 1363 1294 1407 genus
1321 1346 1431 1390 bene
1455 1346 1591 1390 multa

393 1489 615 1498 .........
627 1460 764 1497 summi
783 1461 897 1510 plena
914 1460 994 1510 jam
1016 1461 1187 1510 margine
1204 1461 1293 1499 libri

385 1526 563 1576 Scripsit,
584 1535 619 1563 et
639 1527 678 1562 in
699 1534 826 1576 tergo,
847 1526 1011 1563 necdum
1029 1524 1185 1572 finivit?

175 1641 208 1683 si
240 1638 454 1700 quidquid
488 1640 810 1684 subobscurum
843 1639 1112 1685 illustratura
1138 1651 1222 1698 est,
1249 1643 1283 1686 si
1307 1643 1516 1704 quidquid
1548 1662 1590 1688 m

173 1711 351 1771 ancipiti
375 1710 656 1772 explicatum.
681 1713 775 1756 Nec
802 1721 949 1755 tamen
980 1711 1167 1756 multum
1194 1713 1381 1773 profecit
1409 1716 1589 1759 immen·
1634 1713 1637 1715 ⁵

174 1796 246 1824 sus
272 1780 426 1824 labor:
454 1782 655 1826 tenebras
687 1782 863 1843 quidem
897 1782 1163 1840 discussere,
1194 1784 1270 1827 sed
1298 1786 1425 1846 periit
1455 1788 1592 1847 gratia

174 1853 316 1895 omnis
341 1868 392 1895 ac
418 1851 562 1913 lepos,
585 1852 704 1897 haud
732 1870 855 1897 secus
885 1869 935 1897 ac
965 1855 999 1897 si
1030 1855 1125 1915 quis
1145 1854 1357 1899 Indorum
1389 1858 1591 1901 tenuissi-

174 1922 255 1966 mis
274 1922 531 1967 holosericis
553 1923 700 1968 clavos
723 1923 910 1968 trabales
933 1924 1134 1969 affixerit.
1157 1925 1331 1970 Scilicet
1358 1927 1445 1971 duo
1471 1938 1592 1984 sunt,

175 2009 270 2052 quae
291 1995 499 2038 eveniunt
527 2005 575 2038 ut
600 1994 840 2056 plurimum
869 1997 913 2039 in
942 1995 1148 2057 legendo,
1176 2014 1335 2058 nempe
1369 2000 1591 2060 scriptoris

176 2073 364 2108 mentem
393 2081 565 2109 omnem
601 2067 793 2126 assequi,
819 2066 919 2110 dein
944 2066 1012 2110 vel
1039 2067 1232 2128 jucunde
1262 2068 1330 2112 vel
1357 2070 1592 2130 injucunde

233 2215 260 2235 1.
277 2202 399 2236 Horat.
414 2203 476 2237 lib.
490 2204 560 2245 III,
577 2203 634 2239 od.
649 2217 729 2243 xxx,
745 2217 793 2238 vs.
815 2207 848 2239 8.

230 2269 260 2288 α.
275 2255 427 2289 Martial.
441 2256 502 2289 lib.
518 2257 590 2289 VII
604 2284 613 2299 ,
629 2257 738 2303 epigr.
755 2270 916 2291 Lxxxvnt
928 2285 936 2299 ‚
954 2272 1002 2292 vs.
1027 2271 1040 2292 1
1062 2272 1134 2305 sqq.
1152 2268 1185 2293 et
1205 2261 1265 2295 lib.
1283 2261 1336 2294 XI
1352 2287 1362 2303 ,
1382 2262 1490 2307 epigr.

421 2344 513 2368 Fertur
528 2344 622 2369 habere
637 2354 706 2369 meos
716 2364 721 2375 ,
732 2347 754 2370 si
766 2355 825 2370 vera
839 2353 876 2370 est
889 2346 955 2370 fama
968 2365 975 2376 ‚
987 2347 1088 2372 libellos

457 2390 529 2413 Inter
542 2388 646 2413 delicias
660 2389 767 2422 pulchra
780 2390 883 2413 Vienna
899 2399 957 2414 suas

422 2429 468 2453 Me
480 2429 543 2463 legit
555 2432 638 2455 omnis
650 2431 687 2455 ibi
704 2433 789 2457 senior
821 2439 869 2457 etc.

800 2451 805 2461 5

428 2495 450 2499 ..
463 2478 548 2501 meus
561 2478 587 2500 in
600 2477 698 2502 Geticis
711 2479 742 2502 ad
758 2478 858 2503 Martia
869 2480 941 2512 signa
954 2481 1052 2513 pruinis

456 2524 478 2547 A
493 2524 578 2557 rigido
592 2525 684 2549 teritur
697 2527 849 2550 centurione
859 2527 935 2551 liber.

422 2570 523 2595 Dicitur
539 2578 564 2596 et
576 2578 680 2597 nostros
697 2581 798 2598 cantare
813 2574 943 2599 Britannia
957 2583 1046 2599 versus

236 2656 268 2690 3.
286 2657 366 2691 Juv.
385 2666 446 2691 sat.
466 2660 501 2699 Ι,
518 2673 549 2692 v.
572 2661 602 2693 5.
