2061 3288
830 255 891 297 M.
915 256 1058 298 VAL.
1098 257 1487 302 MARTIALIS

675 344 830 388 Sextus
861 345 1060 404 protinus
1085 343 1155 388 iile
1181 346 1435 401 foenerator,

673 414 816 471 Quem
843 416 980 458 nostis
1005 425 1197 460 veterem
1221 432 1367 461 meum
1393 416 1608 471 sodalem,

672 485 740 529 Ne
768 484 873 546 quid
903 485 1015 529 forte
1042 496 1213 547 petam,
1242 489 1389 544 timet,
1416 498 1649 549 cavetque3

674 557 732 599 Et
763 572 933 612 secum,
960 556 1034 600 sed
1063 567 1112 601 ut
1140 558 1337 613 audiam,
1364 569 1558 603 susurrat
1582 577 1590 602 :

672 627 848 688 Septem
879 625 1013 671 millia
1042 628 1180 673 debeo
1210 629 1435 687 Secund03

672 697 840 742 Phoebo
866 708 1074 759 quatuor3
1098 700 1301 744 undecim
1326 699 1520 755 Philet0;

670 770 729 814 Et
757 768 975 830 quadrans
1000 770 1107 815 mihi
1132 770 1275 815 nullus
1301 781 1366 816 est
1389 771 1433 814 in
1464 787 1575 816 arca.

674 840 716 883 O
745 839 909 901 grande
936 841 1159 902 ingenium
1190 843 1274 886 mei
1301 839 1480 886 sodalis!
1842 870 1872 886 ιο

675 911 850 954 Durum
878 921 966 968 est,
988 913 1139 969 Sexte,
1165 929 1346 974 negare,
1370 930 1504 974 quum
1533 915 1698 976 rogaris
1723 932 1731 958 :

673 982 852 1038 Quanto
879 981 1053 1037 durius,
1084 993 1317 1045 antequam
1344 981 1528 1045 rogeris!

457 1121 511 1156 nis
544 1134 667 1164 causa,
692 1121 878 1156 deficiente
906 1124 1036 1157 scilicet
1062 1136 1134 1157 me-

457 1175 591 1217 moria,
620 1184 724 1221 atque
757 1176 891 1221 argenti
920 1176 1001 1210 facti
1029 1176 1135 1210 libras

456 1228 623 1274 intelligit
635 1237 757 1274 poeta;
774 1238 869 1270 tum,
887 1230 933 1263 ait
949 1230 1133 1270 Martialis,

457 1280 556 1315 timet
582 1281 725 1325 Sextus,
755 1295 821 1324 ne,
852 1284 947 1316 omni
984 1284 1134 1328 pecunia

455 1347 533 1368 mea
564 1335 601 1368 in
628 1335 690 1369 has
727 1336 920 1381 emptiones
952 1337 1134 1377 exhausta,

454 1387 605 1421 aliorum
621 1389 769 1434 pecunia
790 1389 982 1434 indigeam;
1003 1399 1036 1423 et
1054 1389 1133 1422 ideo

455 1441 570 1474 statim
598 1442 750 1475 rationes
780 1455 857 1476 suas
884 1455 999 1475 secum
1030 1443 1133 1476 tacite

455 1503 637 1540 computat
657 1494 778 1529 Sextus
791 1517 800 1533 ‚
822 1496 869 1528 ita
886 1503 1000 1528 tamen
1021 1504 1058 1529 ut
1076 1509 1133 1528 au-

454 1544 548 1580 diam
565 1573 573 1587 ,
602 1560 647 1580 ne
667 1548 757 1581 forte
780 1549 821 1581 ab
845 1549 921 1593 ipso
947 1549 1131 1593 pecuniam

452 1608 605 1634 mutuer.
624 1600 708 1634 Vid.
728 1601 789 1634 lib.
810 1602 900 1644 VII,
919 1602 1131 1647 epigramma

452 1665 602 1694 Lxxxw,
618 1654 679 1686 ubi
693 1653 736 1687 de
756 1655 842 1688 libra
863 1656 1009 1700 argenti.
1027 1655 1131 1688 Forte

450 1705 639 1751 legendum
661 1707 767 1740 libros.

505 1760 536 1792 3.
568 1761 764 1793 Foenerator.
794 1761 1003 1794 Divitiarum
1029 1774 1128 1806 argu-

450 1821 611 1846 mentum
640 1813 772 1854 foen1153
796 1822 835 1847 ut
863 1827 984 1859 supra,
1007 1814 1066 1847 lib.
1090 1816 1126 1855 I,

451 1866 562 1912 epigr.
590 1879 712 1900 Lxxvn
726 1894 734 1907 ‚
757 1881 790 1900 v.
815 1870 835 1899 6
852 1893 860 1908 ,
880 1867 923 1900 de
941 1868 1100 1901 Minerva
1118 1880 1126 1900 :

454 1935 467 1947 u
491 1919 574 1954 Haec
602 1920 712 1965 sapit,
733 1921 807 1954 haec
837 1933 956 1953 omnes
984 1921 1128 1956 foenerat

448 1983 517 2007 una
537 1972 636 2015 deos3
660 1991 673 2004 n
694 1981 728 2007 et
748 1974 858 2020 epigri
880 1986 1018 2008 Lxxxvl.

503 2031 536 2068 4.
553 2028 693 2060 Veterem
709 2028 857 2061 sodalem.
872 2027 957 2062 Ideo
979 2037 1125 2075 propter

447 2079 628 2115 avaritiam
662 2081 765 2126 longe
791 2081 906 2115 acrius
928 2081 1122 2127 ‚reprehen-

445 2133 616 2168 dendum.
636 2135 702 2167 En.

502 2187 535 2221 5.
563 2188 613 2222 Ne
634 2188 731 2233 quid,
761 2197 823 2222 etc.
852 2187 908 2220 Sic
929 2187 1121 2222 amicorum

444 2240 630 2285 petitiones
645 2249 866 2275 antevortunt
879 2241 968 2274 cauti
982 2240 1118 2274 divites.

445 2293 538 2327 Vide
555 2295 661 2328 Arist.
684 2295 739 2338 II,
761 2294 905 2328 Rhetor.
929 2303 963 2328 et
981 2294 1059 2328 Seu.
1080 2295 1118 2335 I,

443 2343 489 2380 de
505 2348 622 2382 Benef.
645 2361 658 2381 1
684 2360 691 2381 ε
715 2366 728 2378 α
741 2349 828 2390 Quis
848 2349 941 2382 enim
958 2357 1119 2383 nostrum

446 2409 632 2434 contentus
656 2401 725 2435 fuit
748 2411 806 2435 aut
834 2402 957 2435 leviter
979 2402 1119 2447 rogari,

445 2461 503 2486 aut
528 2455 662 2487 semel?
694 2455 781 2496 Quis
805 2468 880 2489 an
895 2481 903 2494 ‚
930 2468 1039 2500 quum
1059 2455 1120 2487 ali-

1194 1123 1281 1169 quid
1303 1137 1319 1157 a
1337 1136 1371 1157 se
1387 1124 1458 1169 peti
1476 1124 1670 1170 suspicatus
1688 1132 1739 1158 est
1753 1150 1762 1166 ‚
1778 1125 1870 1158 fron-

1194 1185 1262 1210 tem
1275 1176 1438 1217 adduxst,
1451 1177 1587 1210 vultum
1607 1178 1729 1210 avertit
1740 1203 1748 1217 ,
1764 1190 1869 1211 occu-

1193 1230 1349 1275 pationes
1368 1230 1544 1264 simulavit
1553 1256 1562 1270 ‚
1575 1230 1686 1275 longis
1699 1232 1869 1264 sermoni-

1193 1283 1258 1316 bus
1270 1310 1279 1325 ,
1299 1292 1332 1317 et
1352 1282 1395 1316 de
1411 1283 1581 1317 industria
1598 1296 1670 1316 non
1687 1283 1869 1317 invenien-

1193 1336 1285 1370 tibus
1312 1337 1464 1377 exstum,
1486 1336 1704 1370 occasionem
1725 1336 1868 1382 petendi

1191 1390 1352 1430 abstulit,
1376 1399 1409 1423 et
1436 1390 1538 1423 variis
1571 1390 1706 1422 artibus
1736 1403 1866 1436 prope-

1190 1451 1305 1476 rantes
1326 1443 1544 1476 necessitates
1567 1442 1691 1476 elusit?
1711 1451 1776 1476 etc.
1795 1460 1807 1473 υ

1245 1499 1278 1528 6.
1313 1497 1362 1529 Et
1391 1509 1490 1528 secum
1520 1498 1583 1536 sic,
1616 1503 1650 1528 ut
1676 1496 1803 1528 audiam
1828 1496 1865 1529 in

1190 1547 1270 1581 edd.
1290 1557 1372 1582 vett.
1388 1548 1466 1582 Ald.
1480 1550 1581 1582 Junt.
1597 1548 1713 1582 Colin.
1725 1549 1863 1595 Gryph.

1244 1614 1277 1646 7.
1293 1602 1414 1647 Septem
1432 1603 1540 1635 millia.
1560 1602 1696 1634 Nostrae
1713 1611 1866 1636 monetae

1192 1666 1264 1698 700
1296 1655 1435 1688 francos
1457 1667 1464 1688 ε
1502 1667 1581 1688 nam
1620 1654 1678 1687 hic
1715 1655 1863 1688 sestertii

1189 1716 1272 1740 sunt
1284 1734 1292 1749 ‚
1313 1721 1383 1741 non
1400 1709 1568 1741 sestertia.
1588 1708 1655 1740 En.

1244 1762 1276 1794 8.
1289 1761 1446 1805 Quatuozu
1459 1761 1594 1794 Nostrae
1614 1769 1762 1794 monetae
1781 1773 1864 1806 qua-

1187 1811 1371 1859 dringenta
1427 1814 1574 1847 francos.
1605 1834 1658 1840 -—
1696 1814 1858 1846 Undecim.

1186 1865 1322 1900 Nostrae
1349 1876 1498 1900 monetae
1531 1867 1625 1899 mille
1655 1874 1689 1899 et
1720 1874 1860 1900 centum

1186 1919 1332 1953 francos.
1345 1921 1411 1953 En.

1239 1985 1272 2016 9.
1297 1973 1479 2017 Quadi-ans.
1499 1973 1632 2014 Quarta
1649 1985 1728 2016 pars
1751 1972 1831 2006 assis
1850 1982 1857 2002 Ζ

1184 2026 1361 2060 sestertius
1376 2026 1556 2060 constabat
1573 2025 1713 2059 duobus
1728 2025 1859 2059 assibus

1184 2091 1263 2111 cum
1283 2078 1433 2112 dimidio
1457 2091 1540 2113 asse.

1241 2145 1296 2166 10.
1320 2133 1352 2166 O
1366 2133 1500 2177 grande,
1520 2132 1587 2165 Per
1602 2131 1750 2164 ironiam
1769 2133 1856 2176 inge-

1181 2189 1264 2219 nium
1285 2186 1370 2219 dixit
1388 2199 1452 2231 pro
1470 2184 1633 2218 sordibus
1649 2193 1682 2218 et
1701 2184 1855 2218 avaritia.

1182 2239 1264 2272 Vid.
1288 2240 1350 2273 lib.
1369 2241 1385 2272 I
1399 2266 1407 2279 ‚
1424 2240 1532 2284 epigr.
1556 2250 1674 2279 Lxx1v‚
1693 2251 1725 2271 v.
1749 2242 1782 2278 4.

1238 2306 1250 2326 1
1264 2305 1292 2325 1.
1326 2294 1450 2326 Durum
1482 2300 1538 2324 est.
1572 2292 1681 2324 Acute
1711 2290 1853 2323 Sextum

1179 2358 1320 2379 avarum
1344 2343 1592 2392 reprehendit,
1617 2342 1712 2389 quod
1735 2355 1854 2388 preces

1180 2407 1286 2444 atque
1296 2399 1404 2444 ipsius
1415 2398 1623 2444 petitionem
1638 2397 1778 2441 obliqua
1791 2394 1853 2429 de-

1181 2452 1364 2497 negatione
1383 2458 1592 2496 occupasset.
