2061 3288
442 219 1028 267 EPIGRAMMATUM
1066 218 1194 261 LlB.
1233 216 1267 258 Ι.

1478 212 1568 275 137

298 311 432 356 Rides
457 312 500 355 in
523 327 697 365 aurem,
719 310 937 371 quereris,
962 307 1131 368 arguis,
1154 303 1299 367 ploras
1325 321 1334 347 :

299 384 462 427 Cantas
483 383 526 426 in
550 398 701 425 aurem
715 417 726 435 ‚
744 381 935 442 judicas,
956 389 1096 433 taces,
1123 375 1296 421 clamas.

298 453 479 497 Adeone
500 454 673 514 penitus
696 452 807 496 sedit
828 452 899 496 hic
921 450 998 495 tibi
1017 448 1220 503 morbus,

297 525 360 568 Ut
381 540 493 585 saepe
518 524 562 567 in
583 540 733 568 aurem
749 559 760 580 ,
782 523 949 578 Cinna,
971 523 1189 567 Caesarem
1212 516 1386 562 laudes?

211 667 247 704 4.
271 664 313 696 In
335 663 492 708 margine
511 663 612 697 Junt.
631 675 737 708 penes
755 675 839 705 nos,

157 717 288 756 damas,-
305 716 327 749 i.
347 729 378 751 e.
396 717 527 749 damnas
544 729 554 759 ;
576 717 607 749 cl
618 725 651 750 et
667 717 691 749 cl
707 717 839 750 centies

157 777 355 815 permutata
389 770 616 815 reperiuntur
655 769 692 803 in
732 768 837 803 codd.

158 821 253 855 Vide
272 822 369 856 Cort.
387 821 430 855 ad
443 822 583 856 Sallust.
601 823 675 857 Cat.
695 823 818 856 XXVI
830 847 840 864 ‚

162 880 202 916 4,
222 875 302 921 Jug.
326 876 453 916 XXII,
483 888 498 909 1
517 902 527 917 ‚
557 876 677 909 Burin.
697 875 741 909 ad
767 877 842 908 An-

160 928 248 961 thol.
265 929 340 962 Lat.
352 936 439 962 tom.
450 929 487 968 I,
503 941 538 973 p.
557 929 642 970 364.
658 929 838 963 Drakenb.

160 980 204 1014 ad
224 980 283 1014 Sil.
302 982 361 1023 II,
387 982 453 1023 52,
473 981 516 1014 ad
536 982 613 1016 Liv.
636 982 689 1023 X,
716 987 760 1024 24
776 1008 784 1024 ‚
807 989 841 1015 et

159 1033 333 1080 Leopard.
354 1033 544 1068 emendatt.
563 1035 614 1075 X,
639 1035 698 1069 25.

217 1087 250 1120 5.
268 1088 420 1133 Adeoque
428 1090 554 1132 penitus
573 1088 715 1122 exhibet
730 1087 841 1122 codex

161 1148 237 1185 opt.
260 1139 442 1174 Arondell.
466 1140 561 1185 quod
588 1142 728 1187 praefert
749 1142 842 1175 Gro-

161 1193 310 1232 novius;
340 1206 446 1239 quem
466 1193 547 1227 vide
569 1194 605 1227 in
633 1207 704 1228 var.
736 1195 842 1228 notis.

162 1267 215 1272 —-
237 1246 379 1279 Morbus.
404 1247 570 1280 Pertinax
597 1257 738 1281 secretae
758 1248 843 1280 taci-

164 1299 342 1332 turnitatis
352 1300 537 1333 affectatio.
550 1300 695 1343 Gallice,
709 1302 763 1334 tic.
774 1301 842 1333 En.

218 1354 251 1386 6.
285 1352 330 1385 Ut
355 1366 448 1398 soepe.
479 1353 536 1386 Sic
565 1353 778 1399 epigramma
806 1353 843 1386 in

898 660 1038 695 laudem
1069 658 1213 693 Caesaris
1245 657 1418 692 convertit
1451 656 1557 689 Poeta
1569 682 1578 696 ‚

899 715 1053 749 innuens
1070 713 1161 746 nihil
1180 724 1253 745 esse
1268 710 1364 757 quod
1377 709 1502 756 justius
1518 722 1579 754 pa-

898 769 967 802 lam
984 767 1028 801 sit
1039 764 1314 813 proferendum,
1334 776 1440 810 quam
1459 761 1581 796 laudes

901 821 1058 856 Caesaris.
1076 820 1203 853 ED.--
1224 819 1407 859 Fortasse,
1424 824 1466 850 ut
1480 823 1582 862 putat

900 873 1075 915 Raderus‚
1093 873 1366 907 obtrectatorem
1385 870 1521 916 carpit,
1537 867 1582 901 de

901 929 1035 962 Caesare
1056 927 1207 972 maligne
1227 925 1446 971 loquentem,
1469 934 1581 968 quum

901 980 945 1014 de
961 994 1002 1015 eo
1022 981 1058 1014 in
1081 992 1201 1014 aurem
1216 979 1436 1024 loqueretur.
1451 976 1582 1009 Natum

901 1043 1017 1068 autem
1047 1032 1192 1067 videtur
1221 1032 1291 1065 hoc
1325 1031 1539 1076 epigramma
1563 1040 1582 1060 c

899 1089 978 1134 joco
994 1087 1136 1128 Scauri,
1154 1098 1224 1131 quo
1238 1084 1387 1118 Junium
1403 1083 1583 1116 Othonem

902 1141 1094 1174 Rhetorem
1128 1148 1219 1173 tecto
1248 1146 1283 1171 et
1308 1136 1500 1183 suspicioso
1528 1133 1583 1167 di-

902 1193 1004 1228 cendi
1039 1205 1165 1240 genere
1197 1204 1300 1225 usum
1340 1189 1469 1224 taxavit
1482 1213 1493 1228 ,
1526 1188 1583 1220 in-

902 1248 1050 1293 quiens,
1070 1255 1143 1279 acta
1161 1246 1249 1279 illum
1273 1247 1305 1277 ιἰι
1326 1256 1432 1276 aurem
1453 1242 1583 1274 alterius

903 1302 1005 1345 legere
1020 1326 1029 1339 ,
1055 1312 1133 1345 quae
1153 1298 1293 1345 publica
1313 1296 1458 1343 quiden]
1481 1303 1585 1335 sunt,

903 1354 1080 1400 vulgoque
1101 1352 1170 1398 legi
1191 1359 1341 1396 oportet.

789 1470 955 1528 XCI.

542 1617 612 1645 AD
650 1616 858 1646 BASSAM
896 1615 1201 1645 TRIBADEM.

237 1730 380 1787 QUOD
405 1745 631 1790 nunquam
657 1730 849 1774 maribus
877 1731 1066 1774 cinctam
1093 1738 1160 1785 te,
1184 1731 1340 1783 Bassa,
1361 1728 1583 1783 videbam,

308 1800 528 1861 Quodque
554 1800 631 1844 tibi
656 1801 878 1844 moechum
902 1800 1048 1844 fabula
1077 1799 1197 1843 nulla
1226 1799 1358 1843 dabat
1379 1818 1390 1854 3

239 1872 383 1915 Omne
405 1870 480 1915 sed
501 1870 698 1915 officium
721 1872 836 1915 circa
859 1881 901 1915 te
923 1887 1097 1932 semper
1121 1870 1271 1914 obibat

309 1941 456 1986 Turba
482 1942 544 1986 tui
566 1958 715 1996 sexus,
738 1958 827 1986 non
850 1941 1037 1985 adeunte
1060 1942 1155 1985 viro
1179 1960 1189 1996 3

239 2013 345 2056 Esse
370 2012 587 2056 videbaris
602 2049 613 2069 ‚
638 2012 797 2070 fateor,
819 2013 1023 2057 Lucretia
1045 2012 1170 2056 nobis
1194 2029 1201 2054 :

226 2150 255 2172 Ι.
286 2139 327 2171 In
359 2139 476 2172 multis
497 2142 653 2184 junctam.
682 2140 752 2173 Pro
767 2142 845 2186 jan-

170 2199 251 2224 ctam
274 2191 310 2224 in
331 2191 544 2236 quibusdam
566 2195 723 2235 cinctam;
745 2202 779 2227 et
798 2194 847 2227 sic

172 2242 227 2278 ed.
249 2244 326 2277 Par.
350 2257 442 2278 anno
467 2257 480 2278 1
492 2246 579 2289 754.
594 2267 644 2273 -
658 2246 756 2290 Quod
771 2260 850 2279 mm-

171 2310 263 2341 quam
279 2324 287 2335 ,
310 2305 374 2330 etc.
394 2298 531 2330 Bassam
549 2298 721 2332 tribadem
739 2300 849 2333 facete

170 2350 282 2395 carpit
298 2350 514 2383 confessione
528 2351 654 2384 erroris
667 2353 719 2384 sui
730 2378 738 2392 ‚
754 2352 848 2398 quod

171 2403 400 2437 existimasset
419 2404 641 2437 castissimam
661 2417 733 2438 esse
752 2406 849 2438 femi-

170 2468 252 2488 nam
267 2482 276 2497 ‚
295 2457 376 2501 quia
397 2469 576 2502 nunquam
596 2458 687 2490 ullus
701 2471 775 2491 eam
795 2459 849 2491 vir

171 2507 310 2550 adiret,
339 2509 399 2543 sed
437 2522 574 2554 semper
603 2523 683 2543 cum
712 2511 848 2544 feminis

173 2570 259 2594 esset
274 2573 283 2595 :
306 2571 424 2607 postea
443 2576 526 2596 vero
543 2573 760 2609 compertum
778 2573 827 2598 est
839 2590 849 2605 ,

175 2613 348 2648 trihadem
371 2628 454 2650 esse.
477 2617 629 2650 Bamires.

232 2680 264 2701 2.
280 2668 419 2703 Fabula.
443 2671 579 2703 Rumor
597 2671 770 2715 publicus.
792 2671 850 2704 Se-

906 2153 993 2174 neca
1016 2148 1177 2174 controv.
1196 2139 1257 2173 lib.
1284 2140 1341 2181 II,
1369 2153 1389 2184 7
1417 2151 1426 2173 z
1460 2156 1473 2169 «
1495 2141 1588 2173 Duxi

907 2207 1054 2228 uxorem
1074 2202 1230 2232 mature;
1248 2205 1384 2238 semper
1399 2191 1504 2226 dilexi
1520 2206 1529 2234 ;
1544 2192 1588 2226 ad

908 2259 1050 2280 omnem
1085 2259 1142 2280 me
1173 2254 1289 2279 tutum
1319 2246 1471 2279 fabulam
1500 2259 1590 2292 prae-

908 2300 991 2333 stiti.
1013 2318 1026 2330 1)

963 2353 997 2387 3.
1027 2354 1139 2387 Omnis
1166 2360 1197 2384 et
1221 2351 1359 2396 officium
1385 2351 1466 2386 Ald.
1488 2353 1587 2385 Junt.

909 2415 943 2439 et
959 2406 1071 2439 Colin.
1092 2405 1139 2439 ita
1157 2406 1260 2438 etiam
1277 2404 1388 2438 codex
1405 2405 1587 2438 Arondell.

909 2460 1038 2504 aliique
1053 2485 1062 2500 ,
1086 2466 1172 2492 teste
1193 2458 1361 2492 Grutero.

965 2517 998 2552 4.
1030 2514 1072 2545 In
1107 2511 1258 2545 Juntina
1289 2520 1407 2545 nostra
1438 2511 1588 2556 margini

911 2564 1128 2610 adscriptum
1147 2573 1197 2598 est
1215 2577 1223 2598 :
1245 2578 1306 2597 non
1327 2565 1471 2597 adeunda
1487 2567 1569 2597 ›vit-o.

967 2618 1002 2652 5.
1025 2620 1172 2651 Lucretia
1199 2618 1296 2652 nobis.
1328 2618 1429 2652 Casta
1453 2626 1491 2650 ut
1520 2619 1591 2650 Ln-

912 2673 1017 2705 cretia
1037 2673 1176 2705 absente
1196 2672 1284 2705 viro.
