2061 3288
446 214 1030 260 EPIGRAMMATUM
1069 215 1195 258 ΜΒ.
1234 216 1322 259 iv:
1491 214 1591 275 445,

817 380 948 437 LX.

669 544 735 573 DE
782 523 1109 573 CURIAT10.*

250 672 417 720 Animi
450 674 658 729 solstitio,
683 675 984 735 Castranaque
1009 690 1110 718 rura
1136 685 1362 736 petantur-5

321 747 496 807 Quique
527 744 733 790 Cleonaeo
765 744 904 789 sidere
936 745 1078 791 fervet
1103 762 1226 806 ager3

251 818 401 875 Quum
422 816 671 860 Tiburtinas
693 815 872 860 damnet
892 817 1114 861 Curiatius
1137 833 1265 862 auras
1281 855 1292 875 ,

234 957 248 972 ⁴‘
260 961 333 995 Sub
344 961 441 995 omni
454 962 539 996 caelo
556 972 615 996 seu
635 961 763 995 salubri
777 988 786 1002 ‚
801 975 860 996 seu

180 1015 383 1062 pestilenti,
406 1015 552 1061 grassari
577 1022 728 1048 mortem
759 1014 864 1049 docet

182 1069 352 1102 Martialis
365 1095 374 1111 ‚
396 1068 558 1114 exemplo
578 1067 724 1102 Curiatii
748 1069 864 1113 cujus-

180 1121 282 1164 dam3
303 1121 389 1168 qui,
411 1120 495 1154 dum
522 1120 733 1155 valetudinis
763 1133 865 1155 causa

182 1175 318 1208 Tibure
329 1200 338 1216 ‚
351 1175 492 1208 salutari
506 1175 584 1208 loco
596 1200 604 1213 ,
626 1175 734 1208 aestivi
750 1175 865 1208 solsti-

183 1228 221 1261 tii
234 1228 369 1273 fugeret
380 1227 554 1269 ardorem,
566 1227 615 1261 ihi
630 1236 744 1261 tamen
756 1228 865 1261 fatum

186 1280 373 1315 excludere
387 1293 458 1314 non
474 1280 599 1327 potuit.
617 1280 684 1314 En.

243 1347 256 1368 1
267 1360 274 1367 .
293 1335 514 1380 Pestannaque
530 1347 604 1366 rura
621 1333 658 1366 in
673 1334 774 1366 Junt.
793 1334 867 1366 Pee-

185 1396 338 1431 starzaque
353 1400 427 1419 rura
448 1387 483 1420 in
500 1387 573 1420 aliis
592 1394 674 1420 vett.
686 1407 738 1413 —-
755 1386 866 1419 Ardea

185 1440 321 1473 solstitio
335 1467 344 1481 ‚
370 1447 436 1473 etc.
456 1440 516 1473 Est
535 1438 750 1485 indignantis
770 1439 868 1472 irati-

187 1506 255 1538 que
269 1493 383 1526 Poetae
398 1492 620 1534 exclamatio,
639 1492 736 1539 quasi
753 1491 845 1526 dicat
860 1504 868 1526 :

188 1545 285 1587 Quid
304 1546 312 1579 1
346 1546 437 1579 nihil
467 1545 612 1591 prodest
641 1545 868 1579 saluberrima

188 1599 264 1633 loca
287 1611 442 1644 quaerere
458 1598 464 1631 !
486 1611 568 1644 ergo
586 1599 869 1644 pestilentissima

189 1664 404 1697 quaeramus,
431 1651 597 1697 quoniam
621 1665 714 1685 mors
736 1651 772 1684 in
793 1665 870 1685 om·

191 1705 249 1738 uia
278 1704 411 1750 pariter
442 1705 617 1750 irrumpit.
638 1705 705 1738 En.
724 1725 775 1731 —
800 1706 869 1738 ΑΙ·-

189 1758 328 1791 dea......
349 1757 568 1803 Castranaque
587 1771 660 1790 rura
665 1784 724 1791 .....
745 1758 871 1803 Quique

195 1810 342 1844 Cleonaeo
346 1833 407 1844 .....
435 1819 500 1844 etc.
529 1810 612 1843 Tria
639 1809 770 1856 oppida
789 1810 870 1843 solis

193 1864 329 1897 fervore
355 1864 505 1896 maxime
534 1864 711 1896 aestuantia
727 1889 736 1904 ‚
762 1871 796 1895 et
817 1876 870 1896 sa-

192 1917 306 1950 lubria
325 1929 449 1961 parum
470 1925 672 1949 enumerat:
691 1914 843 1949 Ardeam
860 1942 870 1957 ‚

193 1970 354 2003 Castrum
372 1969 472 2011 Inui,
491 1978 526 2003 et
542 1970 652 2002 Baias.
672 1990 724 1996 —-
744 1969 866 2002 Ardea.

195 2021 311 2057 Ardea
336 2023 420 2055 urbs
445 2031 496 2055 cst
513 2022 657 2067 antiqua
679 2022 790 2063 Latii,
817 2023 871 2055 vel

196 2076 239 2108 ab
262 2076 374 2108 ardore
390 2103 398 2116 ,
424 2075 478 2108 vel
498 2075 540 2107 ab
563 2076 659 2108 ardea
683 2075 735 2108 avi
756 2074 871 2116 dicta,

196 2129 309 2162 Turni
335 2128 468 2174 patria,
494 2127 703 2161 calidissimo
730 2128 872 2173 positu,

197 2180 241 2215 (le
262 2193 328 2227 qua
346 2180 466 2214 Livius
478 2206 486 2222 ‚
506 2181 568 2214 lib.
586 2182 602 2213 I
620 2193 628 2214 ε
651 2195 663 2207 τ(
680 2182 774 2213 Dum
791 2181 875 2214 Tar-

199 2235 338 2279 quinius
370 2232 508 2267 obsidet
541 2232 689 2267 Ardeam
703 2260 711 2275 ‚
737 2242 875 2267 exactus

200 2295 251 2320 est
265 2299 384 2332 regno.
399 2304 412 2316 »
428 2286 567 2319 Latium
585 2295 635 2320 est
650 2285 756 2320 hodie
779 2286 875 2320 Cam-

199 2352 307 2384 pagna
327 2339 360 2372 di
378 2341 490 2372 Romu.
509 2360 560 2366 -—
583 2339 737 2372 solstitio.
755 2340 876 2381 Quum

202 2404 270 2425 vox
291 2391 350 2424 illa
367 2393 532 2424 sols-‘itiam
552 2392 624 2425 sola
644 2392 789 2438 ponitur
805 2419 814 2434 ,
836 2393 878 2425 si-

203 2444 345 2490 gnificat
367 2444 554 2478 solstitium
576 2447 725 2478 festivum.
747 2444 801 2478 Sic
823 2458 878 2491 ap-

204 2499 352 2543 pellatur
370 2506 506 2543 tempus
524 2496 628 2539 illud,
648 2510 718 2543 quo
736 2498 785 2530 sol
796 2506 879 2530 stare

205 2549 366 2592 videtur;
379 2563 506 2595 nempe
515 2550 743 2596 mensejunio
752 2576 760 2592 ‚
771 2563 880 2596 quum

208 2604 321 2649 attigit
343 2604 518 2649 tropicum
535 2603 678 2645 Cancri3
704 2612 737 2637 et
762 2616 881 2637 mense

207 2655 407 2697 decembri,
422 2669 529 2702 quum
548 2665 596 2690 est
617 2658 651 2689 in
671 2657 805 2702 tropico
820 2657 883 2690 Ca-

280 2731 314 2771 l.

922 962 1079 1008 pricorni
1096 974 1104 996 ε
1124 970 1208 996 tunc
1232 964 1325 997 enim
1347 963 1420 999 dies
1443 965 1489 999 ita
1511 966 1604 1000 lente

922 1024 1106 1057 crescunt,
1137 1024 1195 1049 aut
1221 1015 1449 1059 decrescunt,
1480 1027 1520 1052 ut
1546 1019 1604 1053 vix

923 1068 1060 1102 sentias.
1082 1069 1217 1102 AEstivo
1243 1071 1390 1104 solstitio
1411 1072 1506 1105 calor
1527 1085 1604 1117 gra-

923 1122 1102 1163 vissimum,
1122 1122 1194 1155 sole
1211 1124 1400 1158 verticibus
1418 1137 1608 1171 propemo-

925 1173 1009 1208 dum
1018 1175 1237 1209 imminente.
1246 1199 1279 1203 —
1292 1178 1511 1225 Castranaque
1518 1191 1603 1212 rura.

926 1227 1085 1261 Castrum
1103 1254 1113 1270 ,
1141 1229 1268 1262 Castro.
1287 1230 1382 1263 Urbs
1402 1232 1511 1265 Italiae
1533 1244 1606 1264 nou

926 1294 994 1314 una
1020 1282 1087 1315 fuit
1106 1281 1229 1314 eodem
1250 1284 1394 1317 nomine
1421 1285 1606 1331 appellata.

928 1335 1017 1367 Sunt
1034 1335 1094 1381 qui
1122 1343 1249 1380 putent
1268 1336 1326 1370 hic
1347 1337 1399 1382 agi
1421 1336 1464 1371 de
1483 1339 1606 1372 Castro

927 1380 1006 1420 Inui
1019 1414 1027 1428 ‚
1045 1387 1142 1433 quod
1163 1397 1237 1422 erat
1260 1389 1471 1434 oppidulum
1490 1391 1580 1425 Latii
1597 1415 1605 1428 ‚

927 1453 998 1474 non
1020 1441 1145 1486 procul
1162 1442 1286 1475 Ardea.
1303 1443 1404 1477 Hanc
1417 1443 1609 1478 lectionem

930 1493 1148 1540 Castranaque
1158 1508 1232 1527 rura
1245 1496 1397 1530 restituit
1413 1497 1504 1530 Petr.
1519 1497 1610 1530 Scri-

928 1547 1043 1580 verius
1070 1560 1110 1580 ex
1145 1548 1271 1593 optimi
1295 1549 1379 1582 libri
1410 1549 1503 1589 fide,
1528 1551 1607 1584 loco

928 1600 1087 1634 lectionis
1103 1601 1315 1648 Poestanaque
1328 1629 1337 1643 ,
1361 1611 1437 1636 tum
1455 1604 1538 1649 quia
1560 1616 1610 1636 se-

928 1665 1042 1687 cessus
1070 1654 1239 1687 amoenior
1254 1682 1262 1696 ‚
1284 1663 1358 1689 tum
1381 1657 1461 1702 quia
1484 1656 1608 1689 Ardeae

930 1706 1078 1751 propius
1108 1708 1270 1741 Cas-„rum
1290 1708 1382 1742 Inui.
1407 1709 1475 1743 Cui
1501 1708 1608 1743 adsti-

930 1759 1072 1804 pulatur
1102 1760 1165 1794 Ph.
1198 1761 1404 1802 Cluverius,
1434 1763 1497 1795 lib.
1527 1763 1606 1803 Ill,

930 1825 1004 1857 cap.
1015 1812 1061 1852 V,
1074 1813 1153 1845 Ital.
1165 1834 1215 1838 -—
1224 1813 1292 1846 Alii
1305 1814 1424 1859 legunt
1436 1816 1587 1847 Poestana
1596 1829 1607 1847 .-

930 1865 1078 1897 Paestum
1096 1890 1104 1906 ‚
1121 1866 1235 1905 Pesco,
1258 1875 1307 1899 est
1322 1868 1406 1900 urbs
1430 1867 1606 1906 Lucaniae,

930 1929 1042 1962 prope
1063 1917 1261 1951 Paestanum
1276 1919 1402 1961 sinum,
1424 1920 1487 1965 qui
1502 1919 1608 1954 hodie

934 1969 1033 2012 Golso
1048 1971 1083 2002 dl
1099 1970 1243 2004 Salerni).

988 2036 1019 2056 2.
1054 2024 1178 2069 Quique
1207 2024 1366 2058 Cleonaeo.
1393 2024 1434 2058 Id
1459 2034 1509 2059 est
1528 2038 1608 2071 ager

932 2076 1097 2117 Baianus;
1112 2077 1209 2110 Baias
1223 2078 1316 2110 enim
1333 2078 1431 2123 aquis
1442 2087 1475 2112 et
1491 2087 1608 2124 pecto-

932 2141 969 2162 re
984 2129 1112 2162 Leonis
1127 2129 1261 2163 fervere
1278 2129 1366 2164 dixit
1383 2144 1479 2176 supr.
1498 2131 1608 2178 epigr.

934 2194 1029 2223 LVII,
1045 2194 1094 2215 vs.
1118 2183 1136 2216 5
1155 2191 1189 2216 et
1211 2185 1244 2216 (3.
1261 2205 1310 2210 -—-
1329 2183 1486 2217 Cleoncm.
1505 2185 1613 2218 Intel-

934 2235 1001 2279 lige
1029 2235 1190 2276 leonem,
1218 2236 1255 2269 in
1286 2237 1409 2269 caelum
1439 2238 1609 2279 relatum,

936 2300 1041 2333 quem
1073 2288 1240 2322 Hercules
1268 2289 1444 2322 interfecit
1473 2291 1510 2323 in
1540 2291 1610 2324 Ne-

938 2352 1045 2373 meaea
1090 2341 1324 2387 Peloponnesi
1369 2342 1453 2376 silva
1469 2369 1479 2384 ,
1516 2345 1613 2388 juxta

938 2393 1104 2427 Cleonam
1132 2395 1269 2427 urbem.
1308 2396 1464 2440 Augusto
1492 2409 1613 2429 mense

938 2446 1250 2480 vehementissimis
1283 2448 1456 2482 caloribus
1486 2457 1614 2482 terram

939 2499 1096 2532 accendit
1114 2501 1187 2533 Leo
1200 2527 1208 2541 ,
1226 2502 1317 2533 inter
1338 2500 1524 2535 duodecim
1550 2503 1616 2535 Zo-

941 2550 1028 2585 diaci
1047 2553 1162 2598 signa,
1184 2553 1321 2598 siguum
1343 2555 1518 2600 quintum.

997 2604 1030 2638 3.
1054 2606 1158 2649 Quum
1183 2607 1366 2640 Tiburtinas
1383 2608 1528 2645 damnet,
1552 2614 1615 2639 ets.

944 2657 1062 2698 Quum
1082 2660 1259 2705 antiquam
1276 2661 1369 2693 illam
1390 2662 1513 2694 famam
1528 2686 1535 2700 ,
1552 2670 1618 2703 qua

1312 2750 1333 2775 ε’*
1345 2750 1373 2791 5>
