2061 3288
442 220 532 273 114

808 219 869 261 Μ.
892 219 1031 261 VAL.
1072 219 1455 263 MARTIALIS

571 306 682 350 Fieni
704 316 875 367 poetam
904 322 1028 366 posse
1053 307 1126 366 qui
1157 315 1284 366 putas
1306 310 1439 361 tanti,

575 377 801 437 Scriptura
826 378 976 437 quanti
1000 386 1191 432 constet,
1215 386 1258 421 et
1282 387 1425 422 tomus
1452 377 1554 422 vilis.

573 447 673 491 Non
699 463 774 491 sex
798 457 976 508 paratur
1007 456 1080 490 aut
1107 446 1258 491 decem
1283 449 1444 509 sophos
1470 450 1668 492 nummis.

575 519 751 562 Secreta
777 534 921 578 quaere
947 519 1160 573 carmina,
1189 527 1232 561 et
1262 518 1390 562 rudes
1420 535 1568 574 curas,

573 589 696 645 Quas
724 590 846 631 novit
871 605 1004 643 unus,
1028 590 1271 649 scrinioque
1298 589 1483 650 signatas

438 718 529 739 mam
546 704 738 750 poeticam,
760 703 867 748 pretii
889 715 961 736 rem
985 703 1112 736 inaesti-

439 758 596 799 mabilis‚
617 756 731 801 pretio
750 755 932 789 contendit
951 756 1018 789 sibi
1035 755 1113 789 vin-

440 811 557 846 dicare
575 809 754 843 vilissimo.
777 810 843 842 En.

494 879 527 898 2.
543 863 748 897 Gronovius
763 862 844 907 legit
863 874 870 894 :
885 875 976 906 posse
994 865 1046 906 qui
1058 875 1118 906 pu·

442 928 489 950 tas
521 925 629 955 tanto,
658 915 823 960 Scriptura
849 917 960 960 quanti
983 922 1116 947 constat.

442 992 490 997 -—
523 970 684 1002 Tanti.....
708 968 871 1013 Scriptura
899 970 1019 1013 quanti.
1047 966 1118 1008 Qui

443 1023 496 1057 vis
517 1021 639 1055 haberi
662 1029 764 1066 poeta
782 1046 791 1061 ‚
813 1019 963 1053 emendo
984 1032 1043 1053 sex
1063 1027 1121 1052 aut

443 1076 563 1109 decem
602 1074 757 1107 nummis
794 1086 905 1106 unum
944 1073 1121 1118 exemplar

446 1140 606 1162 meorum
627 1139 813 1167 versuum,
841 1134 875 1159 et
893 1134 931 1159 ut
950 1134 1050 1159 tuum
1073 1126 1122 1159 le-

447 1180 573 1227 gendo.
594 1181 660 1214 En.

503 1234 538 1268 3.
554 1233 729 1278 Scriptura.
746 1232 863 1265 Labor
879 1231 1012 1265 librarii
1031 1240 1123 1266 tran-

447 1287 696 1322 scribentis.-—
703 1287 830 1319 Tomas.
843 1287 871 1316 A
882 1285 992 1317 verbo
1003 1298 1122 1330 τεμνω,

450 1339 557 1374 scindo
573 1353 585 1372 .·
601 1338 637 1372 id
657 1348 724 1379 est,
749 1339 865 1384 operis
885 1338 1056 1382 longioris
1067 1364 1075 1379 ‚
1091 1338 1127 1370 in

451 1401 569 1440 partes
600 1391 702 1433 secti,
730 1404 810 1437 pars
842 1389 1000 1435 quaedam
1015 1403 1025 1431 ;
1053 1402 1129 1435 quae

455 1445 598 1493 quidem
615 1445 642 1478 si
665 1445 700 1477 in
721 1444 849 1489 spiram
867 1444 1104 1476 involveretur
1120 1468 1128 1482 ‚

456 1507 595 1545 poterat
617 1509 712 1543 aeque
730 1497 846 1529 vorari
875 1505 989 1529 tonius
1011 1505 1043 1529 et
1068 1508 1130 1527 vo-

457 1554 576 1585 lumen
594 1564 602 1584 :
623 1549 683 1583 sed
710 1558 830 1583 contra
856 1561 926 1582 non
946 1562 1049 1582 omne
1070 1561 1130 1580 vo-

460 1606 578 1638 lumen
599 1612 671 1637 erat
688 1611 803 1635 tomus
819 1615 828 1643 3
845 1614 902 1635 sex
918 1602 1009 1634 enim
1026 1601 1133 1634 Persii

461 1667 592 1701 satyras
611 1656 647 1689 in
667 1668 780 1689 unum
801 1655 963 1688 volumen
983 1654 1133 1699 redigas,

463 1697 533 1745 noi]
545 1711 609 1743 erit
619 1718 733 1742 tomus
743 1735 751 1749 ,
759 1708 838 1754 quia
849 1720 936 1753 opus
949 1709 1133 1752 integrum.

465 1786 515 1791 --
535 1763 618 1795 Vilis
634 1789 642 1802 ‚
666 1761 765 1807 parvi
784 1761 897 1806 pretii.

521 1821 554 1856 4.
583 1816 717 1860 Sophos.
742 1814 950 1847 Acclamatio
979 1822 1051 1846 erat
1079 1824 1136 1845 co-

467 1883 545 1904 rum
561 1869 621 1914 qui
636 1867 865 1900 recitantibus
877 1865 1139 1912 applauderent.

470 1922 555 1956 Vid.
573 1934 651 1966 sup.
666 1921 776 1966 epigr.
791 1932 890 1960 1v‚v.
908 1932 928 1963 7
943 1931 952 1959 3
975 1927 1008 1951 et
1027 1920 1137 1964 epigr.

472 1989 509 2016 L,
523 1988 555 2008 v.
572 1974 631 2019 37.
642 1993 693 2000 —-
707 1974 861 2006 Nummis.
877 1972 1061 2005 Sestertiis.
1078 1972 1138 2004 Se·

472 2027 612 2062 stertius
621 2039 786 2060 nummus
799 2026 888 2059 valet
900 2037 987 2058 asses
999 2025 1142 2058 Gallicae

473 2088 623 2114 monetae
650 2078 762 2120 duos;
789 2079 835 2110 ita
859 2078 924 2110 fuit
950 2077 1142 2122 appellatus

476 2134 572 2181 quasi
587 2132 813 2166 semistertius
824 2157 832 2171 ‚
851 2131 931 2175 quia
948 2131 1079 2163 valebat
1095 2142 1142 2163 as-

477 2201 528 2221 ses
546 2194 614 2219 tres
636 2185 779 2230 dempto
791 2184 947 2223 semisse,
964 2183 1034 2215 sive
1055 2182 1143 2216 duos

476 2249 510 2275 et
527 2239 714 2273 semissem.
733 2236 889 2281 Exprimi
910 2236 1039 2269 solebat
1058 2234 1143 2268 dua-

477 2295 542 2326 bus
554 2293 595 2325 L.
610 2292 650 2324 L.
670 2303 748 2324 cum
767 2289 800 2323 S.
817 2300 942 2334 nempe
952 2286 1047 2328 (duae
1057 2288 1144 2321 libr-ce

478 2347 549 2380 sive
578 2356 667 2377 asses
695 2351 729 2376 et
757 2339 881 2382 semis).
915 2342 1035 2374 Postea
1068 2340 1146 2374 duae

478 2400 518 2431 L.
539 2398 578 2429 L.
597 2397 726 2441 junctae
743 2403 842 2436 sunt,
861 2403 895 2427 et
914 2394 1000 2427 facta
1022 2402 1072 2427 cst
1089 2394 1144 2427 lit-

477 2461 550 2484 tera
568 2449 619 2489 H,
639 2447 735 2480 unde
753 2447 907 2480 obtinuit
926 2460 1006 2480 usus
1028 2455 1068 2479 ut
1088 2447 1145 2479 illa

475 2511 559 2537 nota
569 2527 579 2542 ‚
591 2501 623 2533 H
637 2501 660 2533 S
669 2527 677 2541 ,
690 2501 867 2534 sestertius
879 2500 1144 2545 significaretur.

474 2553 701 2593 Sestertium,
729 2553 847 2585 neutri
872 2553 1029 2598 generis,
1057 2553 1147 2585 valet

472 2609 568 2642 mille
585 2606 756 2640 sestertios
771 2631 780 2645 ,
796 2606 987 2639 masculini.

527 2661 560 2694 5.
587 2659 722 2693 Secreta.
748 2659 789 2691 In
812 2659 938 2692 scrinio
968 2656 1091 2703 (quod
1108 2668 1146 2692 ut

1170 714 1237 736 vox
1255 712 1387 736 secretas
1410 716 1429 737 a
1450 705 1559 738 verbo
1582 718 1705 738 secerno
1721 705 1843 745 venit)

1172 755 1286 790 adhuc
1315 756 1506 790 recondita.
1536 779 1586 785 -—
1615 758 1718 791 Rudes
1742 772 1843 792 cura».

1173 809 1337 842 Carmina
1348 822 1419 842 non
1431 809 1534 844 edita.
1552 810 1652 844 Rude
1664 820 1714 845 est
1723 838 1733 853 ‚
1749 811 1846 857 quod

1173 859 1333 894 nondum
1361 874 1427 895 usu
1455 863 1613 897 attritum
1636 872 1686 898 est
1707 877 1716 898 ε
1739 873 1846 898 meta·

1175 915 1286 961 phora
1303 913 1446 948 ducitur
1461 928 1478 948 a
1500 917 1669 958 nummis,
1693 918 1776 962 qui,
1794 930 1848 950 re-

1176 980 1258 1002 cens
1270 966 1363 1007 cusi,
1375 978 1544 1013 apparent
1557 969 1661 1003 rudes
1675 978 1710 1002 et
1719 970 1850 1016 asperi,

1177 1033 1242 1054 usu
1263 1019 1473 1054 deteruntur
1491 1034 1530 1055 ac
1548 1022 1762 1068 laevigantur.

1234 1075 1268 1107 6.
1296 1074 1386 1117 Quas
1410 1077 1496 1108 novit
1518 1088 1607 1109 unus.
1636 1075 1703 1109 Hic
1727 1075 1854 1120 incipit

1178 1125 1329 1171 lepidam
1365 1128 1608 1172 metaphoram
1642 1141 1660 1161 a
1693 1128 1853 1162 similitu-

1180 1178 1263 1212 dine
1282 1179 1361 1213 ssliae
1380 1180 1524 1225 virginis
1537 1205 1547 1220 ,
1568 1180 1728 1214 nondum
1746 1193 1856 1226 passm

1181 1233 1297 1265 virum
1309 1258 1318 1273 ‚
1334 1241 1368 1266 et
1384 1233 1511 1267 chartae
1520 1234 1682 1279 virginis,
1696 1233 1854 1267 nondum

1182 1285 1347 1319 lectorem
1358 1298 1464 1331 passae
1473 1313 1482 1327 ,
1493 1285 1642 1320 ductam.
1653 1287 1751 1321 Hanc
1764 1287 1856 1321 solus

1185 1347 1307 1371 auctor
1324 1364 1333 1379 ‚
1364 1339 1458 1372 illam
1492 1340 1586 1373 solus
1613 1349 1713 1385 pater
1736 1340 1856 1379 novin

1185 1399 1225 1424 ut
1260 1391 1332 1424 filia
1364 1392 1464 1437 virgo
1497 1391 1638 1425 abditur
1660 1405 1678 1426 a
1704 1393 1856 1439 parenti-

1187 1444 1253 1476 hus
1265 1470 1273 1485 ‚
1292 1444 1341 1477 sic
1362 1445 1480 1477 charta
1499 1457 1516 1477 a
1532 1453 1635 1490 poeta
1652 1446 1686 1478 in
1707 1445 1857 1485 scrinio;

1189 1497 1294 1530 altera
1332 1497 1477 1541 legentis
1511 1510 1615 1531 manu
1632 1526 1641 1540 ,
1662 1499 1768 1532 altera
1792 1498 1858 1531 viri

1188 1549 1281 1583 duro
1297 1559 1415 1583 mento
1433 1549 1593 1583 nondum
1613 1551 1694 1585 trita
1715 1559 1775 1585 est.
1792 1551 1859 1584 En.

1190 1624 1241 1628 —-
1279 1602 1462 1648 Sel-initaque
1497 1605 1649 1648 signatas.
1681 1604 1829 1637 Romani
1852 1629 1861 1643 ‚

1190 1655 1279 1688 sicut
1290 1655 1503 1700 antiquiores
1522 1657 1641 1702 populi
1654 1681 1662 1694 ‚
1677 1656 1862 1690 exteriores

1192 1706 1351 1741 codicum
1367 1708 1516 1749 tabulas,
1536 1710 1619 1743 loris
1630 1736 1640 1751 ,
1658 1710 1802 1755 aliisque
1819 1710 1863 1742 li-

1191 1769 1430 1805 gamentorum
1450 1762 1630 1807 speciebus
1652 1763 1791 1796 munire
1810 1775 1864 1795 so-

1194 1814 1311 1846 lebant
1328 1813 1371 1846 ad
1390 1814 1659 1860 constringenda
1672 1815 1862 1849 volumina.

1195 1865 1327 1911 Saepius
1355 1876 1488 1907 tamen,
1517 1868 1568 1901 uti
1599 1868 1667 1901 illis
1694 1880 1770 1902 mos
1794 1876 1865 1901 erat

1197 1919 1269 1952 fere
1300 1919 1336 1952 in
1378 1920 1540 1953 omnibus
1575 1921 1655 1954 vitae
1689 1921 1836 1966 negotiis
1855 1945 1864 1959 7

1197 1972 1268 2005 imo
1292 1972 1491 2014 vilioribus,
1511 1974 1650 2007 annulis
1673 1973 1869 2019 signatoriis

1197 2025 1274 2058 illos
1294 2026 1491 2070 signabant,
1511 2025 1558 2059 ita
1575 2035 1617 2060 ut
1634 2026 1727 2073 apud
1746 2039 1804 2060 eos
1824 2030 1865 2059 si-

1196 2090 1298 2121 gnare
1317 2078 1412 2110 libros
1428 2078 1518 2111 nihil
1540 2078 1637 2112 aliud
1656 2087 1744 2113 esset
1764 2091 1867 2125 quam

1201 2131 1344 2163 claudere
1356 2131 1450 2163 libros
1460 2145 1472 2170 ;
1484 2143 1525 2164 eo
1538 2131 1632 2176 quod
1643 2133 1705 2166 ubi
1714 2132 1871 2178 epistolae

1201 2182 1423 2229 codicillique
1446 2184 1690 2229 signabantur,
1716 2184 1753 2218 id
1777 2183 1869 2219 indi-

1202 2235 1295 2269 cium
1319 2235 1392 2270 erat
1412 2237 1489 2270 illos
1513 2238 1645 2271 clausos
1666 2250 1757 2280 esse,
1777 2236 1869 2270 haud

1203 2301 1302 2322 secus
1327 2301 1365 2322 ac
1388 2302 1406 2322 e
1430 2291 1605 2324 contrario
1629 2294 1786 2336 resignare
1809 2291 1871 2323 ali—

1203 2341 1344 2388 quando
1361 2343 1549 2387 generatim
1574 2343 1777 2388 significavit
1797 2356 1871 2387 ape-

1205 2398 1267 2428 rire
1279 2422 1288 2435 ,
1309 2395 1484 2429 dissolvere.
1499 2398 1613 2441 Atque
1631 2396 1679 2430 sic
1689 2396 1870 2432 Horatius..

1204 2448 1313 2493 Epist.
1334 2449 1351 2480 I
1363 2473 1372 2487 ‚
1399 2449 1439 2480 13
1454 2475 1463 2489 ‚
1480 2461 1510 2481 τ.
1536 2461 1573 2482 a:
1596 2466 1609 2477 «ι
1626 2450 1780 2494 Augusto
1795 2449 1871 2482 red-

1205 2500 1265 2534 des
1273 2501 1403 2546 signata
1415 2501 1872 2539 voluinina‚Vinni.”En.—

1206 2553 1342 2587 Scrinia
1363 2562 1461 2587 erant
1481 2554 1608 2599 plutei,
1631 2555 1777 2587 armaria
1791 2582 1799 2595 ,
1825 2556 1874 2587 lo-

1204 2606 1272 2639 culi
1302 2607 1335 2638 in
1362 2606 1487 2652 quibus
1513 2614 1585 2639 acta
1601 2634 1609 2647 ‚
1627 2606 1733 2640 libelli
1748 2632 1756 2645 ,
1778 2619 1871 2640 com-

1205 2659 1385 2699 mentarii‚
1409 2668 1440 2692 et
1468 2659 1619 2692 literaria
1648 2670 1874 2693 monumenta
