2061 3288
535 223 623 265 DE
662 219 1158 265 SPECTACULIS.

276 314 378 357 Non
402 310 482 355 fuit
506 310 590 353 hoc
615 309 744 363 artis,
767 308 841 352 sed
863 307 1033 369 pietatis
1053 322 1175 366 opus.

208 385 398 428 cherat
419 383 626 442 Europen
648 379 839 423 fraterna
860 395 938 440 per
960 393 1136 438 aequora
1159 386 1336 429 taurus;

280 456 336 497 At
355 468 472 496 nunc
495 450 674 495 Alciden
696 460 846 494 taurus
869 451 912 493 in
936 458 1052 493 astra
1073 447 1183 491 tulit.

210 525 391 568 Caesaris
415 525 545 583 atque
567 522 687 566 Jovis
717 521 868 564 confer
896 536 1012 563 nunc
1036 519 1211 563 schema
1239 534 1247 561 :
1270 516 1444 578 juvenci

282 663 372 703 Οὐκ
401 661 512 722 ἔργον
539 660 708 719 τέχνης,
738 654 915 708 emec-03
942 652 987 699 δὲ
1014 657 1123 699 πέλε.

213 733 409 792 Εὐρώπην
441 737 584 791 ταῦρος
617 725 987 790 διαπορθμεύσασκε
1013 721 1067 769 δι’
1093 727 1243 787 ἅλμης·

282 795 482 850 Ᾱλκείδην
515 807 662 862 ταῦρος
693 801 759 843 καὶ
788 801 985 860 μετέωρον
1014 796 1116 859 ἄγει.

211 872 418 934 Καίσαρος
445 873 634 920 ἀλλήλοιν
664 873 799 930 ταύρω
822 866 1053 931 σύμὲαλλε,
1080 869 1173 919 Διός
1198 885 1263 911 τε·

143 1021 278 1059 gmate,
297 1026 405 1059 supra
424 1012 532 1059 epigr.
548 1025 577 1046 11
590 1035 600 1051 ‚
619 1024 651 1046 v.
673 1025 690 1045 2
709 1038 718 1054 ,
737 1025 822 1057 grue

145 1066 303 1100 machina
316 1093 324 1108 ‚
341 1079 408 1111 qua
422 1066 457 1099 in
471 1066 619 1099 sublime
637 1065 822 1111 rapieban-

143 1129 202 1153 tur
219 1132 375 1165 personae
399 1132 418 1152 e
435 1132 538 1152 scena
559 1120 596 1152 in
619 1132 717 1158 aera,
745 1127 786 1151 ut
805 1131 824 1151 a

144 1174 255 1206 Borea
267 1173 479 1218 Orithyzuab
493 1174 630 1205 Aurora
642 1172 825 1212 Memnon,

146 1226 188 1258 ab
210 1225 379 1270 anguibus
404 1224 548 1266 Medea,
580 1233 646 1258 etc.
665 1246 718 1251 —
742 1225 823 1257 Non

146 1286 340 1324 potuerunt
368 1279 410 1311 ab
443 1279 511 1311 alto
537 1277 676 1311 demitti
704 1277 761 1310 Dii
788 1277 824 1310 in

146 1331 292 1365 theatris
310 1331 462 1376 antiquae
483 1331 626 1364 Graeciae
647 1338 681 1363 et
704 1329 823 1363 Italiae.

147 1384 221 1418 Sub
242 1383 302 1418 dio
320 1385 416 1417 omni
435 1391 536 1417 erant
554 1383 691 1429 pulpita
705 1391 739 1416 et
756 1395 827 1416 sce-

147 1450 276 1472 narum
291 1445 472 1470 structurae
489 1445 522 1470 et
538 1436 635 1470 sedes
654 1444 825 1482 spectato-

148 1504 229 1524 rum
247 1516 256 1532 ‚
270 1489 310 1523 ad
333 1503 419 1536 quos
437 1489 603 1523 adversus
626 1498 749 1523 aestum
770 1502 826 1523 so-

148 1544 191 1577 lis
216 1542 459 1577 defendendos
483 1556 631 1589 expansa
647 1556 724 1576 sero
750 1543 826 1576 vela

149 1597 254 1630 fuisse
271 1605 406 1630 constat
425 1608 466 1630 ex
484 1595 589 1630 Ovid.
612 1605 646 1630 et
665 1597 826 1642 Propert.

151 1647 267 1689 (Vid.
306 1650 410 1684 etiam
441 1651 569 1683 Juven.
601 1651 674 1691 IV,
708 1649 791 1683 123.
816 1642 827 1693 )

152 1703 306 1736 Summis
320 1703 425 1748 igitur
439 1702 707 1736 demissionibus
723 1711 756 1736 et
772 1701 830 1736 (le-

152 1755 379 1789 ductionibus
400 1769 472 1789 non
493 1764 567 1789 erat
585 1756 693 1790 locus.
712 1756 762 1789 Ut
779 1755 830 1788 dii

153 1818 188 1843 et
210 1809 334 1843 heroes
362 1809 399 1842 in
421 1807 565 1842 sublimi
595 1817 831 1855 apparerent,

152 1862 303 1896 Romani
322 1862 374 1896 uti
391 1861 591 1896 debuerunt
610 1862 834 1908 pegmatibus

154 1915 192 1949 in
213 1928 315 1950 scena
338 1914 506 1949 adhibitis
522 1942 531 1957 ,
550 1927 701 1961 quorum
722 1915 832 1949 artifi-

155 1970 248 2003 cium
265 1969 301 2002 in
318 1981 360 2002 eo
375 1969 574 2014 ponebatur
589 1995 598 2011 ‚
613 1977 670 2011 ut,
686 1969 748 2002 ubi
767 1969 832 2001 im-

155 2022 262 2067 positi
277 2030 376 2055 erant
388 2021 438 2054 dii
455 2031 489 2055 et
503 2022 627 2055 heroes
637 2047 646 2064 ‚
662 2022 833 2068 plicatiles

155 2076 210 2108 hae
225 2084 259 2108 et
274 2074 452 2108 confixiles
469 2075 638 2109 machinae
657 2087 734 2121 quae
748 2088 834 2121 pau-

155 2128 254 2161 latim
273 2128 309 2160 in
328 2136 462 2162 tantum
482 2128 658 2174 fastigium
674 2141 834 2162 excreve-

157 2189 236 2215 rant
246 2207 256 2223 ‚
273 2180 474 2215 incredibili
485 2182 660 2215 celeritate
672 2181 836 2215 dissolve-

158 2242 283 2268 rentur
320 2234 356 2266 in
397 2234 478 2267 alias
519 2234 672 2268 subinde
707 2235 835 2268 formas

158 2295 379 2320 transeuntes
406 2284 566 2332 (raptare
593 2286 752 2332 pegma).
781 2288 834 2321 Cf.

158 2340 225 2376 hac
255 2339 299 2373 de
323 2352 360 2373 re
387 2340 556 2385 optimam
580 2341 750 2386 Bottigeri
771 2340 840 2374 dis-

159 2393 447 2427 sertatiunculam
462 2404 470 2426 :
488 2394 577 2426 Deus
592 2407 631 2426 ex
646 2394 789 2426 machina
807 2396 839 2427 in

161 2459 193 2478 re
221 2448 344 2479 scenica
387 2454 526 2479 veterum
539 2472 549 2487 ‚
583 2446 678 2492 Lips.
721 2448 813 2481 1800
829 2472 838 2487 ‚

161 2492 271 2540 iii-4⁰
287 2500 354 2533 ΕΙ).

217 2565 250 2586 2.
271 2552 344 2585 Non
357 2553 427 2596 fuit
446 2553 503 2585 hoc
520 2555 608 2586 artis.
627 2552 669 2586 Id
689 2565 761 2586 non
782 2565 839 2586 ac-

161 2604 247 2638 cidit
259 2618 322 2651 per
337 2605 525 2639 artificium
544 2606 814 2639 machinamenti
831 2632 839 2645 ,

163 2657 221 2692 sed
239 2670 302 2703 per
318 2671 471 2693 amorem
487 2669 673 2706 paternum
687 2659 785 2694 Jovis
803 2660 839 2693 in

881 1011 1134 1044 Domitianum.
1172 1009 1313 1055 Jupiter
1344 1007 1381 1041 in
1421 1015 1561 1040 taurum

882 1076 1070 1098 conversus
1085 1075 1150 1108 per
1165 1061 1280 1095 undas
1298 1060 1414 1095 fratris
1428 1061 1563 1105 Neptu-

882 1117 920 1150 ni
938 1117 1031 1151 vexit
1049 1117 1230 1161 Europen.
1253 1115 1357 1148 Nunc
1380 1112 1474 1147 idem
1498 1114 1562 1146 Ju-

883 1171 974 1216 piter
998 1171 1062 1203 sub
1077 1169 1188 1215 figura
1210 1168 1302 1202 tauri
1320 1167 1471 1213 fingitur
1496 1166 1563 1200 tol-

883 1225 955 1256 lere
970 1224 1006 1256 in
1018 1235 1133 1257 aerem
1147 1221 1294 1255 Alciden
1309 1233 1412 1254 suum
1428 1220 1539 1252 filium
1552 1245 1562 1260 ‚

884 1277 1128 1310 Domitianum
1154 1287 1282 1321 nempe
1298 1301 1307 1317 ‚
1334 1274 1395 1320 qui
1418 1286 1453 1306 se
1479 1273 1566 1305 Her-

884 1330 1001 1363 culem
1046 1327 1260 1374 praedicabat
1280 1353 1290 1369 ‚
1333 1327 1564 1372 habitumque

884 1383 958 1428 ejus
980 1382 1177 1422 affectavit,
1197 1389 1407 1427 gentemque
1430 1379 1566 1412 Flavia-

885 1448 965 1469 nam
992 1435 1119 1468 referri
1142 1434 1254 1468 voluit
1275 1432 1318 1467 ad
1340 1433 1505 1466 Reatinos
1531 1440 1566 1465 et

885 1489 1049 1522 comitem
1059 1487 1233 1521 Herculis.
1248 1486 1332 1520 Vid.
1348 1486 1441 1520 Suet.
1458 1487 1565 1531 Vesp.

891 1555 904 1575 1
917 1556 932 1575 2
943 1569 950 1576 .
969 1542 1061 1583 Alii,
1081 1550 1120 1575 ut
1136 1540 1349 1588 comparatio
1364 1539 1473 1585 magis
1487 1550 1570 1584 qua-

886 1595 989 1637 dret,
1016 1594 1217 1640 intelligunt
1253 1594 1370 1640 ipsum
1395 1592 1568 1626 Domitia-

887 1662 975 1682 num
1002 1649 1107 1682 fuisse
1133 1648 1313 1682 inclusum
1341 1647 1379 1680 in
1400 1647 1465 1679 hac
1494 1658 1568 1678 ma-

888 1702 991 1736 china
1025 1715 1105 1747 quae
1136 1701 1325 1735 Herculem
1355 1699 1499 1734 sustulit
1531 1699 1568 1731 in

888 1756 1036 1798 caelum,
1070 1754 1108 1788 id
1139 1763 1190 1788 est
1209 1781 1218 1797 ‚
1249 1754 1287 1787 in
1316 1751 1569 1798 amphitheatri

890 1808 1076 1854 fastigium.
1101 1809 1240 1842 Durum
1259 1815 1377 1841 tamen
1395 1807 1464 1839 hoc
1491 1817 1569 1839 sen-

888 1862 972 1903 tire,
992 1870 1025 1895 et
1037 1861 1276 1907 periculosum
1293 1859 1515 1906 Imperatori.

946 1915 980 1950 3.
997 1916 1157 1948 Fraterna
1175 1942 1184 1954 ,
1215 1923 1282 1947 etc.
1303 1912 1488 1958 Neptunia
1512 1923 1569 1944 re—

890 1980 955 2014 gna
969 1994 978 2009 ‚
999 1971 1119 2001 maria.
1140 1968 1328 2013 Neptunus
1349 1966 1444 2000 enim
1462 1966 1571 1998 frater

891 2021 1003 2055 Jovis.

947 2079 982 2115 4.
996 2072 1086 2108 Cod.
1101 2073 1315 2107 Vaticanus:
1329 2074 1359 2104 ἰη
1375 2080 1463 2104 astra
1473 2070 1572 2103 vehit.

950 2128 983 2161 5.
1000 2126 1115 2161 Codd.
1133 2135 1167 2160 et
1179 2125 1260 2160 edd.
1277 2134 1362 2159 vett.
1375 2124 1456 2158 Ald.
1471 2124 1560 2156 Junt

895 2181 1032 2227 Gryph.
1064 2181 1143 2214 Par.
1177 2180 1291 2214 Colin.
1326 2179 1418 2220 aliae,
1445 2178 1575 2210 habent

895 2235 1002 2278 conset·
1026 2246 1107 2266 nunc
1126 2241 1254 2265 stemma
1267 2233 1414 2277 juventus
1428 2244 1439 2264 :
1462 2231 1509 2263 ita
1524 2230 1574 2262 le-

896 2288 945 2333 git
971 2287 1155 2321 Salmasius
1178 2299 1244 2331 pro
1265 2294 1410 2330 stegma;
1429 2284 1478 2318 sio
1497 2291 1576 2316 tau-

897 2353 977 2374 rum
996 2340 1100 2373 illum
1120 2347 1221 2373 vocat
1240 2339 1303 2384 qui
1323 2339 1450 2371 Jovem
1472 2336 1576 2374 tulit;

899 2396 1023 2438 στέγειν
1041 2393 1135 2426 enim
1152 2400 1202 2426 est
1221 2392 1313 2425 ferre
1335 2400 1370 2425 et
1387 2391 1579 2430 sustinere3

899 2445 995 2480 unde
1013 2447 1144 2491 στέγμα
1157 2470 1166 2482 ,
1191 2444 1287 2491 quod
1306 2443 1439 2491 aliquid
1459 2444 1526 2477 fert
1546 2451 1580 2476 et

898 2499 1055 2533 sustinet.
1082 2499 1220 2533 Caesaris
1239 2507 1333 2545 atque
1358 2499 1447 2531 Jovis
1473 2497 1581 2539 confer

900 2566 980 2586 nunc
996 2566 1133 2585 scamma
1146 2565 1157 2585 .·
1169 2554 1296 2596 juvenci.
1312 2553 1382 2585 Par
1397 2564 1474 2584 onus
1485 2577 1494 2590 ‚
1513 2558 1577 2582 etc.

900 2607 992 2651 conj.
1020 2606 1201 2639 Marcilius
1226 2618 1234 2639 :
1257 2605 1444 2647 tralatitie,
1464 2602 1580 2648 inquit

901 2673 1036 2692 scamma
1067 2672 1131 2705 pro
1151 2659 1336 2694 intervallo
1349 2685 1358 2700 ‚
1380 2659 1452 2694 sive
1470 2656 1580 2702 spatis:
