2061 3288
482 232 1063 277 EPIGRAMMATUM
1101 234 1225 278 LIB.
1265 236 1297 278 I.
1497 235 1588 282 115

321 319 523 364 Custodit
552 322 642 381 ipse
670 321 846 380 virginis
873 332 997 382 pater
1023 322 1207 373 chartae,

323 391 435 448 Quae
464 391 562 434 trita
586 391 697 435 duro
721 407 808 435 non
838 392 1055 437 inhorruit
1082 403 1241 437 mento.

324 461 500 505 Mutare
529 461 755 506 dominum
783 479 871 506 non
896 473 1040 524 potest
1064 462 1172 507 liber
1196 474 1336 509 notus.

324 531 409 575 Sed
439 533 659 593 pumicata
689 532 833 577 fronte
859 535 893 577 si
922 534 1017 595 quis
1041 544 1104 578 est
1130 535 1323 579 nondum
1340 569 1351 589 ,
1562 564 1591 579 10

322 602 416 646 Nec
447 602 661 647 umbilicis
686 602 851 656 cultus,
876 613 1005 665 atque
1030 605 1284 649 membrana
1307 641 1318 661 ,

322 673 523 718 Mercare
545 690 553 716 :
580 673 684 718 tales
714 674 880 732 habeo;
909 691 988 719 nec
1018 677 1125 721 sciet
1148 676 1388 737 quisquam.

181 811 447 847 asservabantur
459 836 468 852 ,
487 811 576 845 Plin.
599 811 669 844 VII
681 837 690 853 ,
714 812 772 846 25.
791 813 858 846 En.

236 877 271 910 7.
288 865 444 909 Virginis.
459 864 480 897 J
484 864 589 898 unius
603 865 678 897 vult
690 864 859 911 virginem

183 917 340 952 chartam
357 929 448 960 esse,
468 930 508 950 ex
522 930 589 963 qua
605 918 744 951 nullum
763 925 858 952 tran-

182 971 352 1017 scriprum
372 979 423 1004 est
441 971 637 1015 exemplam
654 969 747 1004 edita
766 972 859 1005 enim

183 1024 395 1070 exemplaria
424 1023 522 1069 quasi
546 1032 666 1068 partus
693 1033 774 1058 sunt
800 1036 858 1057 co-

184 1076 288 1118 dicis,
310 1089 418 1110 manu
438 1084 551 1122 poetae
572 1076 702 1122 scripti.
723 1077 790 1110 En.
845 1112 847 1114 ,

238 1132 271 1165 8.
299 1131 381 1174 Quae
404 1132 478 1161 trita
501 1129 597 1169 duro,
616 1138 682 1163 etc.
709 1130 762 1163 Sic
785 1130 859 1164 Sal-

183 1184 312 1217 masius
325 1183 472 1228 explicat
483 1182 576 1216 hunc
591 1182 726 1216 locum:
742 1183 860 1224 Quum

184 1236 340 1281 legerent
360 1236 557 1269 chartarum
586 1235 764 1268 volumina
789 1237 858 1269 Ro-

184 1289 281 1322 mani
298 1315 307 1329 ‚
341 1297 477 1333 partein
516 1286 630 1321 adhuc
666 1288 859 1323 involutam

184 1341 539 1386 mentosubjiciebant
551 1367 560 1382 ,
572 1341 764 1386 primorem
775 1353 858 1375 vero

183 1403 318 1440 partem
351 1392 501 1427 subinde
528 1393 755 1438 explicantes,
787 1407 859 1428 am·

184 1449 294 1481 babus
309 1447 473 1480 tenebant
488 1447 664 1487 manibus,
683 1447 859 1492 legebant·

185 1513 253 1546 que
268 1512 276 1534 :
293 1500 341 1533 sio
353 1508 473 1533 mento
487 1500 604 1533 attrita
616 1523 626 1538 ,
644 1499 753 1546 pilosa
772 1513 858 1546 qua-

184 1553 266 1588 dam
285 1552 449 1598 lanugine
470 1552 637 1586 horrebat
660 1552 798 1595 charta,
820 1562 859 1587 ut

184 1607 226 1640 fit
245 1605 341 1652 apud
359 1619 423 1639 nos
445 1606 481 1639 in
503 1605 602 1639 libris
621 1605 745 1639 vetulis
770 1618 859 1653 saepe

186 1672 224 1693 ac
246 1658 308 1693 diu
331 1671 438 1692 manu
466 1659 605 1692 lectoris
627 1659 784 1692 evolutis.
808 1682 859 1687 --

187 1713 303 1746 Potest
330 1724 473 1757 quoque
501 1711 648 1755 intelligi
671 1711 728 1745 hic
755 1712 859 1746 locus

185 1764 230 1798 de
250 1764 352 1798 basiis
374 1777 450 1810 quae
470 1772 585 1809 captat
606 1764 752 1797 libellus.
773 1764 857 1798 Vid.

185 1830 291 1864 supra
305 1817 415 1863 epigr.
428 1830 477 1858 tv,
487 1830 519 1850 v.
533 1830 551 1861 7
567 1831 576 1857 3
593 1816 654 1850 lib.
665 1817 736 1857 IV,
748 1818 858 1863 epigr.

187 1882 354 1912 Lxxxv113
377 1870 438 1903 lib.
462 1870 512 1910 X,
532 1870 641 1915 epigr.
663 1882 774 1912 xcni3
798 1871 858 1904 lib.

187 1925 294 1965 XIV,
317 1924 423 1970 epigr.
445 1934 586 1956 Lxxxu:

244 1989 296 2010 10.
330 1976 395 2010 Sed
420 1979 581 2021 pumicata
608 1976 726 2017 *li-onte.
763 1976 859 2009 Libri

185 2028 860 2070 olimradebantur,circumcidebantur,

185 2084 339 2128 itemque
349 2082 489 2128 pumice
497 2081 754 2126 laevigabantur.
771 2084 860 2116 Ante

188 2137 366 2169 inventam
398 2135 699 2168 circumcisionem
732 2131 787 2173 (la
808 2148 858 2167 ro-

186 2186 310 2233 gnure)
330 2188 440 2221 libros
455 2187 558 2220 fuisse
575 2190 768 2232 pumicatos,
792 2188 858 2221 hoc

188 2251 238 2275 est
261 2241 399 2287 pumice
420 2240 549 2285 politos
561 2266 569 2280 ‚
585 2248 730 2274 testatur
745 2240 856 2274 Isido-

189 2307 246 2328 rus
258 2320 265 2334 ‚
282 2294 334 2326 VI
352 2319 361 2334 ‚
385 2306 415 2326 2.
437 2293 568 2326 Pumex
586 2293 678 2326 enim
692 2290 703 2331 (
716 2294 746 2325 la
755 2296 857 2338 pierre

183 2341 306 2391 ponoe)
340 2354 412 2379 erat
439 2346 525 2390 lapis
551 2357 759 2379 cavernosus
787 2359 856 2392 quo

188 2411 335 2444 corpora
361 2398 566 2443 laevigabant
588 2399 752 2439 Veteres,
772 2407 858 2432 teste

189 2452 338 2491 ovidio,
359 2453 375 2484 I
388 2478 396 2492 ,
417 2451 459 2484 de
476 2452 560 2484 Arte
579 2450 747 2484 Amandi:
771 2470 784 2480 ιι
803 2453 856 2484 Ne

189 2514 249 2539 tua
268 2503 423 2538 mordaci
440 2504 578 2550 pumice
597 2517 698 2538 crura
719 2513 820 2538 teras.
842 2523 854 2534 »ι

189 2557 324 2592 Deinde
336 2558 372 2591 in
388 2558 464 2591 aliis
481 2558 583 2591 etiam
599 2558 701 2590 rebus
718 2570 757 2590 ac
778 2570 857 2590 cum

190 2611 312 2655 primis
327 2611 363 2644 in
380 2611 476 2644 libris
491 2609 664 2655 poliendis
677 2635 686 2651 2
707 2611 860 2656 pumices

191 2672 402 2709 usurparunt
415 2685 424 2700 7
439 2672 522 2696 teste
536 2663 648 2696 Plinio
660 2688 668 2702 ,
691 2664 716 2696 ἶ
726 2664 842 2697 XXVI
853 2691 860 2702 ‚

923 825 979 846 21.
1001 812 1188 858 Speciatim
1206 814 1339 848 frontes
1363 815 1506 860 pumice
1530 828 1595 862 po·

917 865 1114 908 liehantur;
1136 865 1233 912 quod
1257 874 1402 901 testatur
1423 867 1597 914 Ovidius,

916 918 1023 952 Trist.
1042 920 1059 952 1
1071 945 1080 961 ,
1099 919 1184 965 eleg.
1210 931 1224 953 1
1245 932 1253 953 :
1275 937 1288 950 α
1307 920 1382 954 Nec
1400 921 1514 967 fragili
1536 935 1594 969 ge-

917 971 1020 1005 minae
1050 972 1229 1017 poliantur
1267 973 1406 1019 pumice
1443 975 1598 1019 frontes,

918 1024 1081 1058 Hirsutus
1093 1026 1219 1070 sparsis
1233 1034 1272 1060 ut
1284 1025 1426 1060 videare
1439 1028 1559 1062 comis.
1579 1047 1593 1059 n

918 1077 1022 1110 Conf.
1058 1077 1357 1122 pereruditissima
1388 1080 1455 1114 Cu.
1477 1082 1590 1116 Gorr.

918 1129 1119 1164 Scumnzn
1138 1129 1336 1165 dissertatio
1357 1133 1392 1165 II
1410 1158 1420 1174 ‚
1442 1133 1480 1166 de
1498 1148 1592 1167 ornu-

919 1186 1027 1216 menlis
1040 1183 1206 1225 librorum,
1224 1198 1258 1230 p.
1277 1185 1345 1227 80,
1366 1186 1460 1231 Lips.
1481 1188 1592 1232 1756,

919 1230 1029 1276 ἱππ-40.
1052 1237 1117 1270 En.

975 1301 1028 1322 11.
1054 1290 1122 1322 Nec
1145 1289 1297 1322 umbilicis
1320 1291 1432 1325 cultus.
1455 1291 1495 1325 Id
1522 1301 1588 1333 est,

916 1342 1053 1375 bacillis
1081 1341 1233 1376 cedrinis
1261 1343 1314 1376 vel
1340 1344 1462 1378 buxeis
1488 1359 1592 1391 super

917 1407 1006 1439 quos
1048 1395 1258 1428 membranae
1298 1397 1562 1432 involverentur
1582 1412 1590 1433 :

917 1447 1042 1493 quibus
1064 1448 1099 1480 in
1119 1448 1284 1481 volumen
1302 1450 1516 1495 complicatis
1530 1477 1538 1493 ‚
1554 1452 1592 1486 in

916 1499 1034 1533 medio
1048 1501 1225 1546 utrimque
1237 1503 1427 1547 apparebat
1435 1503 1568 1549 lignum
1580 1531 1589 1544 ,

917 1562 950 1587 et
963 1552 1044 1587 ideo
1058 1553 1240 1587 dicebatur
1255 1554 1486 1590 similitudine
1506 1570 1592 1603 qua-

916 1605 996 1639 dam
1015 1607 1175 1640 umbilicus
1192 1620 1204 1639 .·
1223 1614 1257 1640 et
1273 1619 1383 1653 quum
1404 1609 1432 1641 is
1450 1622 1523 1643 non
1544 1624 1594 1645 as-

916 1668 1073 1693 sueretur
1098 1660 1324 1700 membranis,
1343 1660 1410 1694 nisi
1431 1670 1467 1695 et
1484 1675 1591 1709 opere

914 1714 984 1757 jam
1006 1712 1182 1753 absoluto,
1205 1713 1289 1745 hinc
1309 1722 1428 1747 natum
1447 1728 1592 1761 prover—

916 1765 1034 1802 bium,
1057 1767 1102 1798 ad
1126 1766 1304 1798 umbilicum
1330 1767 1523 1811 perducere,
1554 1770 1591 1804 id

917 1826 966 1851 est
982 1845 990 1859 ,
1029 1818 1185 1851 absolvere
1226 1819 1370 1852 librum.
1405 1821 1591 1857 Umbilicis

918 1879 1032 1904 autem
1051 1871 1146 1916 affigi
1165 1871 1323 1905 solebant
1344 1873 1495 1918 capitula
1514 1887 1593 1909 cor·

916 1936 1000 1966 nea,
1020 1936 1114 1957 ossea
1127 1951 1135 1963 ‚
1166 1924 1219 1957 vel
1247 1924 1420 1966 eburnea,
1448 1936 1592 1962 ornatus

917 1989 1038 2017 causa,
1067 1989 1142 2022 quae
1177 1977 1382 2022 plerumque
1414 1979 1591 2015 coloribus

918 2029 1150 2074 pingebantur
1171 2038 1204 2063 et
1219 2030 1433 2064 vocabantur
1445 2044 1588 2068 cornua.

917 2083 969 2115 Ita
982 2083 1204 2115 Ramiresius.
1217 2104 1270 2108 —
1282 2083 1389 2129 Atque
1399 2085 1589 2121 membrana.

917 2136 1122 2168 Membrana
1134 2135 1268 2168 bicolor
1280 2148 1297 2167 a
1312 2136 1430 2170 Persio
1442 2136 1571 2172 dicitur
1580 2167 1590 2182 ‚

917 2189 999 2234 quia
1017 2189 1209 2221 introrsum
1227 2187 1377 2222 candida
1397 2199 1469 2224 erat
1493 2188 1589 2237 (qua

917 2250 1013 2287 parte
1031 2238 1273 2280 scribebatur)
1289 2267 1298 2282 ‚
1320 2251 1515 2276 extrorsum
1533 2257 1589 2278 au-

917 2304 984 2328 tem
1017 2293 1147 2328 croceo*
1173 2294 1228 2327 vel
1261 2306 1438 2340 purpureo
1471 2297 1588 2331 colore

915 2348 1059 2381 imbuta.

974 2413 987 2433 1
1000 2413 1031 2432 2.
1052 2400 1195 2433 Mera-are
1217 2400 1293 2431 tales
1321 2399 1360 2431 ab
1385 2413 1419 2432 eo
1441 2415 1494 2434 nec
1515 2406 1591 2436 sciet

920 2455 1078 2498 quisquam
1107 2453 1141 2485 in
1168 2451 1247 2484 Ald.
1283 2452 1382 2485 Junt.
1410 2455 1525 2489 Colin,
1554 2467 1587 2490 et

921 2506 995 2538 aliis
1013 2514 1094 2538 vett.
1115 2505 1190 2537 abeo
1208 2505 1338 2538 habent
1356 2504 1457 2540 codd.
1479 2508 1587 2543 Palat.

919 2558 1016 2590 liabeo
1038 2557 1114 2592 cod.
1139 2559 1217 2591 Put.
1237 2557 1329 2591 unde
1351 2558 1522 2594 Heraldus
1541 2563 1589 2596 sic

919 2610 1142 2644 scribendum
1166 2619 1264 2655 putat
1287 2624 1294 2642 ε
1321 2611 1462 2645 Mercari>
1487 2615 1587 2651 lalus,-

921 2664 1016 2696 habco
1026 2678 1036 2698 .·
1048 2678 1101 2696 uec
1114 2668 1187 2696 sciet
1198 2666 1368 2709 quisquam.
1384 2665 1588 2701 Scriverius:

1294 2736 1348 2777 32
