2061 3288
453 244 1037 289 EPIGRAMMATUM
1075 242 1202 286 LIB.
1243 240 1275 282 I.
1478 233 1568 281 155

747 399 974 457 CVIII.

549 548 617 576 ΑΙ)
657 548 870 578 LUCIUM
909 524 1169 577 summm*

230 675 358 718 SAEPF,
387 672 495 716 mihi
521 672 651 727 dicis,
678 672 788 718 Luci
816 672 1051 718 clarissime
1079 670 1192 726 Juli,

301 743 451 788 Scribe
481 742 643 804 aliquid
672 761 880 805 magnum
906 761 914 787 :
942 742 1181 787 desidiosus
1210 742 1344 785 homo
1376 757 1432 784 es.

231 815 335 859 Otia
360 814 416 858 da
441 814 592 871 nobis;
621 815 695 858 sed
720 814 864 876 qualia
892 814 1055 859 fecerat
1079 812 1182 857 olim

302 886 522 930 Maecenas
549 885 728 942 Flacco,
747 888 786 930 V
791 885 1019 948 irgilioque
1048 901 1126 929 suo
1147 901 1155 927 :

233 956 435 1001 Condere
460 957 651 1001 victuras
678 967 841 1001 tentem
870 974 949 1018 per
975 955 1131 1001 saecula
1157 971 1284 1000 curas
1300 990 1312 1010 ,

302 1029 361 1071 Et
388 1044 549 1071 nomen
578 1028 766 1072 flammis
794 1029 1003 1090 eripuisse
1034 1043 1194 1071 meum.

233 1099 285 1141 In
317 1097 483 1142 steriles
512 1115 691 1159 campos
716 1098 873 1143 nolunt
897 1099 1004 1160 juga
1031 1098 1144 1142 ferre
1166 1097 1344 1157 juvenci
1369 1113 1377 1139 :

305 1169 472 1230 Pingue
504 1168 644 1213 solum
675 1169 832 1226 lassat,
862 1170 936 1214 sed
960 1170 1086 1230 juvat
1115 1170 1208 1230 ipse
1239 1167 1373 1212 labor.

207 1302 422 1340 *Martialem
434 1307 639 1341 hortabatur
646 1307 776 1341 Lucius
785 1308 847 1340 Ju-

166 1361 234 1394 lius
247 1386 256 1402 ‚
275 1368 315 1393 ut
337 1361 468 1394 relictis
488 1361 593 1406 nugis
608 1386 617 1402 ,
638 1361 775 1394 altiores
793 1373 847 1394 ca-

165 1421 319 1460 pesseret
341 1414 485 1459 spiritus
498 1439 509 1458 ,
529 1414 683 1447 carmina
703 1414 756 1448 vel
776 1422 846 1447 tra-

167 1467 264 1512 gica,
291 1467 348 1500 vel
375 1468 504 1513 lyrica,
532 1467 587 1501 vel
618 1468 722 1501 etiam
749 1467 847 1513 epica

167 1519 388 1554 conditurus.
420 1519 624 1566 Respondet
651 1521 782 1554 Poeta:
812 1520 847 1553 Si

173 1585 230 1606 me
268 1573 484 1619 locupletare
521 1574 572 1608 vis
606 1582 646 1607 ut
678 1575 848 1608 Maecenas

169 1625 362 1671 Virgilium
379 1653 388 1668 ‚
417 1627 625 1673 futurasque
650 1640 743 1661 meas
760 1626 849 1673 vigi-

171 1679 233 1712 lias
281 1686 351 1712 tam
387 1680 551 1713 munifice
596 1693 823 1714 remunerare
840 1705 849 1721 ,

171 1741 211 1765 ut
234 1731 368 1765 nullam
393 1732 495 1766 aliam
519 1746 624 1778 quam
649 1733 852 1779 magnificos

171 1797 292 1818 versus
318 1785 495 1819 scribendi
524 1786 673 1820 habeam
704 1799 850 1826 curam,

173 1837 327 1872 scribere
346 1847 489 1883 paratus
507 1851 596 1873 sum.
617 1840 798 1885 Namque,
812 1847 853 1872 ut

174 1892 223 1925 ait
236 1891 415 1925 Juvenalis
427 1919 436 1932 ‚
453 1892 523 1925 Sat.
538 1893 648 1926 VIII:
664 1893 854 1926 «.....Satur

175 1952 246 1984 est,
279 1957 387 1990 quum
414 1944 501 1978 dicit
529 1945 693 1979 Horatius¹
718 1959 725 1980 2
755 1945 853 1978 Ohe!

176 1997 264 2038 Quis
288 1998 386 2032 loeus
408 1998 570 2043 ingenio,
595 1999 662 2032 nisi
685 2012 797 2044 quum
820 2011 856 2032 se

176 2050 332 2083 carmine
354 2052 429 2084 solo
458 2053 619 2091 Vexant‚
643 2061 677 2086 et
700 2052 856 2085 dominis

178 2103 314 2137 Cirrhoe
339 2104 501 2150 Nisaeque
523 2106 686 2139 feruntur
711 2107 857 2139 Pectora

177 2165 296 2190 nostra
312 2155 399 2190 duas
411 2170 482 2190 non
496 2157 716 2192 admittentia
732 2158 859 2192 curas?

179 2209 314 2255 Magnae
334 2210 460 2243 mentis
477 2223 582 2256 opus,
603 2224 666 2246 nec
683 2211 727 2245 de
743 2212 858 2246 lodice

180 2262 336 2308 paranda
351 2263 534 2305 Attonitae,
552 2276 680 2298 currus
700 2273 735 2298 et
751 2277 858 2311 equos

181 2315 355 2361 faciesque
386 2317 542 2349 Deorum
571 2316 788 2363 Adspicere,
825 2327 859 2351 et

181 2369 293 2414 qualis
320 2369 494 2402 Rutulum
525 2369 720 2404 confundat
752 2371 859 2403 Erin-

182 2434 270 2467 nys,
294 2431 359 2455 etc.
380 2431 447 2457 etc.
469 2439 482 2452 ι
509 2423 577 2456 En.

242 2488 274 2508 1.
292 2477 373 2508 Luci
387 2477 543 2508 carissime
561 2476 635 2509 Tali
650 2476 749 2510 Junt.
768 2489 859 2510 anno

190 2527 298 2561 1512.
330 2529 410 2561 Luci
434 2531 591 2561 carissime
620 2529 688 2561 Juli
714 2529 751 2562 in
779 2529 858 2563 Ald.

185 2580 300 2613 Colin.
330 2581 470 2627 Gryph.
498 2590 532 2615 et
560 2582 635 2615 aliis
665 2581 748 2615 edd.
776 2591 860 2616 vett.

187 2645 262 2678 quae
284 2641 334 2666 est
350 2635 454 2668 lectio
473 2636 635 2668 omnium
652 2634 756 2668 codd.

245 2687 275 2721 3.
292 2688 371 2719 Otia
380 2688 421 2720 da
435 2688 531 2722 nobis.
542 2687 744 2734 Respondet
754 2689 860 2722 Poeta

906 1306 1067 1340 alludens
1095 1305 1139 1340 ad
1164 1306 1308 1351 Virgilii
1338 1305 1492 1350 eclogam
1514 1305 1587 1350 pri-

906 1373 1018 1399 mam,
1045 1372 1080 1392 v.
1110 1363 1130 1393 6
1155 1372 1163 1393 :
1192 1377 1205 1389 ι
1230 1360 1260 1392 O
1286 1359 1469 1392 Meliboee!
1494 1360 1588 1392 Deus

906 1413 1008 1446 nobis
1037 1413 1111 1446 haec
1139 1413 1209 1445 otia
1237 1412 1329 1445 fecit.
1347 1430 1363 1441 ‚2
1387 1433 1439 1437 -——
1466 1412 1588 1455 Qualia

898 1467 1034 1509 fecerat.
1062 1467 1233 1499 Maecenas
1260 1465 1487 1511 locupletavit
1515 1466 1588 1498 Ho-

907 1519 1035 1552 ratium
1048 1527 1082 1552 et
1094 1519 1298 1565 Virgilium.
1309 1518 1393 1552 Vid.
1408 1518 1469 1551 lib.
1485 1519 1592 1559 VIII,

909 1572 1022 1618 epigr.
1037 1585 1097 1606 LVI
1109 1585 1160 1614 ‚v.
1177 1574 1194 1606 5
1210 1584 1218 1605 :
1239 1590 1252 1602 κ
1269 1573 1347 1606 Sint
1364 1572 1589 1612 Maecenates,

908 1639 980 1659 non
1000 1625 1150 1659 deerunt
1163 1650 1173 1666 ‚
1194 1626 1336 1668 Flacce,
1357 1625 1532 1658 Marones.
1550 1642 1563 1654 n

965 1680 998 1713 5.
1014 1679 1084 1712 Alii
1098 1680 1220 1725 legunt
1233 1680 1371 1711 chartas.
1397 1678 1479 1711 «Sic
1495 1679 1590 1723 lego,

909 1745 980 1766 non
1001 1746 1104 1765 curas.
1126 1734 1218 1765 Raro
1241 1731 1329 1765 adeo
1349 1744 1430 1765 vera
1451 1739 1485 1764 et
1500 1732 1590 1764 inta-

910 1786 1040 1819 minata
1062 1786 1232 1819 Martialis
1258 1785 1429 1819 vocabula
1453 1786 1489 1818 in
1515 1785 1592 1830 ipso

911 1846 1078 1873 contextu
1112 1838 1280 1873 invenias.
1307 1856 1321 1868 ι
1362 1838 1504 1871 Colerus.
1541 1859 1594 1863 -—-

914 1892 1029 1925 Caras.
1051 1892 1109 1925 Sic
1125 1892 1185 1925 lib.
1206 1893 1280 1933 ΠΙ,
1299 1891 1504 1937 epigramm.
1523 1904 1567 1924 xx
1583 1916 1592 1931 ‚

913 1958 946 1978 v.
971 1957 987 1977 2
1008 1957 1016 1978 :
1037 1960 1049 1972 «
1069 1945 1246 1978 Utrumne
1265 1945 1392 1978 chartis
1415 1943 1520 1977 tradit
1534 1944 1592 1976 ille

912 1996 1056 2031 victuris
1090 1997 1252 2043 Legenda
1286 2006 1486 2043 temporum
1517 2005 1592 2030 acta

914 2050 1215 2084 Claudianorum?
1238 2068 1250 2080 u
1274 2049 1380 2083 Unde
1400 2051 1521 2095 legunt
1536 2049 1592 2082 alii

914 2105 1067 2144 cl1‹n·tas;
1085 2103 1146 2138 sed
1167 2105 1265 2137 male.
1285 2104 1352 2137 En.

971 2159 1004 2190 fi.
1025 2158 1074 2190 Et
1097 2170 1205 2190 nomen
1220 2158 1376 2203 flammis.
1402 2156 1489 2200 Rogi
1518 2156 1594 2189 scil.

915 2218 949 2244 et
977 2210 1132 2251 funeris,
1162 2210 1201 2243 id
1229 2219 1298 2251 est,
1332 2218 1505 2255 superstes
1535 2221 1595 2242 ero

917 2276 1000 2297 meae
1025 2263 1156 2304 morti,
1179 2276 1258 2304 seu,
1278 2275 1398 2296 versus
1424 2263 1494 2295 mei
1521 2275 1593 2295 non

916 2317 1084 2362 peribunt
1098 2343 1107 2358 ‚
1128 2329 1257 2362 nempe
1280 2317 1308 2349 si
1329 2315 1418 2349 mihi
1436 2315 1506 2348 otia
1534 2314 1595 2349 de-

917 2369 1026 2410 deris,
1051 2379 1116 2403 etc.
1142 2369 1227 2403 Vid.
1254 2369 1314 2402 lib.
1336 2370 1386 2410 X,
1410 2368 1518 2414 epigr.
1546 2382 1595 2409 11,

917 2436 951 2456 v.
974 2436 993 2467 7
1008 2436 1016 2464 ;
1031 2421 1103 2456 vid.
1130 2435 1269 2468 quoque
1297 2422 1482 2455 Horatium
1497 2448 1506 2463 ‚
1532 2422 1596 2456 lib.

919 2477 972 2509 III
987 2502 995 2517 ‚
1019 2475 1076 2510 od.
1099 2476 1213 2509 ultim.

972 2530 1005 2562 8.
1026 2530 1151 2574 Pingue
1168 2529 1281 2563 solum.
1303 2529 1500 2574 Operosum
1517 2540 1596 2561 sanc

920 2592 969 2617 est
983 2595 1081 2616 arare
1093 2609 1102 2623 ‚
1119 2583 1267 2616 maxime
1283 2595 1366 2615 vero
1387 2582 1499 2615 solum
1517 2581 1596 2627 pin-

918 2648 1006 2681 gue;
1024 2644 1057 2668 at
1074 2636 1271 2669 fructuosus
1292 2635 1350 2668 ille
1369 2635 1466 2668 labor
1487 2635 1597 2680 placet

920 2689 1104 2734 agricolae:
1127 2689 1172 2722 ita
1202 2688 1345 2722 difficile
1374 2687 1517 2734 quidem
1547 2696 1596 2720 est
