2061 3288
460 195 557 250 448

838 195 901 237 Μ.
926 195 1069 239 VAL.
1109 194 1502 239 MARTIALIS

597 281 740 326 Fluxit
764 283 806 325 in
833 282 1083 326 obstantem
1113 283 1290 327 succina
1316 300 1489 345 gemma
1513 283 1677 341 feram3

528 354 639 411 Quae
660 353 765 397 dum
788 353 973 397 miratur
996 354 1147 415 pingui
1170 370 1216 398 se
1239 369 1338 398 rore
1360 355 1524 411 teneri,

599 426 820 469 Concreto
846 425 978 486 riguit
1003 425 1150 468 vincta
1177 434 1358 486 repente
1384 423 1495 486 gelu.

528 497 597 540 Nc
620 495 700 539 tibi
725 494 859 556 regali
885 494 1083 556 placeas,
1107 497 1367 557 Cleopatra,
1394 494 1616 557 sepulcro;
1862 516 1875 539 5

599 567 764 626 Vipera
795 567 830 610 si
857 565 1027 610 tumulo
1058 565 1272 611 nobiliore
1297 567 1426 627 jacet.

459 708 564 754 pebat
586 706 706 752 vipera
726 719 790 752 per
810 718 927 739 ramos
944 705 1140 740 madentes.

459 760 710 793 -IIeliadmn.
740 760 884 793 Sorores
911 759 1141 793 Phaethontis

458 812 622 847 Heliades
657 814 896 854 vocabantur,
929 812 1010 857 quia
1042 820 1143 846 erant

460 867 540 900 ffliae
560 866 650 900 Solis
668 866 728 912 qui
746 878 764 898 a
786 866 919 899 Graecis
938 859 1030 904 ᾗλιος
1053 864 1141 898 dici-

462 929 531 953 tur.
548 919 678 953 Fratris
690 931 806 952 casum
815 918 983 952 deflentes
997 917 1040 952 ad
1053 918 1140 952 Padi

461 974 557 1019 ripas
570 996 580 1013 ‚
603 973 639 1006 in
656 973 809 1019 populos
827 984 1001 1005 conversae
1019 972 1117 1005 fuere
1131 997 1141 1014 ,

460 1039 609 1073 quarum
631 1039 650 1060 e
673 1026 778 1059 ramis
805 1025 931 1059 defluit
951 1025 1142 1067 electrum,

461 1079 557 1126 quod
576 1091 695 1113 earum
717 1079 889 1124 lacrymas
911 1091 982 1112 esse
1004 1078 1144 1123 fingunt

461 1142 586 1180 poetre.
613 1131 707 1165 Vide
729 1145 825 1178 supr.
855 1131 966 1177 epigr.
989 1144 1071 1170 xxv,
1092 1145 1142 1165 vs.

465 1200 502 1227 2,
524 1196 558 1220 et
576 1186 685 1232 epigr.
703 1198 822 1225 xxxu,
842 1198 894 1219 vs.
912 1198 924 1218 1
936 1211 944 1219 .
958 1205 1010 1212 —-
1027 1185 1143 1230 Serpit.

463 1240 611 1286 Serpere
631 1239 800 1273 dicuntur
816 1238 978 1272 animalia
992 1251 1069 1284 quae
1086 1250 1146 1284 pe-

463 1292 570 1326 dibus
605 1301 749 1334 carent,
781 1304 904 1338 repere
932 1304 1009 1337 quae
1037 1291 1145 1338 pedes

462 1347 593 1380 habent
628 1345 843 1379 brevissimis
882 1345 1043 1378 cruribus
1061 1367 1071 1384 ‚
1108 1353 1146 1378 ut

462 1401 611 1434 lacertae.
631 1400 794 1433 Nostram
809 1399 914 1444 igitur
930 1411 1009 1432 cum
1027 1399 1145 1431 Rami-

465 1454 556 1487 resio
589 1453 807 1498 praetulimus
842 1452 1044 1485 lectionem.
1074 1452 1145 1485 En.

521 1520 552 1540 2.
584 1507 626 1539 In
646 1504 879 1551 quibusdam,
902 1513 997 1549 gutta
1011 1506 1118 1548 seram
1134 1531 1143 1544 ‚

464 1567 503 1593 ut
534 1560 597 1593 lib.
626 1559 701 1600 VI,
731 1559 840 1604 epigr.
869 1571 926 1599 xv,
948 1570 999 1591 vs.
1031 1571 1065 1591 2.
1094 1579 1147 1584 —-

465 1614 497 1646 F
498 1614 581 1645 lum
597 1615 628 1645 in
645 1612 830 1645 obstantem.
845 1611 950 1644 Forte
969 1619 1042 1644 erat
1058 1623 1147 1656 opus

464 1675 537 1699 arte
559 1666 689 1698 factum
705 1691 713 1706 ,
729 1664 827 1711 quod
846 1663 889 1697 ad
905 1677 1022 1698 casum
1039 1665 1148 1697 refert

464 1720 571 1752 Poeta
590 1731 599 1760 ;
635 1719 794 1764 quamvis
833 1726 948 1751 tamen
984 1717 1147 1750 animalia

464 1773 573 1805 multa
586 1798 594 1814 ,
611 1771 670 1805 sed
687 1773 808 1818 vipera
835 1771 990 1812 minora,
1010 1769 1147 1803 includi

465 1827 576 1859 solere
598 1826 634 1858 in
660 1826 789 1858 electro
816 1823 1010 1857 dixerimus
1036 1824 1145 1869 epigr.

463 1891 567 1912 xxxu
590 1892 687 1924 supr.
711 1879 771 1911 ubi
792 1876 874 1911 vide
897 1890 975 1923 quae
1001 1876 1147 1910 adnota-

463 1933 588 1966 ximus.
610 1933 676 1965 ΕΒ.
702 1953 754 1958 -—
784 1931 983 1964 Obstantem.
1011 1931 1063 1963 Ex
1086 1929 1146 1963 ad-

464 1998 560 2019 versa
578 1993 675 2032 parte
692 1985 739 2017 ita
759 1992 1065 2025 occurrentem‚ut
1079 1984 1147 2016 ele-

465 2048 580 2072 ctrum
594 2038 659 2071 nisi
674 2038 710 2071 in
723 2038 833 2083 ipsam
845 2037 956 2071 fluere
971 2037 1145 2082 nequiret.

465 2093 532 2125 El).
553 2112 604 2119 -—-
624 2091 759 2125 Succina
778 2105 914 2136 gemma.
936 2092 987 2124 De
1003 2090 1146 2123 succino

464 2146 606 2191 copiose
637 2144 810 2186 diximus,
838 2145 900 2178 lib.
931 2144 1005 2185 HI,
1035 2143 1145 2188 epigr.

466 2212 534 2232 va
548 2225 556 2239 ‚
578 2211 627 2231 vs.
653 2199 686 2232 5.
704 2198 771 2230 En.
796 2219 848 2224 —-
869 2197 1011 2231 Gemma.
1033 2195 1147 2238 Quid-

467 2251 555 2297 quid
570 2277 579 2292 ,
605 2253 713 2284 instar
733 2251 838 2292 vitri,
859 2251 1031 2297 pellucet,
1051 2263 1146 2295 gem-

466 2318 558 2337 mam
585 2305 702 2339 vocari
728 2303 878 2337 diximus
898 2315 1042 2350 quoque
1072 2303 1146 2349 epi-

466 2371 517 2403 gr.
538 2370 615 2391 xxn
636 2371 731 2403 supr.
754 2370 805 2390 vs.
828 2360 861 2390 6.
878 2358 945 2390 En.

524 2416 557 2451 4.
572 2410 692 2444 Codex
703 2411 888 2444 Pulmanni
898 2436 906 2449 ,
922 2413 1010 2443 ‘ricta
1024 2418 1146 2455 repente

465 2465 551 2508 gelu.
579 2465 698 2497 Verba
732 2466 820 2496 fricta
858 2472 887 2497 :t
916 2466 1025 2496 vincta
1057 2476 1146 2509 saepe

468 2525 716 2562 permutantur
741 2530 758 2550 a
779 2517 941 2551 librariis.
964 2516 1057 2550 Vide
1083 2529 1146 2549 nos

466 2570 511 2605 ad
538 2571 669 2604 Tibull.
691 2572 728 2612 I,
756 2584 772 2604 2
789 2597 796 2611 ‚
823 2585 854 2604 2.
877 2592 928 2597 --
951 2570 1045 2605 Gelu.
1068 2570 1146 2603 Ele-

1199 705 1265 740 ctri
1286 706 1421 740 viscoso
1450 706 1600 739 humore
1625 706 1704 752 qui,
1731 705 1815 740 dum
1835 719 1876 740 ex

1200 760 1323 792 arbore
1349 758 1498 801 defluit,
1526 767 1577 792 est
1596 758 1773 805 liquidus,
1795 772 1878 794 mox

1198 824 1283 846 vero
1302 811 1491 846 induratur
1510 821 1674 858 tanquam
1695 812 1786 858 gelu.

1256 865 1289 898 5.
1304 865 1488 911 Cleopatra.
1503 865 1592 907 Quae
1604 865 1748 912 AEgypti
1758 866 1877 910 regina

1199 927 1233 952 et
1248 918 1298 951 M.
1310 918 1461 952 Antonii
1475 931 1564 952 uxor
1575 944 1584 960 ,
1596 931 1614 951 e
1625 919 1746 965 praelio
1762 919 1879 952 Actia-

1199 984 1240 1004 co
1278 972 1417 1016 fugiens
1448 984 1520 1005 sese
1549 971 1691 1005 inclusit
1719 973 1879 1018 sepulcro

1199 1025 1386 1069 magnifico
1398 1050 1407 1066 ‚
1422 1023 1519 1070 quod
1533 1025 1606 1070 ipsa
1625 1025 1850 1059 inchoaverat
1869 1051 1880 1066 ‚

1199 1077 1294 1111 unde
1329 1086 1482 1111 extracta
1515 1077 1644 1124 aspidis
1669 1091 1789 1112 morsu
1815 1091 1880 1124 pe-

1200 1132 1298 1165 riisse
1320 1139 1475 1177 putatur.
1503 1130 1611 1173 Quod
1640 1132 1746 1166 Poeta
1769 1132 1880 1177 respi-

1201 1196 1280 1218 cere
1302 1184 1446 1218 videtur
1458 1210 1467 1225 ‚
1489 1197 1600 1230 quum
1618 1185 1748 1231 viperae
1760 1193 1881 1219 tumu-

1200 1237 1274 1271 lum
1300 1238 1460 1271 conferat
1484 1238 1624 1271 tumulo
1656 1239 1770 1281 illius,
1804 1251 1882 1284 quae

1202 1289 1331 1336 aspidis
1350 1304 1472 1324 morsu
1489 1291 1634 1325 interiit.
1651 1312 1704 1318 ——
1718 1291 1879 1337 Sepulcro.

1202 1344 1321 1377 Refert
1335 1344 1541 1378 Plutarchus
1552 1346 1587 1377 in
1601 1345 1771 1386 Antonio,
1783 1345 1884 1379 Cleo·

1202 1406 1310 1443 patrae
1322 1410 1452 1444 corpus
1464 1398 1506 1430 ab
1517 1398 1675 1443 Augusto
1694 1398 1802 1443 regali
1821 1411 1881 1444 ap-

1202 1458 1326 1496 paratu
1343 1449 1526 1484 conditum
1537 1463 1607 1484 esse
1621 1451 1881 1484 cumAntonio.

1201 1504 1246 1537 Et
1259 1503 1448 1537 Suetonius
1468 1504 1504 1536 in
1520 1505 1695 1549 Augusto,
1712 1516 1787 1549 cap.
1813 1515 1880 1548 17:

1208 1574 1221 1586 «
1231 1557 1424 1603 Cleopatrae
1434 1582 1443 1599 ,
1455 1569 1560 1602 quam
1578 1565 1748 1591 servatam
1762 1557 1884 1590 trium-

1203 1610 1275 1656 pho
1315 1622 1526 1656 magnopere
1559 1610 1741 1655 cupiebat,
1777 1609 1882 1643 etiam

1204 1663 1335 1709 psyllos
1356 1662 1539 1705 admovit,
1563 1664 1624 1709 qui
1643 1676 1818 1697 venenum
1840 1675 1880 1696 ac

1204 1716 1300 1749 virus
1332 1725 1540 1761 exsugerent
1561 1742 1570 1757 ‚
1598 1715 1695 1762 quod
1733 1716 1879 1762 periisse

1204 1781 1323 1802 morsu
1336 1769 1466 1815 aspidis
1481 1770 1683 1816 putabatur.
1698 1770 1882 1803 Ambobus

1205 1835 1430 1855 communem
1481 1823 1667 1869 sepulturae
1707 1823 1883 1856 honorem

1205 1876 1347 1918 tribuit,
1370 1889 1409 1910 ac
1435 1876 1612 1909 tumulum
1640 1877 1682 1909 ab
1714 1876 1797 1922 ipsis
1828 1876 1883 1909 in·

1205 1929 1370 1963 choatum
1388 1929 1508 1975 perfici
1530 1929 1643 1974 jussit.
1665 1946 1678 1958 »ι
1703 1928 1882 1962 Credibile

1205 1991 1321 2016 autem
1349 1990 1400 2015 est
1424 1983 1599 2015 tumulum
1632 1982 1838 2015 inchoatum
1865 1994 1884 2015 a

1205 2044 1275 2069 tam
1303 2036 1451 2069 fastuosa
1472 2035 1591 2080 regina
1606 2060 1616 2076 ‚
1646 2035 1844 2069 absolutum
1865 2047 1884 2068 a

1206 2097 1305 2122 tanto
1329 2089 1548 2134 Imperatore
1564 2114 1573 2129 ‚
1594 2088 1697 2121 fuisse
1727 2087 1883 2134 splendi-

1207 2142 1291 2175 dum
1309 2154 1317 2174 :
1337 2141 1396 2175 sed
1416 2142 1483 2175 hoc
1512 2141 1641 2187 viperee
1669 2142 1885 2175 mausoleum

1207 2194 1427 2241 splendidius
1444 2195 1571 2228 multo.
1587 2196 1639 2229 De
1656 2194 1775 2240 aspide
1791 2195 1884 2228 varie

1207 2248 1361 2295 disputat
1390 2248 1618 2291 Plutarchus,
1646 2256 1686 2281 ut
1705 2256 1739 2281 et
1761 2248 1828 2281 Dio
1846 2247 1883 2281 in

1205 2303 1387 2348 Augusto,
1418 2301 1478 2347 qui
1505 2314 1567 2335 acu
1598 2301 1722 2335 crinali
1747 2313 1884 2334 veneno

1212 2356 1348 2389 imbuta
1367 2363 1533 2400 punctam
1550 2354 1606 2388 ait.
1627 2355 1744 2388 Rader.

1260 2410 1293 2442 6.
1312 2408 1485 2441 Nobiliore.
1506 2407 1686 2441 Electrum
1705 2407 1799 2441 enim
1817 2419 1886 2440 ma-

1207 2475 1276 2507 gno
1313 2460 1408 2506 apud
1441 2462 1618 2494 Romanos
1650 2469 1722 2494 erat
1756 2459 1883 2506 pretiO.

1207 2514 1299 2549 Vide
1329 2515 1392 2548 lib.
1421 2515 1493 2556 III,
1521 2514 1631 2559 epigr.
1653 2526 1744 2555 va‚
1766 2525 1815 2547 vs.
1841 2512 1859 2546 5
1875 2537 1884 2551 ,

1207 2581 1283 2614 quae
1301 2567 1554 2602 adnotavimus.
1573 2568 1639 2600 En.
