2061 3288
456 254 623 283 Lxxxiv
752 238 1125 284 RECENSUS
1163 238 1583 283 EDITIONUM

524 328 586 371 M.
602 328 659 371 V.
679 325 894 371 Martialis
915 326 996 370 alia
1017 325 1173 381 editio,
1198 327 1287 369 sine
1316 342 1452 379 anno,
1477 325 1600 381 loco,
1632 336 1674 370 et
1700 328 1875 372 nomine

452 398 629 442 editoris
651 407 728 441 aut
753 397 1030 458 typographi.
1063 395 1171 439 lbid.

524 470 588 511 M.
612 470 664 512 V.
698 467 910 512 Martialis
939 484 1038 511 cum
1075 476 1308 510 comment.
1346 466 1587 524 Calclerini,
1620 467 1695 511 fol.
1717 470 1871 513 Vener.

461 555 475 582 1
491 537 612 594 485,
638 538 745 582 Bibl.
768 537 916 582 Pinell.

524 611 585 653 M.
602 612 655 653 V.
674 609 887 653 Martialis
906 609 1286 670 Epigrammatum
1302 607 1401 651 libri
1416 624 1500 652 xiv
1513 645 1524 663 .,
1539 625 1638 653 cum
1660 626 1877 654 cominen-

454 681 571 723 tariis
597 680 777 723 Domitii
801 679 1021 723 Calderini
1042 679 1456 731 Veronensis,Ven.
1492 682 1643 741 1491,
1672 680 1743 724 fol.
1768 681 1875 724 Bibl.

458 751 780 794 Advocatorum
813 750 928 811 apud
959 749 1113 793 Edinb.

524 830 667 874 Editio
685 829 900 874 Martialis
918 829 1080 891 prodiit
1105 846 1118 873 1
1133 832 1229 891 492
1247 865 1258 883 ,
1276 845 1353 890 per
1368 829 1684 874 Bernardinum
1701 830 1753 873 de
1768 831 1878 875 Cho-

455 902 510 943 ris
538 901 591 944 de
618 902 851 944 Cremona.
870 901 982 945 Vide
1014 899 1196 944 Harlesii
1231 899 1380 960 Suppl.
1416 900 1469 943 ad
1501 903 1625 944 BreV.
1663 902 1765 945 Not.
1795 912 1874 945 etc,

456 970 538 1015 vol.
573 988 632 1026 11,
656 989 697 1032 p.
737 971 841 1016 118.

524 1050 748 1094 Editiones
777 1049 957 1093 Aldinas
989 1059 1078 1093 tres
1106 1059 1277 1093 tantum
1312 1059 1560 1094 memorant
1587 1051 1807 1112 Bipontini
1837 1061 1878 1094 ct

455 1121 678 1164 Fabricius
699 1138 706 1163 :
726 1121 801 1164 sed
824 1131 1014 1181 quatuor
1038 1130 1164 1164 notat
1185 1119 1429 1175 Harlesius,
1453 1123 1509 1163 nO
1538 1136 1553 1164 1
1569 1118 1631 1165 50
1645 1137 1659 1165 1
1679 1155 1691 1174 ,
1730 1119 1879 1173 1510,

464 1209 474 1235 ι
493 1190 544 1237 51
561 1209 586 1235 2
603 1228 615 1247 ,
640 1208 650 1235 1
668 1190 726 1237 52
738 1208 780 1253 7.
798 1192 958 1252 Adjicit
972 1207 1099 1246 vero,
1118 1208 1223 1234 num
1240 1192 1491 1235 omnessint
1507 1193 1725 1252 genuinae,
1749 1192 1878 1235 fidem

453 1279 497 1306 se
520 1272 725 1323 praestare
757 1279 846 1306 non
879 1278 1039 1323 posse3
1075 1271 1118 1305 et
1149 1262 1360 1323 suspicari
1387 1261 1561 1306 videtur
1588 1279 1640 1306 ex
1669 1264 1720 1306 iis
1747 1278 1879 1306 unam

453 1329 468 1389 (
491 1350 504 1377 1
521 1332 610 1379 501
630 1328 645 1389 )
668 1349 721 1376 ex
743 1333 860 1377 Guil.
885 1335 1047 1392 Huyon
1062 1368 1074 1388 ,
1096 1342 1172 1376 aut
1197 1349 1249 1375 ex
1275 1331 1358 1376 alia
1384 1333 1573 1393 quadam
1599 1333 1775 1378 officina
1799 1333 1880 1376 fur-

455 1405 530 1448 tim
563 1402 748 1448 exiisse.¹

524 1482 586 1526 Μ.
610 1484 664 1526 V.
694 1481 905 1526 Martialis
942 1480 1302 1542 Spectaculorum
1334 1480 1468 1534 liber,
1502 1492 1546 1526 et
1575 1484 1877 1544 Epigramma-

455 1564 548 1597 tum
576 1553 766 1614 primus,
793 1570 892 1596 cuin
923 1554 1215 1613 Cornucopiae
1244 1552 1333 1595 sive
1362 1554 1679 1597 commentario
1708 1552 1882 1614 amplis³

455 1625 565 1668 simo
592 1625 688 1669 Nic.
714 1625 880 1668 Perotti
912 1623 1157 1684 Sipontini,
1187 1623 1319 1666 Paris.
1356 1621 1505 1685 1507,
1537 1623 1608 1668 fol.

526 1705 587 1747 M.
609 1705 664 1746 V.
691 1702 905 1747 Martialis
936 1702 1077 1764 Lugd.
1118 1700 1268 1757 1518,
1300 1702 1342 1747 8.

525 1776 587 1817 Μ.
605 1776 657 1817 V.
683 1772 896 1818 Martialis
918 1774 1298 1834 Epigrammatum
1322 1771 1421 1816 libri
1446 1789 1539 1817 xlv.
1555 1775 1667 1817 Veii.
1694 1790 1760 1835 ap.
1785 1772 1878 1817 ΑΜ.

466 1842 593 1899 1534
613 1878 623 1897 ‚
652 1845 694 1890 8.
719 1843 826 1888 Bibl.
856 1843 977 1887 Bodl.

525 1916 586 1959 M.
615 1917 666 1958 V.
697 1913 913 1959 Martialis
944 1914 1324 1975 Epigrammatum
1359 1924 1540 1959 octavus
1569 1914 1677 1959 liber
1696 1949 1706 1965 ,
1745 1916 1877 1958 Paris.
1944 1954 1954 1962 ,

462 2002 476 2029 1
493 1985 589 2041 548
607 2019 618 2037 ,
645 1988 687 2041 4.

523 2056 585 2099 Μ.
609 2058 663 2099 V.
692 2055 917 2099 Martialis.
953 2055 1092 2115 Lugd.
1121 2058 1211 2099 Bat.
1250 2054 1401 2110 1548,
1437 2057 1480 2100 8.

524 2136 585 2178 M.
608 2137 663 2178 V.
688 2134 922 2187 Martialis,
945 2145 1025 2178 etc.
1050 2135 1439 2194 interpretantibus
1459 2133 1693 2178 Calderino
1717 2146 1759 2180 et
1786 2137 1880 2179 Me-

454 2204 548 2249 rula
565 2242 575 2260 ,
592 2207 748 2250 Venet.
786 2222 799 2249 1
817 2203 910 2249 552
929 2207 943 2257 ,’
974 2205 1017 2249 8.

523 2277 582 2320 M.
604 2278 656 2319 V.
689 2274 918 2320 Martialis.
952 2275 1092 2336 Lugd.
1126 2277 1276 2318 Batav.
1314 2274 1468 2331 1600,
1504 2275 1577 2320 16.

524 2347 583 2389 M.
608 2348 660 2389 V.
689 2343 915 2390 Martialis.
946 2345 1086 2406 Lugd.
1120 2348 1271 2389 Batav.
1311 2344 1433 2390 1612
1452 2382 1463 2402 ,
1498 2345 1568 2392 16.

522 2426 582 2468 M.
604 2427 655 2467 V.
695 2424 910 2470 Martialis
960 2442 1061 2468 cum
1104 2425 1432 2469 commentariis
1471 2426 1706 2477 Farnabfi,
1741 2425 1878 2468 Lond.

462 2493 610 2548 1633,
647 2494 978 2556 1655,1673,
1017 2494 1158 2557 1677,
1182 2496 1311 2541 in-80.

511 2627 542 2648 1.
562 2613 737 2648 L’edition
765 2613 809 2646 de
844 2615 937 2648 1512
962 2628 980 2647 a
1003 2617 1056 2648 ete
1085 2615 1166 2648 faite
1186 2617 1203 2647 ἐι
1224 2616 1348 2661 Ι..)ὀῃ,
1373 2617 1419 2648 ou
1448 2615 1539 2649 avait
1566 2613 1642 2659 deja
1672 2627 1758 2661 paru
1781 2624 1883 2649 avaut

460 2667 551 2702 1503
565 2692 575 2707 ‚
598 2679 667 2700 une
687 2667 911 2711 contrefacgon
932 2666 975 2700 de
996 2667 1157 2701 l'edition
1178 2666 1222 2701 de
1243 2669 1351 2702 1501.
1376 2669 1412 2700 B.
