2061 3288
480 254 570 299 172

832 238 893 280 M.
933 239 1074 282 VAL.
1116 239 1503 284 MARTIALIS

1122 388 1242 444 ΙΙΙ.

995 545 1062 572 AD
1101 544 1335 574 SEXTUM.
1360 526 1378 542 ⁴²

544 664 696 707 SEXTF,
713 698 723 718 ‚
748 662 854 707 nihil
878 662 1033 719 debes;
1057 662 1117 706 nil
1143 662 1294 718 debes,
1316 664 1462 718 Sexte⁷
1489 663 1688 707 fatemur.

614 734 760 777 Debet
785 735 899 777 enim
915 770 927 790 ,
952 735 986 778 si
1011 734 1105 795 quis
1132 733 1300 778 solvere
1315 770 1327 788 ‚
1352 735 1480 778 Sexte
1500 769 1511 789 ‚
1535 743 1691 795 potest.

527 868 541 882 ¹
555 873 596 905 In
608 872 676 906 hoc
691 872 942 918 epigrammate
955 872 1154 906 exhibendo

476 925 574 958 nullo
592 925 698 958 modo
711 926 847 959 variant
863 935 922 959 aut
935 925 1072 960 codices
1088 938 1155 959 ma-

474 979 645 1024 nuscripti
658 1006 667 1021 ,
689 987 748 1012 aut
766 979 846 1012 libri
867 980 1041 1025 impressi.

548 1044 579 1065 1.
597 1032 658 1065 Nil
674 1032 774 1065 debes.
796 1033 870 1074 Qui
889 1031 1060 1066 solvendo
1080 1045 1154 1066 non

475 1093 527 1118 est
538 1111 547 1126 ,
560 1085 646 1118 nihil
662 1085 767 1119 debet
780 1112 789 1127 ‚
809 1085 907 1131 quod
921 1086 1052 1120 scilicet
1065 1086 1154 1119 nihil

1215 873 1346 906 auferri
1359 872 1469 918 possit
1478 872 1521 905 ab
1534 884 1574 905 eo
1586 871 1646 917 qui
1655 870 1744 904 nihil
1757 870 1894 903 habeat.

1214 926 1294 958 Lib.
1305 927 1371 966 IX,
1384 925 1494 971 epigr.
1505 937 1590 958 0111:
1610 923 1740 966 «Quod
1749 924 1813 956 tibi
1823 935 1895 956 non

1215 992 1357 1025 possum
1367 979 1513 1020 solvere,
1524 978 1666 1018 Phoebe,
1677 990 1794 1010 meum
1805 984 1868 1010 est.
1878 993 1891 1005 »ι

1273 1046 1303 1065 2.
1316 1032 1418 1065 Debet
1429 1060 1437 1073 ,
1452 1040 1518 1065 etc.
1530 1032 1610 1065 Non
1623 1030 1809 1064 reddituro
1821 1041 1896 1063 cre-

1216 1085 1300 1119 dere
1309 1111 1318 1127 ,
1328 1098 1399 1119 non
1412 1094 1462 1119 est
1469 1084 1612 1119 credere
1621 1110 1630 1126 ,
1641 1083 1702 1118 sed
1711 1082 1805 1116 dare.
1830 1082 1896 1116 En.

1127 1219 1236 1275 IV.

959 1380 1012 1406 IN
1068 1358 1431 1407 AMMlANum.*

690 1505 730 1547 O
755 1519 887 1564 quam
911 1501 1097 1547 blandus
1128 1519 1194 1558 es,
1227 1503 1481 1557 Ammiane,
1508 1500 1660 1546 matri!

689 1577 836 1631 Quam
866 1573 1025 1617 blanda
1051 1584 1116 1618 est
1141 1574 1219 1618 tibi
1242 1583 1403 1629 mater⁷
1427 1570 1675 1617 Ammianel

693 1648 890 1689 Fratrem
922 1655 964 1689 te
996 1654 1151 1701 vocat,
1177 1656 1219 1688 et
1246 1662 1370 1689 soror
1401 1654 1597 1688 vocatur.

693 1718 785 1761 Cur
813 1733 892 1760 vos
923 1717 1102 1761 nomina
1131 1717 1340 1776 nequiora
1366 1713 1584 1776 tangunt?

689 1788 838 1844 Quare
869 1804 958 1830 non
979 1787 1105 1847 juvat
1132 1787 1241 1843 hoc,
1267 1786 1386 1848 quod
1416 1787 1542 1841 estis,
1569 1783 1692 1829 esse?

689 1860 859 1902 Lusum
886 1858 1059 1902 creditis
1084 1858 1170 1902 hoc
1186 1892 1197 1911 ⁷
1225 1855 1490 1919 jocumque?
1517 1873 1606 1900 non
1632 1865 1708 1899 est.

687 1929 900 1985 Matrem,
926 1946 1021 1990 quae
1048 1930 1168 1991 cupit
1194 1945 1286 1973 esse
1314 1945 1358 1973 se
1388 1944 1582 1972 sor-orem
1598 1963 1610 1982 ‚

690 2001 785 2044 Nec
810 2010 996 2044 matrem
1019 2000 1145 2060 juvat
1171 2017 1285 2055 esse,
1309 2015 1390 2043 nec
1414 2014 1623 2043 sororem.

532 2133 547 2148 ⁴¹
562 2139 602 2172 In
619 2139 791 2172 Amianum
808 2140 1012 2173 inscribitur
1026 2140 1062 2172 in
1077 2138 1158 2173 Ald.

479 2192 579 2226 Junt.
604 2193 718 2226 Colin.
742 2193 883 2239 Gryph.
907 2201 940 2226 et
960 2192 1033 2225 aliis
1049 2201 1133 2226 vett.

538 2245 571 2280 3.
590 2246 735 2279 Fratrem.
750 2254 778 2279 te
789 2254 895 2279 vocat.
915 2245 1045 2279 Fratris
1060 2255 1093 2279 et
1109 2258 1161 2279 so-

481 2298 570 2331 roris
596 2300 741 2332 nomine
764 2298 950 2346 turpitudo
967 2299 1160 2345 tegebatur.

482 2350 576 2384 Vide
591 2352 652 2386 lib.
667 2353 753 2395 XII,
773 2354 885 2399 epigr.
902 2366 944 2386 xx
962 2379 970 2394 ‚
990 2361 1023 2386 et
1038 2353 1099 2385 lib.
1115 2353 1159 2390 Χ,

482 2416 591 2450 eplgr.
613 2418 691 2439 va.

539 2463 573 2497 4.
600 2460 761 2503 Tangam.
785 2459 893 2493 Gr2ta
909 2468 1001 2493 sunt.

536 2513 570 2544 6.
602 2512 716 2544 Lusum
737 2513 863 2545 creditis
888 2513 945 2546 lzoc
967 2515 1133 2558 jocumque
1148 2525 1159 2544 .·

1220 2152 1280 2171 non
1296 2146 1341 2171 est
1354 2138 1541 2184 Illam-quse
1553 2163 1562 2177 ‚
1583 2144 1648 2171 etc.
1660 2137 1697 2170 in
1708 2134 1788 2169 Ald.
1800 2136 1900 2170 Junt.

1221 2192 1340 2226 Coliu.
1367 2191 1507 2237 Gryph.
1530 2199 1563 2224 et
1584 2190 1658 2224 aliis
1679 2197 1763 2223 vett.
1784 2190 1901 2222 Lusum

1221 2246 1347 2279 creditis
1364 2245 1420 2277 lzoc
1431 2272 1439 2285 ‚
1451 2247 1618 2290 jocumque
1633 2256 1695 2276 non
1709 2251 1755 2275 est
1771 2242 1898 2283 Mater,

1223 2312 1314 2345 quae,
1336 2307 1401 2332 etc.
1425 2298 1642 2331 Pulmannus
1665 2297 1804 2341 aliique.

1277 2365 1311 2397 7.
1336 2352 1492 2385 Sororem.
1516 2352 1557 2384 In
1584 2350 1781 2396 penultimo
1799 2360 1901 2381 versu

1222 2405 1367 2438 amicam
1414 2405 1645 2450 interpretare
1663 2416 1671 2445 ;
1702 2403 1738 2435 in
1776 2402 1901 2434 ultimo

1222 2459 1377 2503 intellige
1394 2458 1559 2503 proprie,
1573 2458 1640 2490 hoc
1662 2467 1763 2489 sensu
1786 2469 1792 2486 ε
1815 2454 1902 2487 Nol·

1223 2512 1270 2545 let
1291 2524 1362 2545 esse
1381 2519 1504 2551 mater,
1518 2523 1581 2543 nec
1598 2522 1707 2550 soror,
1724 2506 1782 2540 sed
1801 2520 1900 2540 uxor.
