2061 3288
440 212 538 268 264

822 217 885 259 M.
908 217 1046 260 VAL.
1087 217 1479 260 MARTIALIS

649 300 731 345 Vel
759 302 899 346 thuris
924 304 1172 364 piperisque
1197 305 1254 347 sis
1279 302 1486 347 cucullus.
1841 322 1856 346 5

652 372 845 416 Faustini
870 372 983 434 fugis
1010 375 1054 417 in
1080 371 1245 418 sinum!
1271 375 1432 434 sapisti.

652 442 797 486 Cedro
828 460 945 487 nunc
974 443 1075 487 lieet
1106 444 1301 488 ambules
1331 453 1590 504 perunctus,

651 514 708 556 Et
737 514 892 558 frontis
922 515 1097 575 gemino
1127 515 1284 559 decens
1313 515 1479 558 honore

651 585 782 628 Pictis
807 584 1038 629 luxurieris
1062 586 1297 641 umbilicis3

650 656 709 697 Et
733 665 775 698 te
801 672 997 716 purpura
1023 656 1206 700 delicata
1232 656 1370 711 velet,

649 726 706 768 Et
729 742 862 770 cocco
889 728 1044 771 rubeat
1070 728 1283 788 superbus
1308 725 1437 770 index
1459 743 1468 769 ε

650 794 731 839 1110
755 797 926 841 vindice
950 814 1030 841 nec
1051 799 1243 842 Probum
1269 798 1434 841 timeto.

441 936 536 969 Pers.
559 944 620 969 sat.
644 936 680 975 I,
702 949 735 969 v.
764 936 810 977 43
836 949 844 971 ;
874 954 888 966 a
913 938 985 971 Nec
1009 951 1120 971 scom-

440 989 523 1022 bros
534 989 725 1022 metuentia
739 990 892 1023 carmina
903 1016 912 1031 ‚
925 1003 990 1024 nec
1002 992 1116 1023 thus.»

442 1062 495 1069 ——-
515 1041 653 1074 Madida
675 1055 809 1089 papyro.
836 1043 974 1090 Papyro
997 1043 1123 1077 detrita

442 1107 509 1139 qua
521 1096 760 1140 aromatopola
777 1096 927 1130 involvit
939 1097 1124 1142 pisciculos

442 1147 602 1182 madidos
620 1149 710 1182 oleo.

498 1201 532 1235 5.
552 1201 714 1235 Cucullus.
731 1201 968 1249 Papyraceum
985 1204 1124 1236 involu-

442 1266 563 1296 crum,
582 1267 642 1287 ore
664 1255 733 1288 lato
755 1264 789 1289 et
807 1255 962 1289 rotundo
985 1256 1022 1289 in
1043 1257 1124 1289 fuu-

443 1306 528 1340 dum
546 1316 686 1341 acutum
706 1307 866 1342 desinens
881 1335 890 1350 ‚
910 1310 958 1342 sic
976 1309 1123 1342 formam

443 1361 571 1393 cuculli
604 1370 865 1406 repraesentans.
902 1362 1123 1396 Anaxandri-

444 1412 505 1446 des
519 1439 529 1451 .,
546 1413 644 1458 apud
661 1415 791 1448 Athen.
811 1416 871 1448 lib.
889 1417 940 1448 IX
954 1443 962 1457 ‚
979 1428 1053 1462 cap.
1075 1428 1122 1449 ιν.

500 1468 535 1499 6.
552 1468 713 1500 Faustini.
734 1468 804 1509 Qui
822 1481 926 1513 opera
942 1469 1015 1514 ipse
1031 1481 1125 1501 com-

444 1521 600 1564 ponebat
626 1533 644 1552 a
674 1521 834 1553 Martiale
861 1520 1012 1554 laudata.
1031 1520 1124 1554 Vide

444 1572 506 1605 lib.
533 1573 550 1604 I
567 1598 575 1613 ,
604 1573 713 1617 epigr.
743 1586 838 1607 xva
858 1596 909 1600 —
934 1575 973 1607 In
1000 1577 1124 1606 sinum!

445 1627 565 1670 sapisti.
589 1626 631 1657 In
649 1626 804 1659 favorem
823 1635 857 1659 et
875 1627 1123 1672 patrocinium.

446 1678 526 1710 Sina
547 1679 636 1721 serre
666 1679 719 1711 vel
745 1688 872 1723 gestare
900 1688 950 1713 est
976 1680 1125 1713 formula

448 1730 671 1765 usitatissima
691 1731 785 1777 apud
800 1733 966 1773 Veteres,
987 1746 1052 1779 pro
1072 1747 1125 1765 ca-

448 1797 514 1815 rum
535 1784 668 1824 habere,
693 1793 732 1817 ut
756 1799 794 1817 ez
815 1787 885 1817 sinu
910 1786 1043 1829 alicujus
1064 1799 1127 1818 esse

447 1849 515 1882 pro
532 1851 571 1869 ea:
587 1839 697 1869 intima
705 1838 947 1880 familiaritate.
964 1837 1047 1872 Vid.
1064 1839 1123 1872 lib.

447 1890 483 1922 ΙΙ
499 1916 508 1932 ,
525 1891 633 1935 epigr.
655 1903 691 1923 VI
707 1916 716 1932 ‚
734 1903 767 1924 v.
786 1903 819 1935 7.

504 1956 538 1987 7.
571 1943 676 1977 Cedro
698 1957 780 1976 nunc
803 1944 895 1982 licet,
924 1953 988 1977 etc.
1015 1944 1128 1990 Hujus

447 2008 567 2029 versus
598 2004 632 2029 et
657 1997 877 2042 sequentium
905 2009 1024 2030 sensus
1053 2006 1127 2031 est:

449 2050 554 2083 Nunc
571 2075 581 2090 ,
609 2049 638 2082 si
670 2062 688 2082 a
724 2050 893 2083 Faustino
926 2051 1126 2095 recipiaris,

449 2110 550 2147 potes
573 2101 752 2136 ditissimis
774 2103 989 2136 ornamentis
1010 2112 1043 2136 te
1068 2102 1129 2136 ‹le-

450 2167 571 2188 oorare
587 2181 596 2197 ‚
615 2164 650 2188 et
669 2155 814 2200 quidem
836 2155 966 2201 perdiu
984 2155 1128 2189 duratu-

450 2208 498 2241 ris
518 2220 527 2249 ;
550 2216 672 2253 utpote
692 2209 754 2254 qui
772 2209 836 2241 sub
860 2209 920 2242 tali
938 2209 1129 2242 Mecaenate

448 2260 747 2294 immortalitatem
759 2263 837 2307 jure
848 2270 908 2295 tuo
921 2261 1129 2307 sperandam

450 2313 589 2347 habeas.
610 2315 676 2348 En.
688 2315 860 2348 —Cedr0.
875 2315 943 2348 Per
961 2314 1130 2361 synecdo-

452 2366 540 2399 chen
557 2392 566 2405 ‚
601 2380 665 2412 pro
695 2369 773 2401 oleo
805 2367 963 2402 cedrino.
1000 2365 1128 2402 Oleum

453 2421 545 2452 enim
565 2432 582 2452 a
604 2420 710 2454 cedro
736 2433 937 2466 expressum
968 2422 1129 2455 inunctos

1180 938 1288 970 libros
1320 950 1337 969 a
1370 936 1471 970 tineis
1503 944 1538 969 et
1569 935 1660 969 carie
1691 935 1858 970 vindicat.

1186 1008 1199 1020 ·
1223 990 1295 1024 Nec
1331 990 1455 1023 titulus
1488 989 1600 1022 minio
1614 1015 1622 1029 ‚
1655 1002 1721 1022 nec
1753 988 1859 1022 cedro

1182 1043 1302 1077 charta
1322 1051 1465 1076 notetur
1486 1060 1499 1072 n
1518 1069 1526 1085 ‚
1550 1042 1656 1075 ovid.
1685 1042 1793 1076 Trist.
1816 1042 1832 1073 I
1848 1068 1856 1081 ‚

1182 1097 1268 1142 eleg.
1295 1109 1324 1130 1.
1345 1097 1389 1129 Et
1404 1096 1454 1129 sic
1473 1113 1486 1125 κ
1501 1097 1685 1141 Speramus
1706 1095 1860 1129 carmina

1182 1150 1268 1195 fingi
1284 1150 1388 1182 Posse
1404 1148 1548 1182 linenda
1561 1148 1666 1183 cedro
1678 1175 1686 1190 ,
1700 1167 1713 1179 ›-
1737 1149 1858 1181 Horat.

1183 1202 1227 1235 ad
1246 1204 1402 1242 Pisones,
1428 1202 1512 1235 331.
1535 1223 1585 1229 —-
1604 1203 1767 1236 Ambules.
1793 1202 1862 1235 Per

1184 1268 1245 1289 ora
1262 1256 1460 1289 hominum.
1478 1256 1544 1289 Eo.

1238 1311 1271 1343 8.
1292 1310 1477 1352 Etsi-omes
1501 1309 1602 1342 Junt.
1627 1321 1710 1342 ann.
1739 1307 1834 1341 1512
1851 1332 1861 1348 ,

1183 1370 1217 1395 et
1233 1362 1347 1395 Colin.
1365 1375 1446 1395 ann.
1469 1374 1481 1395 1
1493 1362 1578 1395 528.
1595 1377 1647 1383 -—-
1664 1362 1711 1394 Et
1727 1362 1859 1403 fimetis·

1183 1416 1235 1447 De
1265 1415 1479 1448 ornamentis
1504 1415 1678 1448 librorum
1709 1412 1861 1446 diximus

1182 1468 1244 1500 lib.
1266 1469 1303 1508 Ι,
1324 1468 1432 1513 epigr.
1454 1479 1570 1500 van.

1242 1532 1255 1552 1
1270 1534 1298 1553 1.
1321 1522 1370 1553 Et
1389 1533 1479 1552 croco
1498 1518 1704 1552 Beverlandi
1720 1518 1794 1552 MS.
1811 1540 1862 1545 —

1186 1573 1299 1606 Cocco.
1326 1572 1484 1606 Iudicem
1510 1573 1681 1605 librorum
1701 1584 1762 1605 seu
1779 1571 1863 1604 titu-

1183 1626 1257 1658 lum
1284 1626 1394 1658 minio
1419 1626 1641 1667 scribebant;
1671 1633 1722 1658 est
1746 1632 1862 1658 autem

1185 1691 1310 1711 coccus
1330 1691 1476 1724 granum
1493 1691 1563 1723 quo
1579 1678 1619 1710 fit
1639 1679 1736 1711 color
1751 1678 1864 1723 splen·

1185 1730 1289 1764 didus
1307 1726 1320 1774 ζ
1335 1732 1457 1777 gallice
1475 1732 1611 1763 e'carlate
1624 1728 1649 1770 ).
1666 1732 1732 1764 Eu.

1243 1797 1300 1818 12.
1322 1786 1390 1818 Nec
1408 1784 1558 1818 Probum.
1581 1785 1704 1826 Quum
1728 1784 1864 1816 Probus

1185 1838 1347 1884 Berytius
1377 1838 1524 1870 Phoenix
1547 1838 1612 1870 sub
1637 1837 1778 1869 Nerone
1798 1835 1862 1868 flo-

1185 1891 1296 1923 ruerit
1309 1891 1478 1923 Martialis
1490 1899 1646 1935 tempore
1663 1890 1778 1923 forsan
1791 1902 1863 1922 non

1186 1952 1361 1988 superstes
1371 1969 1379 1984 ‚
1390 1956 1460 1976 non
1473 1943 1705 1987 intelligemus
1716 1943 1773 1975 hic
1784 1942 1865 1974 Pro-

1189 1997 1274 2029 bum
1300 1997 1413 2042 ipsum
1429 2023 1437 2037 ,
1461 1996 1520 2029 sed
1543 2008 1724 2030 censorem
1742 2008 1862 2040 quem-

1187 2050 1273 2083 libet
1291 2049 1545 2083 severissimum
1560 2075 1567 2089 ‚
1587 2049 1699 2095 qualis
1722 2048 1789 2082 fuit
1812 2048 1862 2081 M.

1188 2103 1267 2136 Val.
1280 2102 1414 2135 Probus
1428 2102 1589 2147 Berytius
1600 2128 1608 2142 ‚
1623 2101 1682 2148 qui
1702 2100 1865 2134 emenda-

1188 2155 1276 2188 tioni
1292 2156 1464 2188 librorum
1487 2155 1702 2200 potissimam
1723 2166 1864 2199 operam

1188 2207 1286 2241 dedit
1295 2233 1304 2248 .,
1318 2217 1404 2242 teste
1416 2208 1583 2242 Suetonio
1592 2234 1601 2249 ,
1613 2209 1673 2241 lib.
1684 2207 1727 2240 de
1739 2207 1864 2240 Gram-

1188 2261 1333 2294 maticis.
1352 2282 1405 2288 -—
1425 2262 1467 2294 In
1485 2260 1694 2294 Beverlandi
1714 2260 1789 2293 MS.
1812 2273 1867 2292 nec

1184 2315 1334 2360 probrum
1355 2318 1485 2354 timet0;
1512 2323 1545 2348 et
1568 2314 1616 2347 sic
1645 2314 1748 2347 etiam
1774 2314 1864 2357 conj.

1189 2369 1357 2402 Ramires.
1392 2367 1436 2401 de
1475 2366 1588 2402 Prado
1604 2393 1613 2409 ‚
1647 2367 1867 2413 improbante

1188 2421 1452 2461 Musambertio.
