<?xml version="1.0" encoding="UTF-8"?>
<!DOCTYPE html PUBLIC "-//W3C//DTD XHTML 1.0 Transitional//EN"
    "http://www.w3.org/TR/xhtml1/DTD/xhtml1-transitional.dtd">
<html xmlns="http://www.w3.org/1999/xhtml" xml:lang="en" lang="en">
 <head>
  <title>
</title>
<meta http-equiv="Content-Type" content="text/html;charset=utf-8" />
  <meta name='ocr-system' content='tesseract 3.04.00' />
  <meta name='ocr-capabilities' content='ocr_page ocr_carea ocr_par ocr_line ocrx_word'/>
</head>
<body>
  <div class='ocr_page' id='page_1' title='image "./epigrammata01martuoft_0499.png"; bbox 0 0 2061 3288; ppageno 0'>
   <div class='ocr_carea' id='block_1_1' title="bbox 427 200 1319 249">
    <p class='ocr_par' dir='ltr' id='par_1_1' title="bbox 427 200 1319 249">
     <span class='ocr_line' id='line_1_1' title="bbox 427 200 1319 249; baseline -0.009 0"><span class='ocrx_word' id='word_1_1' title='bbox 427 202 1023 249; x_wconf 71' lang='lat' dir='ltr'><strong>EPIGRAMMATUM</strong></span> <span class='ocrx_word' id='word_1_2' title='bbox 1061 201 1187 243; x_wconf 86' lang='lat' dir='ltr'>LIB.</span> <span class='ocrx_word' id='word_1_3' title='bbox 1229 200 1319 242; x_wconf 90' lang='grc' dir='ltr'><strong>ΙΙΙ.</strong></span> 
     </span>
    </p>
   </div>
   <div class='ocr_carea' id='block_1_2' title="bbox 1483 195 1580 241">
    <p class='ocr_par' dir='ltr' id='par_1_2' title="bbox 1483 195 1580 241">
     <span class='ocr_line' id='line_1_2' title="bbox 1483 195 1580 241; baseline -0.01 0"><span class='ocrx_word' id='word_1_4' title='bbox 1483 195 1580 241; x_wconf 77' lang='lat'>333</span> 
     </span>
    </p>
   </div>
   <div class='ocr_carea' id='block_1_3' title="bbox 739 354 1005 411">
    <p class='ocr_par' dir='ltr' id='par_1_3' title="bbox 739 354 1005 411">
     <span class='ocr_line' id='line_1_3' title="bbox 739 354 1005 411; baseline -0.008 0"><span class='ocrx_word' id='word_1_5' title='bbox 739 354 1005 411; x_wconf 85' lang='lat' dir='ltr'>LXVII.</span> 
     </span>
    </p>
   </div>
   <div class='ocr_carea' id='block_1_4' title="bbox 595 474 1154 527">
    <p class='ocr_par' dir='ltr' id='par_1_4' title="bbox 595 474 1154 527">
     <span class='ocr_line' id='line_1_4' title="bbox 595 474 1154 527; baseline -0.007 0"><span class='ocrx_word' id='word_1_6' title='bbox 595 499 655 527; x_wconf 68' lang='lat' dir='ltr'>niz</span> <span class='ocrx_word' id='word_1_7' title='bbox 694 496 875 527; x_wconf 78' lang='lat' dir='ltr'>Plonls</span> <span class='ocrx_word' id='word_1_8' title='bbox 915 474 1154 525; x_wconf 61' lang='lat' dir='ltr'>numus*</span> 
     </span>
    </p>
   </div>
   <div class='ocr_carea' id='block_1_5' title="bbox 369 619 1200 753">
    <p class='ocr_par' dir='ltr' id='par_1_5' title="bbox 369 619 1200 753">
     <span class='ocr_line' id='line_1_5' title="bbox 369 619 1200 683; baseline -0.004 -16"><span class='ocrx_word' id='word_1_9' title='bbox 369 627 616 678; x_wconf 53' lang='lat' dir='ltr'>Crssscms,</span> <span class='ocrx_word' id='word_1_10' title='bbox 642 622 789 683; x_wconf 76' lang='lat' dir='ltr'>puori,</span> <span class='ocrx_word' id='word_1_11' title='bbox 820 619 1014 681; x_wconf 80' lang='lat' dir='ltr'>nihilque</span> <span class='ocrx_word' id='word_1_12' title='bbox 1040 621 1200 675; x_wconf 73' lang='lat' dir='ltr'>nostis,</span> 
     </span>
     <span class='ocr_line' id='line_1_6' title="bbox 372 691 1130 753; baseline -0.005 -15"><span class='ocrx_word' id='word_1_13' title='bbox 372 697 568 739; x_wconf 78' lang='lat' dir='ltr'>Vatreno</span> <span class='ocrx_word' id='word_1_14' title='bbox 590 692 867 753; x_wconf 87' lang='lat' dir='ltr'>Eridanoque</span> <span class='ocrx_word' id='word_1_15' title='bbox 890 691 1102 752; x_wconf 79' lang='lat' dir='ltr'>pigriores</span> <span class='ocrx_word' id='word_1_16' title='bbox 1122 708 1130 734; x_wconf 93' lang='lat'>:</span> 
     </span>
    </p>
   </div>
   <div class='ocr_carea' id='block_1_6' title="bbox 149 831 838 2677">
    <p class='ocr_par' dir='ltr' id='par_1_6' title="bbox 151 831 838 1623">
     <span class='ocr_line' id='line_1_7' title="bbox 212 831 836 881; baseline -0.008 -13"><span class='ocrx_word' id='word_1_17' title='bbox 212 831 225 845; x_wconf 74' lang='lat'>&#39;¹</span> <span class='ocrx_word' id='word_1_18' title='bbox 246 837 286 868; x_wconf 86' lang='lat' dir='ltr'>In</span> <span class='ocrx_word' id='word_1_19' title='bbox 306 836 420 881; x_wconf 84' lang='lat' dir='ltr'>pigros</span> <span class='ocrx_word' id='word_1_20' title='bbox 445 831 613 879; x_wconf 88' lang='lat' dir='ltr'>quosdam</span> <span class='ocrx_word' id='word_1_21' title='bbox 637 840 758 864; x_wconf 81' lang='lat' dir='ltr'>nautas</span> <span class='ocrx_word' id='word_1_22' title='bbox 786 839 836 864; x_wconf 88' lang='lat' dir='ltr'>est</span> 
     </span>
     <span class='ocr_line' id='line_1_8' title="bbox 159 883 837 935; baseline -0.009 -13"><span class='ocrx_word' id='word_1_23' title='bbox 159 890 370 935; x_wconf 78' lang='lat' dir='ltr'>epigramma</span> <span class='ocrx_word' id='word_1_24' title='bbox 383 914 391 929; x_wconf 85' lang='lat'>‚</span> <span class='ocrx_word' id='word_1_25' title='bbox 411 899 496 933; x_wconf 86' lang='lat' dir='ltr'>quos</span> <span class='ocrx_word' id='word_1_26' title='bbox 514 887 730 931; x_wconf 80' lang='lat' dir='ltr'>Argonautas</span> <span class='ocrx_word' id='word_1_27' title='bbox 750 883 837 917; x_wconf 90' lang='lat' dir='ltr'>dicit</span> 
     </span>
     <span class='ocr_line' id='line_1_9' title="bbox 159 938 836 987; baseline -0.01 -11"><span class='ocrx_word' id='word_1_28' title='bbox 159 955 194 976; x_wconf 84' lang='lat' dir='ltr'>se</span> <span class='ocrx_word' id='word_1_29' title='bbox 224 955 348 975; x_wconf 74' lang='lat' dir='ltr'>vocare</span> <span class='ocrx_word' id='word_1_30' title='bbox 382 939 529 987; x_wconf 81' lang='lat' dir='ltr'>proprio</span> <span class='ocrx_word' id='word_1_31' title='bbox 565 938 708 971; x_wconf 91' lang='lat' dir='ltr'>nomine</span> <span class='ocrx_word' id='word_1_32' title='bbox 724 963 734 977; x_wconf 78' lang='grc'><em>,</em></span> <span class='ocrx_word' id='word_1_33' title='bbox 764 950 836 970; x_wconf 88' lang='lat' dir='ltr'>non</span> 
     </span>
     <span class='ocr_line' id='line_1_10' title="bbox 158 991 838 1041; baseline -0.007 -13"><span class='ocrx_word' id='word_1_34' title='bbox 158 995 255 1041; x_wconf 88' lang='lat' dir='ltr'>quod</span> <span class='ocrx_word' id='word_1_35' title='bbox 271 995 421 1028; x_wconf 73' lang='lat' dir='ltr'>strenuis</span> <span class='ocrx_word' id='word_1_36' title='bbox 438 994 504 1026; x_wconf 92' lang='lat' dir='ltr'>illis</span> <span class='ocrx_word' id='word_1_37' title='bbox 520 992 686 1025; x_wconf 83' lang='lat' dir='ltr'>heroibus</span> <span class='ocrx_word' id='word_1_38' title='bbox 704 991 764 1036; x_wconf 91' lang='lat' dir='ltr'>qui</span> <span class='ocrx_word' id='word_1_39' title='bbox 781 991 838 1024; x_wconf 86' lang='lat' dir='ltr'>Ja-</span> 
     </span>
     <span class='ocr_line' id='line_1_11' title="bbox 157 1043 837 1081; baseline -0.009 0"><span class='ocrx_word' id='word_1_40' title='bbox 157 1061 276 1081; x_wconf 82' lang='lat' dir='ltr'>sonem</span> <span class='ocrx_word' id='word_1_41' title='bbox 301 1047 457 1081; x_wconf 86' lang='lat' dir='ltr'>comitati</span> <span class='ocrx_word' id='word_1_42' title='bbox 479 1054 560 1079; x_wconf 87' lang='lat' dir='ltr'>sunt</span> <span class='ocrx_word' id='word_1_43' title='bbox 581 1043 625 1077; x_wconf 81' lang='lat' dir='ltr'>ad</span> <span class='ocrx_word' id='word_1_44' title='bbox 647 1044 774 1077; x_wconf 82' lang='lat' dir='ltr'>Phasin</span> <span class='ocrx_word' id='word_1_45' title='bbox 791 1044 837 1076; x_wconf 92' lang='lat' dir='ltr'>si-</span> 
     </span>
     <span class='ocr_line' id='line_1_12' title="bbox 157 1097 837 1144; baseline -0.006 -11"><span class='ocrx_word' id='word_1_46' title='bbox 157 1102 255 1135; x_wconf 84' lang='lat' dir='ltr'><strong>miles</strong></span> <span class='ocrx_word' id='word_1_47' title='bbox 276 1101 365 1141; x_wconf 88' lang='lat' dir='ltr'>sint,</span> <span class='ocrx_word' id='word_1_48' title='bbox 385 1099 445 1133; x_wconf 90' lang='lat' dir='ltr'>sed</span> <span class='ocrx_word' id='word_1_49' title='bbox 466 1112 483 1132; x_wconf 88' lang='lat' dir='ltr'>a</span> <span class='ocrx_word' id='word_1_50' title='bbox 505 1098 724 1144; x_wconf 81' lang='lat' dir='ltr'>proprietate</span> <span class='ocrx_word' id='word_1_51' title='bbox 743 1097 837 1130; x_wconf 84' lang='lat' dir='ltr'>vocis</span> 
     </span>
     <span class='ocr_line' id='line_1_13' title="bbox 157 1150 838 1200; baseline -0.007 -13"><span class='ocrx_word' id='word_1_52' title='bbox 157 1164 297 1200; x_wconf 87' lang='lat' dir='ltr'>sumpto</span> <span class='ocrx_word' id='word_1_53' title='bbox 314 1155 413 1199; x_wconf 87' lang='lat' dir='ltr'>joco,</span> <span class='ocrx_word' id='word_1_54' title='bbox 432 1152 529 1199; x_wconf 84' lang='lat' dir='ltr'>quod</span> <span class='ocrx_word' id='word_1_55' title='bbox 546 1152 641 1197; x_wconf 59' lang='grc' dir='ltr'>ἀργὸς</span> <span class='ocrx_word' id='word_1_56' title='bbox 662 1163 771 1195; x_wconf 75' lang='lat' dir='ltr'>graece</span> <span class='ocrx_word' id='word_1_57' title='bbox 787 1150 838 1196; x_wconf 90' lang='lat' dir='ltr'>pi·</span> 
     </span>
     <span class='ocr_line' id='line_1_14' title="bbox 153 1202 836 1252; baseline -0.007 -12"><span class='ocrx_word' id='word_1_58' title='bbox 153 1220 255 1252; x_wconf 80' lang='lat' dir='ltr'>grum</span> <span class='ocrx_word' id='word_1_59' title='bbox 275 1216 309 1240; x_wconf 91' lang='lat' dir='ltr'>et</span> <span class='ocrx_word' id='word_1_60' title='bbox 328 1205 541 1240; x_wconf 84' lang='lat' dir='ltr'>desidiosum</span> <span class='ocrx_word' id='word_1_61' title='bbox 560 1203 734 1249; x_wconf 82' lang='lat' dir='ltr'>significet</span> <span class='ocrx_word' id='word_1_62' title='bbox 750 1218 759 1244; x_wconf 88' lang='lat'>;</span> <span class='ocrx_word' id='word_1_63' title='bbox 781 1202 836 1235; x_wconf 86' lang='lat' dir='ltr'>(li-</span> 
     </span>
     <span class='ocr_line' id='line_1_15' title="bbox 157 1256 837 1305; baseline -0.007 -11"><span class='ocrx_word' id='word_1_64' title='bbox 157 1261 249 1294; x_wconf 83' lang='lat' dir='ltr'>citur</span> <span class='ocrx_word' id='word_1_65' title='bbox 267 1260 359 1293; x_wconf 86' lang='lat' dir='ltr'>enim</span> <span class='ocrx_word' id='word_1_66' title='bbox 380 1260 478 1305; x_wconf 83' lang='lat' dir='ltr'>quasi</span> <span class='ocrx_word' id='word_1_67' title='bbox 496 1259 606 1303; x_wconf 67' lang='grc' dir='ltr'>ἀεργὸς</span> <span class='ocrx_word' id='word_1_68' title='bbox 619 1283 627 1297; x_wconf 89' lang='grc'><strong>,</strong></span> <span class='ocrx_word' id='word_1_69' title='bbox 645 1256 681 1289; x_wconf 85' lang='lat' dir='ltr'>id</span> <span class='ocrx_word' id='word_1_70' title='bbox 694 1265 745 1290; x_wconf 90' lang='lat' dir='ltr'>est</span> <span class='ocrx_word' id='word_1_71' title='bbox 763 1257 837 1289; x_wconf 89' lang='lat' dir='ltr'>sine</span> 
     </span>
     <span class='ocr_line' id='line_1_16' title="bbox 155 1309 836 1359; baseline -0.007 -13"><span class='ocrx_word' id='word_1_72' title='bbox 155 1326 275 1359; x_wconf 89' lang='lat' dir='ltr'>opere.</span> <span class='ocrx_word' id='word_1_73' title='bbox 292 1314 445 1346; x_wconf 58' lang='lat' dir='ltr'>Rama-es.</span> <span class='ocrx_word' id='word_1_74' title='bbox 462 1333 514 1338; x_wconf 90' lang='lat'>—</span> <span class='ocrx_word' id='word_1_75' title='bbox 533 1310 681 1344; x_wconf 88' lang='lat' dir='ltr'>Nullum</span> <span class='ocrx_word' id='word_1_76' title='bbox 698 1318 748 1343; x_wconf 88' lang='lat' dir='ltr'>est</span> <span class='ocrx_word' id='word_1_77' title='bbox 769 1309 836 1342; x_wconf 86' lang='lat' dir='ltr'>liu-</span> 
     </span>
     <span class='ocr_line' id='line_1_17' title="bbox 151 1363 836 1412; baseline -0.009 -12"><span class='ocrx_word' id='word_1_78' title='bbox 151 1368 208 1412; x_wconf 89' lang='lat' dir='ltr'>jus</span> <span class='ocrx_word' id='word_1_79' title='bbox 232 1375 343 1412; x_wconf 84' lang='lat' dir='ltr'>poetae</span> <span class='ocrx_word' id='word_1_80' title='bbox 362 1367 576 1411; x_wconf 83' lang='lat' dir='ltr'>epigramma</span> <span class='ocrx_word' id='word_1_81' title='bbox 594 1364 691 1408; x_wconf 83' lang='lat' dir='ltr'>cujus</span> <span class='ocrx_word' id='word_1_82' title='bbox 712 1363 836 1395; x_wconf 88' lang='lat' dir='ltr'>incon·</span> 
     </span>
     <span class='ocr_line' id='line_1_18' title="bbox 155 1416 837 1461; baseline -0.007 -8"><span class='ocrx_word' id='word_1_83' title='bbox 155 1420 303 1453; x_wconf 80' lang='lat' dir='ltr'>stantior</span> <span class='ocrx_word' id='word_1_84' title='bbox 317 1420 362 1452; x_wconf 92' lang='lat' dir='ltr'>sit</span> <span class='ocrx_word' id='word_1_85' title='bbox 378 1419 498 1460; x_wconf 88' lang='lat' dir='ltr'>lectio;</span> <span class='ocrx_word' id='word_1_86' title='bbox 515 1416 727 1461; x_wconf 85' lang='lat' dir='ltr'>multiplices</span> <span class='ocrx_word' id='word_1_87' title='bbox 743 1417 837 1449; x_wconf 90' lang='lat' dir='ltr'>inter</span> 
     </span>
     <span class='ocr_line' id='line_1_19' title="bbox 154 1467 836 1514; baseline -0.009 -8"><span class='ocrx_word' id='word_1_88' title='bbox 154 1473 357 1506; x_wconf 80' lang='lat' dir='ltr'>criticorum</span> <span class='ocrx_word' id='word_1_89' title='bbox 376 1470 638 1505; x_wconf 82' lang='lat' dir='ltr'>emendationes</span> <span class='ocrx_word' id='word_1_90' title='bbox 657 1467 745 1514; x_wconf 80' lang='lat' dir='ltr'>quid</span> <span class='ocrx_word' id='word_1_91' title='bbox 770 1481 836 1502; x_wconf 89' lang='lat' dir='ltr'>no-</span> 
     </span>
     <span class='ocr_line' id='line_1_20' title="bbox 154 1521 832 1559; baseline -0.007 0"><span class='ocrx_word' id='word_1_92' title='bbox 154 1526 208 1559; x_wconf 87' lang='lat' dir='ltr'>bis</span> <span class='ocrx_word' id='word_1_93' title='bbox 228 1525 389 1559; x_wconf 83' lang='lat' dir='ltr'>videatur</span> <span class='ocrx_word' id='word_1_94' title='bbox 411 1523 635 1558; x_wconf 85' lang='lat' dir='ltr'>verisimilius</span> <span class='ocrx_word' id='word_1_95' title='bbox 656 1521 832 1556; x_wconf 87' lang='lat' dir='ltr'>dicemus:</span> 
     </span>
     <span class='ocr_line' id='line_1_21' title="bbox 152 1578 548 1623; baseline -0.005 -11"><span class='ocrx_word' id='word_1_96' title='bbox 152 1578 325 1623; x_wconf 83' lang='lat' dir='ltr'>judicabit</span> <span class='ocrx_word' id='word_1_97' title='bbox 339 1579 462 1611; x_wconf 89' lang='lat' dir='ltr'>lector.</span> <span class='ocrx_word' id='word_1_98' title='bbox 479 1578 548 1611; x_wconf 83' lang='grc' dir='ltr'>ΕΙ).</span> 
     </span>
    </p>

    <p class='ocr_par' dir='ltr' id='par_1_7' title="bbox 149 1628 835 2677">
     <span class='ocr_line' id='line_1_22' title="bbox 212 1628 835 1674; baseline -0.006 -9"><span class='ocrx_word' id='word_1_99' title='bbox 212 1644 242 1665; x_wconf 88' lang='lat'>1·</span> <span class='ocrx_word' id='word_1_100' title='bbox 261 1632 327 1665; x_wconf 84' lang='lat' dir='ltr'>Hic</span> <span class='ocrx_word' id='word_1_101' title='bbox 340 1644 459 1664; x_wconf 87' lang='lat' dir='ltr'>versus</span> <span class='ocrx_word' id='word_1_102' title='bbox 474 1630 569 1664; x_wconf 78' lang='lat' dir='ltr'>varie</span> <span class='ocrx_word' id='word_1_103' title='bbox 585 1628 714 1674; x_wconf 85' lang='lat' dir='ltr'>legitur</span> <span class='ocrx_word' id='word_1_104' title='bbox 729 1641 736 1662; x_wconf 90' lang='lat'>:</span> <span class='ocrx_word' id='word_1_105' title='bbox 756 1629 835 1661; x_wconf 88' lang='lat' dir='ltr'>Pul-</span> 
     </span>
     <span class='ocr_line' id='line_1_23' title="bbox 154 1682 831 1729; baseline -0.003 -12"><span class='ocrx_word' id='word_1_106' title='bbox 154 1697 306 1718; x_wconf 88' lang='lat' dir='ltr'>manuus</span> <span class='ocrx_word' id='word_1_107' title='bbox 316 1684 422 1718; x_wconf 84' lang='lat' dir='ltr'>scribi</span> <span class='ocrx_word' id='word_1_108' title='bbox 435 1683 537 1729; x_wconf 83' lang='lat' dir='ltr'>jussit</span> <span class='ocrx_word' id='word_1_109' title='bbox 550 1695 558 1716; x_wconf 90' lang='lat'>:</span> <span class='ocrx_word' id='word_1_110' title='bbox 573 1682 709 1716; x_wconf 75' lang='lat' dir='ltr'>Cessatis</span> <span class='ocrx_word' id='word_1_111' title='bbox 720 1686 831 1726; x_wconf 83' lang='lat' dir='ltr'>pueri,</span> 
     </span>
     <span class='ocr_line' id='line_1_24' title="bbox 154 1736 834 1783; baseline -0.006 -13"><span class='ocrx_word' id='word_1_112' title='bbox 154 1738 292 1783; x_wconf 77' lang='lat' dir='ltr'>nihilque</span> <span class='ocrx_word' id='word_1_113' title='bbox 322 1739 427 1769; x_wconf 64' lang='lat' dir='ltr'>masiis</span> <span class='ocrx_word' id='word_1_114' title='bbox 454 1736 626 1769; x_wconf 82' lang='lat' dir='ltr'>Veientone</span> <span class='ocrx_word' id='word_1_115' title='bbox 660 1738 807 1780; x_wconf 74' lang='lat' dir='ltr'>asinoque</span> <span class='ocrx_word' id='word_1_116' title='bbox 822 1750 834 1774; x_wconf 92' lang='lat'><em>;</em></span> 
     </span>
     <span class='ocr_line' id='line_1_25' title="bbox 153 1788 834 1833; baseline -0.006 -9"><span class='ocrx_word' id='word_1_117' title='bbox 153 1790 214 1823; x_wconf 82' lang='lat' dir='ltr'>sed</span> <span class='ocrx_word' id='word_1_118' title='bbox 223 1791 297 1824; x_wconf 87' lang='lat' dir='ltr'>haec</span> <span class='ocrx_word' id='word_1_119' title='bbox 311 1799 361 1824; x_wconf 90' lang='lat' dir='ltr'>est</span> <span class='ocrx_word' id='word_1_120' title='bbox 375 1788 573 1823; x_wconf 78' lang='lat' dir='ltr'>emendatio</span> <span class='ocrx_word' id='word_1_121' title='bbox 587 1788 715 1833; x_wconf 85' lang='lat' dir='ltr'>Lipsii,</span> <span class='ocrx_word' id='word_1_122' title='bbox 729 1800 834 1832; x_wconf 87' lang='lat' dir='ltr'>quam</span> 
     </span>
     <span class='ocr_line' id='line_1_26' title="bbox 152 1842 833 1888; baseline -0.006 -11"><span class='ocrx_word' id='word_1_123' title='bbox 152 1844 281 1888; x_wconf 89' lang='lat' dir='ltr'>prohat</span> <span class='ocrx_word' id='word_1_124' title='bbox 293 1844 453 1877; x_wconf 87' lang='lat' dir='ltr'>Turneb.</span> <span class='ocrx_word' id='word_1_125' title='bbox 465 1843 526 1876; x_wconf 90' lang='lat' dir='ltr'>lib.</span> <span class='ocrx_word' id='word_1_126' title='bbox 540 1842 630 1874; x_wconf 84' lang='lat' dir='ltr'><strong>XIII</strong></span> <span class='ocrx_word' id='word_1_127' title='bbox 642 1867 651 1881; x_wconf 92' lang='lat'><strong><em>‚</em></strong></span> <span class='ocrx_word' id='word_1_128' title='bbox 670 1853 745 1885; x_wconf 86' lang='lat' dir='ltr'>cap.</span> <span class='ocrx_word' id='word_1_129' title='bbox 770 1854 783 1874; x_wconf 93' lang='lat'>1</span> <span class='ocrx_word' id='word_1_130' title='bbox 793 1853 812 1884; x_wconf 85' lang='lat'>9</span> <span class='ocrx_word' id='word_1_131' title='bbox 824 1867 833 1883; x_wconf 87' lang='lat'><strong><em>‚</em></strong></span> 
     </span>
     <span class='ocr_line' id='line_1_27' title="bbox 152 1894 831 1942; baseline -0.007 -12"><span class='ocrx_word' id='word_1_132' title='bbox 152 1905 187 1930; x_wconf 87' lang='lat' dir='ltr'>et</span> <span class='ocrx_word' id='word_1_133' title='bbox 205 1897 338 1942; x_wconf 90' lang='lat' dir='ltr'>recepit</span> <span class='ocrx_word' id='word_1_134' title='bbox 360 1895 564 1930; x_wconf 73' lang='lat' dir='ltr'>Scriverius.</span> <span class='ocrx_word' id='word_1_135' title='bbox 588 1895 768 1927; x_wconf 86' lang='lat' dir='ltr'>Pontanus</span> <span class='ocrx_word' id='word_1_136' title='bbox 795 1894 831 1926; x_wconf 89' lang='lat' dir='ltr'>in</span> 
     </span>
     <span class='ocr_line' id='line_1_28' title="bbox 152 1948 833 1992; baseline -0.004 -10"><span class='ocrx_word' id='word_1_137' title='bbox 152 1950 244 1983; x_wconf 85' lang='lat' dir='ltr'>notis</span> <span class='ocrx_word' id='word_1_138' title='bbox 259 1948 302 1982; x_wconf 84' lang='lat' dir='ltr'>ad</span> <span class='ocrx_word' id='word_1_139' title='bbox 316 1949 490 1982; x_wconf 86' lang='lat' dir='ltr'>Macrobii</span> <span class='ocrx_word' id='word_1_140' title='bbox 509 1949 649 1982; x_wconf 80' lang='lat' dir='ltr'>Saturn.</span> <span class='ocrx_word' id='word_1_141' title='bbox 668 1959 742 1992; x_wconf 87' lang='lat' dir='ltr'>cap.</span> <span class='ocrx_word' id='word_1_142' title='bbox 766 1949 810 1980; x_wconf 85' lang='lat'>16</span> <span class='ocrx_word' id='word_1_143' title='bbox 823 1973 833 1988; x_wconf 77' lang='lat'>‚</span> 
     </span>
     <span class='ocr_line' id='line_1_29' title="bbox 153 2000 833 2048; baseline -0.006 -13"><span class='ocrx_word' id='word_1_144' title='bbox 153 2002 314 2036; x_wconf 84' lang='lat' dir='ltr'>emendat</span> <span class='ocrx_word' id='word_1_145' title='bbox 331 2006 431 2048; x_wconf 66' lang='lat' dir='ltr'>po‘stis</span> <span class='ocrx_word' id='word_1_146' title='bbox 454 2014 521 2048; x_wconf 88' lang='lat' dir='ltr'>pro</span> <span class='ocrx_word' id='word_1_147' title='bbox 539 2003 682 2046; x_wconf 80' lang='lat' dir='ltr'>potestis,</span> <span class='ocrx_word' id='word_1_148' title='bbox 703 2000 833 2032; x_wconf 80' lang='lat' dir='ltr'>Fama-</span> 
     </span>
     <span class='ocr_line' id='line_1_30' title="bbox 153 2053 831 2100; baseline 0 -13"><span class='ocrx_word' id='word_1_149' title='bbox 153 2055 232 2089; x_wconf 87' lang='lat' dir='ltr'>bius</span> <span class='ocrx_word' id='word_1_150' title='bbox 247 2082 257 2096; x_wconf 86' lang='lat'><em>‚</em></span> <span class='ocrx_word' id='word_1_151' title='bbox 279 2056 305 2088; x_wconf 89' lang='lat' dir='ltr'>si</span> <span class='ocrx_word' id='word_1_152' title='bbox 326 2055 412 2100; x_wconf 87' lang='lat' dir='ltr'>quid</span> <span class='ocrx_word' id='word_1_153' title='bbox 433 2054 666 2093; x_wconf 84' lang='lat' dir='ltr'>mutandum,</span> <span class='ocrx_word' id='word_1_154' title='bbox 686 2053 831 2098; x_wconf 79' lang='lat' dir='ltr'>adopta·</span> 
     </span>
     <span class='ocr_line' id='line_1_31' title="bbox 153 2107 829 2153; baseline 0 -13"><span class='ocrx_word' id='word_1_155' title='bbox 153 2117 206 2142; x_wconf 91' lang='lat' dir='ltr'>ret</span> <span class='ocrx_word' id='word_1_156' title='bbox 222 2121 230 2142; x_wconf 74' lang='grc' dir='ltr'>ε</span> <span class='ocrx_word' id='word_1_157' title='bbox 255 2108 392 2142; x_wconf 78' lang='lat' dir='ltr'>Cessatis</span> <span class='ocrx_word' id='word_1_158' title='bbox 404 2111 496 2153; x_wconf 78' lang='lat' dir='ltr'>pueri</span> <span class='ocrx_word' id='word_1_159' title='bbox 510 2135 520 2148; x_wconf 94' lang='lat'><strong><em>,</em></strong></span> <span class='ocrx_word' id='word_1_160' title='bbox 542 2116 573 2140; x_wconf 83' lang='lat' dir='ltr'>et</span> <span class='ocrx_word' id='word_1_161' title='bbox 594 2107 676 2139; x_wconf 85' lang='lat' dir='ltr'>nihil</span> <span class='ocrx_word' id='word_1_162' title='bbox 692 2109 829 2140; x_wconf 72' lang='lat' dir='ltr'>movetis.</span> 
     </span>
     <span class='ocr_line' id='line_1_32' title="bbox 154 2161 826 2206; baseline -0.003 -13"><span class='ocrx_word' id='word_1_163' title='bbox 154 2162 239 2195; x_wconf 79' lang='lat' dir='ltr'>Ant.</span> <span class='ocrx_word' id='word_1_164' title='bbox 253 2161 290 2193; x_wconf 81' lang='lat' dir='ltr'>de</span> <span class='ocrx_word' id='word_1_165' title='bbox 305 2161 397 2206; x_wconf 67' lang='lat' dir='ltr'>Rooy</span> <span class='ocrx_word' id='word_1_166' title='bbox 411 2161 528 2194; x_wconf 86' lang='lat' dir='ltr'>malit:</span> <span class='ocrx_word' id='word_1_167' title='bbox 550 2161 705 2200; x_wconf 78' lang='lat' dir='ltr'>Cessatis,</span> <span class='ocrx_word' id='word_1_168' title='bbox 717 2162 826 2204; x_wconf 75' lang='lat' dir='ltr'>pueri,</span> 
     </span>
     <span class='ocr_line' id='line_1_33' title="bbox 153 2213 828 2260; baseline 0 -15"><span class='ocrx_word' id='word_1_169' title='bbox 153 2215 290 2260; x_wconf 74' lang='lat' dir='ltr'>nihilque</span> <span class='ocrx_word' id='word_1_170' title='bbox 313 2217 402 2246; x_wconf 81' lang='lat' dir='ltr'>motis</span> <span class='ocrx_word' id='word_1_171' title='bbox 414 2241 423 2254; x_wconf 92' lang='lat'><em>,</em></span> <span class='ocrx_word' id='word_1_172' title='bbox 444 2223 511 2247; x_wconf 84' lang='lat' dir='ltr'>etc.</span> <span class='ocrx_word' id='word_1_173' title='bbox 528 2222 567 2247; x_wconf 89' lang='lat' dir='ltr'>ut</span> <span class='ocrx_word' id='word_1_174' title='bbox 582 2215 615 2246; x_wconf 71' lang='grc' dir='ltr'>τὸ</span> <span class='ocrx_word' id='word_1_175' title='bbox 634 2215 724 2245; x_wconf 78' lang='lat' dir='ltr'>motis</span> <span class='ocrx_word' id='word_1_176' title='bbox 739 2213 828 2245; x_wconf 88' lang='lat' dir='ltr'>refe-</span> 
     </span>
     <span class='ocr_line' id='line_1_34' title="bbox 151 2266 826 2312; baseline -0.001 -14"><span class='ocrx_word' id='word_1_177' title='bbox 151 2276 249 2301; x_wconf 86' lang='lat' dir='ltr'>ratur</span> <span class='ocrx_word' id='word_1_178' title='bbox 276 2266 320 2299; x_wconf 86' lang='lat' dir='ltr'>ad</span> <span class='ocrx_word' id='word_1_179' title='bbox 347 2266 492 2307; x_wconf 84' lang='lat' dir='ltr'>fluvios,</span> <span class='ocrx_word' id='word_1_180' title='bbox 519 2266 582 2312; x_wconf 91' lang='lat' dir='ltr'>qui</span> <span class='ocrx_word' id='word_1_181' title='bbox 610 2274 826 2311; x_wconf 87' lang='lat' dir='ltr'>sequuntur,</span> 
     </span>
     <span class='ocr_line' id='line_1_35' title="bbox 151 2318 827 2364; baseline -0.003 -12"><span class='ocrx_word' id='word_1_182' title='bbox 151 2320 218 2353; x_wconf 91' lang='lat' dir='ltr'>hoc</span> <span class='ocrx_word' id='word_1_183' title='bbox 240 2333 340 2353; x_wconf 86' lang='lat' dir='ltr'>sensu</span> <span class='ocrx_word' id='word_1_184' title='bbox 357 2332 363 2352; x_wconf 94' lang='lat'>:</span> <span class='ocrx_word' id='word_1_185' title='bbox 383 2320 548 2358; x_wconf 83' lang='lat' dir='ltr'>Cessatis,</span> <span class='ocrx_word' id='word_1_186' title='bbox 575 2319 675 2364; x_wconf 91' lang='lat' dir='ltr'>pueri</span> <span class='ocrx_word' id='word_1_187' title='bbox 692 2345 700 2359; x_wconf 94' lang='lat'>‚</span> <span class='ocrx_word' id='word_1_188' title='bbox 720 2327 753 2351; x_wconf 86' lang='lat' dir='ltr'>et</span> <span class='ocrx_word' id='word_1_189' title='bbox 773 2318 827 2364; x_wconf 92' lang='lat' dir='ltr'>pi-</span> 
     </span>
     <span class='ocr_line' id='line_1_36' title="bbox 149 2371 827 2417; baseline -0.003 -11"><span class='ocrx_word' id='word_1_190' title='bbox 149 2373 281 2417; x_wconf 82' lang='lat' dir='ltr'>griores</span> <span class='ocrx_word' id='word_1_191' title='bbox 303 2373 460 2406; x_wconf 79' lang='lat' dir='ltr'>Vatreno</span> <span class='ocrx_word' id='word_1_192' title='bbox 485 2371 712 2417; x_wconf 86' lang='lat' dir='ltr'>Eridanoque</span> <span class='ocrx_word' id='word_1_193' title='bbox 738 2371 827 2404; x_wconf 87' lang='lat' dir='ltr'>nihil</span> 
     </span>
     <span class='ocr_line' id='line_1_37' title="bbox 150 2423 829 2470; baseline 0 -13"><span class='ocrx_word' id='word_1_194' title='bbox 150 2427 255 2459; x_wconf 88' lang='lat' dir='ltr'>motis</span> <span class='ocrx_word' id='word_1_195' title='bbox 272 2439 290 2459; x_wconf 88' lang='lat' dir='ltr'>a</span> <span class='ocrx_word' id='word_1_196' title='bbox 307 2426 407 2459; x_wconf 83' lang='lat' dir='ltr'>vohis</span> <span class='ocrx_word' id='word_1_197' title='bbox 426 2423 525 2465; x_wconf 87' lang='lat' dir='ltr'>(acri</span> <span class='ocrx_word' id='word_1_198' title='bbox 545 2425 651 2459; x_wconf 87' lang='lat' dir='ltr'>scilic.</span> <span class='ocrx_word' id='word_1_199' title='bbox 673 2433 712 2458; x_wconf 87' lang='lat' dir='ltr'>ut</span> <span class='ocrx_word' id='word_1_200' title='bbox 726 2437 829 2470; x_wconf 89' lang='lat' dir='ltr'>opor-</span> 
     </span>
     <span class='ocr_line' id='line_1_38' title="bbox 150 2475 826 2523; baseline -0.001 -12"><span class='ocrx_word' id='word_1_201' title='bbox 150 2479 261 2520; x_wconf 85' lang='lat' dir='ltr'>tebat,</span> <span class='ocrx_word' id='word_1_202' title='bbox 280 2491 461 2512; x_wconf 88' lang='lat' dir='ltr'>remorum</span> <span class='ocrx_word' id='word_1_203' title='bbox 481 2475 736 2523; x_wconf 87' lang='lat' dir='ltr'>impulsione),</span> <span class='ocrx_word' id='word_1_204' title='bbox 757 2477 826 2510; x_wconf 87' lang='lat' dir='ltr'>tiu-</span> 
     </span>
     <span class='ocr_line' id='line_1_39' title="bbox 149 2529 825 2577; baseline -0.001 -14"><span class='ocrx_word' id='word_1_205' title='bbox 149 2531 229 2577; x_wconf 82' lang='lat' dir='ltr'>gitis</span> <span class='ocrx_word' id='word_1_206' title='bbox 240 2532 352 2566; x_wconf 77' lang='lat' dir='ltr'>lentos</span> <span class='ocrx_word' id='word_1_207' title='bbox 363 2531 407 2564; x_wconf 83' lang='lat' dir='ltr'>ad</span> <span class='ocrx_word' id='word_1_208' title='bbox 417 2532 587 2565; x_wconf 84' lang='lat' dir='ltr'>celeusma</span> <span class='ocrx_word' id='word_1_209' title='bbox 601 2543 727 2564; x_wconf 90' lang='lat' dir='ltr'>remos.</span> <span class='ocrx_word' id='word_1_210' title='bbox 740 2529 825 2563; x_wconf 82' lang='lat' dir='ltr'>Vid.</span> 
     </span>
     <span class='ocr_line' id='line_1_40' title="bbox 151 2583 825 2626; baseline -0.001 -10"><span class='ocrx_word' id='word_1_211' title='bbox 151 2585 280 2618; x_wconf 88' lang='lat' dir='ltr'>Lucan.</span> <span class='ocrx_word' id='word_1_212' title='bbox 300 2598 333 2619; x_wconf 87' lang='lat' dir='ltr'>v.</span> <span class='ocrx_word' id='word_1_213' title='bbox 356 2586 428 2626; x_wconf 76' lang='grc'>448</span> <span class='ocrx_word' id='word_1_214' title='bbox 449 2610 456 2621; x_wconf 82' lang='grc'>,</span> <span class='ocrx_word' id='word_1_215' title='bbox 480 2593 514 2617; x_wconf 86' lang='lat' dir='ltr'>et</span> <span class='ocrx_word' id='word_1_216' title='bbox 534 2583 639 2617; x_wconf 85' lang='lat' dir='ltr'>Ovid.</span> <span class='ocrx_word' id='word_1_217' title='bbox 664 2585 742 2616; x_wconf 86' lang='lat' dir='ltr'>Am.</span> <span class='ocrx_word' id='word_1_218' title='bbox 762 2584 797 2616; x_wconf 93' lang='grc' dir='ltr'>ΙΙ</span> <span class='ocrx_word' id='word_1_219' title='bbox 815 2608 825 2623; x_wconf 85' lang='grc'><em>,</em></span> 
     </span>
     <span class='ocr_line' id='line_1_41' title="bbox 157 2636 827 2677; baseline 0 -7"><span class='ocrx_word' id='word_1_220' title='bbox 157 2650 170 2670; x_wconf 94' lang='lat'>1</span> <span class='ocrx_word' id='word_1_221' title='bbox 185 2650 195 2670; x_wconf 88' lang='lat'>1</span> <span class='ocrx_word' id='word_1_222' title='bbox 214 2664 222 2677; x_wconf 86' lang='lat'>‚</span> <span class='ocrx_word' id='word_1_223' title='bbox 246 2637 277 2670; x_wconf 87' lang='lat'>5.</span> <span class='ocrx_word' id='word_1_224' title='bbox 301 2639 420 2671; x_wconf 81' lang='lat' dir='ltr'>Pellere</span> <span class='ocrx_word' id='word_1_225' title='bbox 448 2638 483 2670; x_wconf 87' lang='lat' dir='ltr'>iu</span> <span class='ocrx_word' id='word_1_226' title='bbox 513 2636 635 2670; x_wconf 86' lang='lat' dir='ltr'>eadem</span> <span class='ocrx_word' id='word_1_227' title='bbox 655 2650 692 2670; x_wconf 86' lang='lat' dir='ltr'>re</span> <span class='ocrx_word' id='word_1_228' title='bbox 718 2636 827 2670; x_wconf 87' lang='lat' dir='ltr'>utitur</span> 
     </span>
    </p>
   </div>
   <div class='ocr_carea' id='block_1_7' title="bbox 886 829 1581 2672">
    <p class='ocr_par' dir='ltr' id='par_1_8' title="bbox 890 829 1581 1725">
     <span class='ocr_line' id='line_1_42' title="bbox 896 829 1578 872; baseline 0.006 -10"><span class='ocrx_word' id='word_1_229' title='bbox 896 829 989 862; x_wconf 87' lang='lat' dir='ltr'>idem</span> <span class='ocrx_word' id='word_1_230' title='bbox 1012 829 1119 863; x_wconf 82' lang='lat' dir='ltr'>Ovid.</span> <span class='ocrx_word' id='word_1_231' title='bbox 1143 830 1250 863; x_wconf 82' lang='lat' dir='ltr'>Pont.</span> <span class='ocrx_word' id='word_1_232' title='bbox 1274 831 1338 871; x_wconf 71' lang='lat' dir='ltr'>IV,</span> <span class='ocrx_word' id='word_1_233' title='bbox 1368 844 1430 871; x_wconf 84' lang='lat'>10,</span> <span class='ocrx_word' id='word_1_234' title='bbox 1453 832 1498 865; x_wconf 79' lang='grc'>33</span> <span class='ocrx_word' id='word_1_235' title='bbox 1515 858 1524 872; x_wconf 89' lang='grc'>,</span> <span class='ocrx_word' id='word_1_236' title='bbox 1544 841 1578 866; x_wconf 87' lang='lat' dir='ltr'>et</span> 
     </span>
     <span class='ocr_line' id='line_1_43' title="bbox 895 882 1577 925; baseline 0.006 -10"><span class='ocrx_word' id='word_1_237' title='bbox 895 883 1030 916; x_wconf 83' lang='lat' dir='ltr'>Tibull.</span> <span class='ocrx_word' id='word_1_238' title='bbox 1046 884 1081 915; x_wconf 85' lang='lat' dir='ltr'>II</span> <span class='ocrx_word' id='word_1_239' title='bbox 1092 909 1101 925; x_wconf 92' lang='lat'>‚</span> <span class='ocrx_word' id='word_1_240' title='bbox 1119 882 1136 916; x_wconf 84' lang='lat'>5</span> <span class='ocrx_word' id='word_1_241' title='bbox 1151 910 1159 925; x_wconf 86' lang='lat'>,</span> <span class='ocrx_word' id='word_1_242' title='bbox 1174 883 1219 923; x_wconf 72' lang='grc'>34</span> <span class='ocrx_word' id='word_1_243' title='bbox 1231 910 1240 923; x_wconf 91' lang='grc'>,</span> <span class='ocrx_word' id='word_1_244' title='bbox 1258 883 1319 916; x_wconf 86' lang='lat' dir='ltr'>ubi</span> <span class='ocrx_word' id='word_1_245' title='bbox 1331 883 1412 916; x_wconf 82' lang='lat' dir='ltr'>vide</span> <span class='ocrx_word' id='word_1_246' title='bbox 1424 885 1577 919; x_wconf 72' lang='lat' dir='ltr'>Brouck.</span> 
     </span>
     <span class='ocr_line' id='line_1_44' title="bbox 895 937 1578 983; baseline 0.004 -14"><span class='ocrx_word' id='word_1_247' title='bbox 895 958 948 962; x_wconf 76' lang='lat'>-—</span> <span class='ocrx_word' id='word_1_248' title='bbox 981 937 1134 983; x_wconf 74' lang='lat' dir='ltr'>Nihilque</span> <span class='ocrx_word' id='word_1_249' title='bbox 1162 939 1271 970; x_wconf 70' lang='lat' dir='ltr'>nostis.</span> <span class='ocrx_word' id='word_1_250' title='bbox 1307 937 1466 982; x_wconf 84' lang='lat' dir='ltr'>Imperiti</span> <span class='ocrx_word' id='word_1_251' title='bbox 1498 939 1578 972; x_wconf 84' lang='lat' dir='ltr'>estis</span> 
     </span>
     <span class='ocr_line' id='line_1_45' title="bbox 897 989 1576 1035; baseline 0.004 -14"><span class='ocrx_word' id='word_1_252' title='bbox 897 990 932 1022; x_wconf 85' lang='lat' dir='ltr'>in</span> <span class='ocrx_word' id='word_1_253' title='bbox 966 998 1039 1023; x_wconf 85' lang='lat' dir='ltr'>arte</span> <span class='ocrx_word' id='word_1_254' title='bbox 1072 989 1282 1034; x_wconf 76' lang='lat' dir='ltr'>navigandi,</span> <span class='ocrx_word' id='word_1_255' title='bbox 1307 991 1470 1035; x_wconf 81' lang='lat' dir='ltr'>navigare</span> <span class='ocrx_word' id='word_1_256' title='bbox 1504 1004 1576 1024; x_wconf 87' lang='lat' dir='ltr'>non</span> 
     </span>
     <span class='ocr_line' id='line_1_46' title="bbox 896 1043 1578 1089; baseline 0.004 -15"><span class='ocrx_word' id='word_1_257' title='bbox 896 1043 1042 1076; x_wconf 80' lang='lat' dir='ltr'>novistis</span> <span class='ocrx_word' id='word_1_258' title='bbox 1057 1057 1065 1085; x_wconf 85' lang='lat'>;</span> <span class='ocrx_word' id='word_1_259' title='bbox 1086 1043 1207 1088; x_wconf 87' lang='lat' dir='ltr'>gallice</span> <span class='ocrx_word' id='word_1_260' title='bbox 1221 1069 1230 1084; x_wconf 84' lang='lat'>‚</span> <span class='ocrx_word' id='word_1_261' title='bbox 1251 1044 1340 1075; x_wconf 73' lang='lat' dir='ltr'>J&#39;ous</span> <span class='ocrx_word' id='word_1_262' title='bbox 1356 1044 1414 1089; x_wconf 66' lang='lat' dir='ltr'>n&#39;y</span> <span class='ocrx_word' id='word_1_263' title='bbox 1431 1048 1578 1077; x_wconf 75' lang='lat' dir='ltr'>connais-</span> 
     </span>
     <span class='ocr_line' id='line_1_47' title="bbox 895 1095 1578 1132; baseline 0.007 -5"><span class='ocrx_word' id='word_1_264' title='bbox 895 1109 945 1128; x_wconf 79' lang='lat' dir='ltr'>se:</span> <span class='ocrx_word' id='word_1_265' title='bbox 963 1098 1041 1130; x_wconf 75' lang='lat' dir='ltr'>rien.</span> <span class='ocrx_word' id='word_1_266' title='bbox 1059 1096 1180 1130; x_wconf 85' lang='lat' dir='ltr'>Genus</span> <span class='ocrx_word' id='word_1_267' title='bbox 1195 1095 1339 1129; x_wconf 80' lang='lat' dir='ltr'>dicendi</span> <span class='ocrx_word' id='word_1_268' title='bbox 1356 1097 1499 1130; x_wconf 82' lang='lat' dir='ltr'>atticum</span> <span class='ocrx_word' id='word_1_269' title='bbox 1516 1107 1578 1132; x_wconf 82' lang='lat' dir='ltr'>est.</span> 
     </span>
     <span class='ocr_line' id='line_1_48' title="bbox 896 1149 1578 1196; baseline 0.003 -14"><span class='ocrx_word' id='word_1_270' title='bbox 896 1171 948 1174; x_wconf 97' lang='lat'><strong>—</strong></span> <span class='ocrx_word' id='word_1_271' title='bbox 966 1149 1049 1183; x_wconf 87' lang='lat' dir='ltr'>Haec</span> <span class='ocrx_word' id='word_1_272' title='bbox 1070 1158 1121 1183; x_wconf 89' lang='lat' dir='ltr'>est</span> <span class='ocrx_word' id='word_1_273' title='bbox 1147 1150 1250 1182; x_wconf 88' lang='lat' dir='ltr'>lectio</span> <span class='ocrx_word' id='word_1_274' title='bbox 1271 1163 1375 1195; x_wconf 87' lang='lat' dir='ltr'>quam</span> <span class='ocrx_word' id='word_1_275' title='bbox 1396 1150 1578 1196; x_wconf 81' lang='lat' dir='ltr'>adoptavi-</span> 
     </span>
     <span class='ocr_line' id='line_1_49' title="bbox 896 1202 1581 1248; baseline 0.004 -14"><span class='ocrx_word' id='word_1_276' title='bbox 896 1214 999 1244; x_wconf 85' lang='lat' dir='ltr'>mus;</span> <span class='ocrx_word' id='word_1_277' title='bbox 1026 1202 1201 1248; x_wconf 85' lang='lat' dir='ltr'>rejicimus</span> <span class='ocrx_word' id='word_1_278' title='bbox 1230 1204 1311 1235; x_wconf 79' lang='lat' dir='ltr'>nihil</span> <span class='ocrx_word' id='word_1_279' title='bbox 1338 1207 1468 1244; x_wconf 70' lang='lat' dir='ltr'>mdstis,</span> <span class='ocrx_word' id='word_1_280' title='bbox 1498 1206 1581 1237; x_wconf 82' lang='lat' dir='ltr'>nihil</span> 
     </span>
     <span class='ocr_line' id='line_1_50' title="bbox 890 1254 1579 1301; baseline 0.007 -15"><span class='ocrx_word' id='word_1_281' title='bbox 890 1257 992 1300; x_wconf 71' lang='lat' dir='ltr'>po‘slis</span> <span class='ocrx_word' id='word_1_282' title='bbox 1007 1283 1016 1296; x_wconf 93' lang='lat'><em>,</em></span> <span class='ocrx_word' id='word_1_283' title='bbox 1039 1256 1119 1301; x_wconf 85' lang='lat' dir='ltr'>quia</span> <span class='ocrx_word' id='word_1_284' title='bbox 1134 1254 1224 1288; x_wconf 89' lang='lat' dir='ltr'>dura</span> <span class='ocrx_word' id='word_1_285' title='bbox 1243 1265 1276 1289; x_wconf 91' lang='lat' dir='ltr'>et</span> <span class='ocrx_word' id='word_1_286' title='bbox 1293 1256 1444 1289; x_wconf 84' lang='lat' dir='ltr'>insolens</span> <span class='ocrx_word' id='word_1_287' title='bbox 1462 1266 1511 1290; x_wconf 84' lang='lat' dir='ltr'>est</span> <span class='ocrx_word' id='word_1_288' title='bbox 1526 1257 1579 1291; x_wconf 87' lang='lat' dir='ltr'>di-</span> 
     </span>
     <span class='ocr_line' id='line_1_51' title="bbox 895 1308 1577 1354; baseline 0.004 -13"><span class='ocrx_word' id='word_1_289' title='bbox 895 1308 1000 1341; x_wconf 84' lang='lat' dir='ltr'>cendi</span> <span class='ocrx_word' id='word_1_290' title='bbox 1014 1309 1104 1342; x_wconf 85' lang='lat' dir='ltr'>ratio</span> <span class='ocrx_word' id='word_1_291' title='bbox 1118 1334 1127 1350; x_wconf 92' lang='lat'>,</span> <span class='ocrx_word' id='word_1_292' title='bbox 1148 1321 1165 1341; x_wconf 87' lang='lat' dir='ltr'>a</span> <span class='ocrx_word' id='word_1_293' title='bbox 1183 1318 1285 1354; x_wconf 80' lang='lat' dir='ltr'>gustu</span> <span class='ocrx_word' id='word_1_294' title='bbox 1302 1310 1391 1342; x_wconf 86' lang='lat' dir='ltr'>sicut</span> <span class='ocrx_word' id='word_1_295' title='bbox 1409 1318 1442 1342; x_wconf 89' lang='lat' dir='ltr'>et</span> <span class='ocrx_word' id='word_1_296' title='bbox 1455 1311 1497 1343; x_wconf 91' lang='lat' dir='ltr'>ab</span> <span class='ocrx_word' id='word_1_297' title='bbox 1517 1324 1577 1344; x_wconf 89' lang='lat' dir='ltr'>au-</span> 
     </span>
     <span class='ocr_line' id='line_1_52' title="bbox 895 1361 1576 1410; baseline 0.007 -18"><span class='ocrx_word' id='word_1_298' title='bbox 895 1361 992 1395; x_wconf 84' lang='lat' dir='ltr'>ribus</span> <span class='ocrx_word' id='word_1_299' title='bbox 1014 1363 1211 1403; x_wconf 79' lang='lat' dir='ltr'>absonans;</span> <span class='ocrx_word' id='word_1_300' title='bbox 1232 1363 1313 1394; x_wconf 82' lang='lat' dir='ltr'>nihil</span> <span class='ocrx_word' id='word_1_301' title='bbox 1327 1366 1452 1395; x_wconf 70' lang='lat' dir='ltr'>movetis</span> <span class='ocrx_word' id='word_1_302' title='bbox 1464 1391 1473 1403; x_wconf 89' lang='lat'><em>,</em></span> <span class='ocrx_word' id='word_1_303' title='bbox 1495 1365 1576 1410; x_wconf 81' lang='lat' dir='ltr'>quia</span> 
     </span>
     <span class='ocr_line' id='line_1_53' title="bbox 895 1414 1576 1460; baseline 0.004 -13"><span class='ocrx_word' id='word_1_304' title='bbox 895 1414 962 1447; x_wconf 87' lang='lat' dir='ltr'>hoc</span> <span class='ocrx_word' id='word_1_305' title='bbox 984 1424 1119 1448; x_wconf 88' lang='lat' dir='ltr'>tantum</span> <span class='ocrx_word' id='word_1_306' title='bbox 1139 1415 1327 1460; x_wconf 86' lang='lat' dir='ltr'>conjicitur</span> <span class='ocrx_word' id='word_1_307' title='bbox 1345 1429 1362 1448; x_wconf 89' lang='lat' dir='ltr'>a</span> <span class='ocrx_word' id='word_1_308' title='bbox 1381 1417 1576 1458; x_wconf 88' lang='lat' dir='ltr'>Farnahio,</span> 
     </span>
     <span class='ocr_line' id='line_1_54' title="bbox 894 1468 1575 1514; baseline 0.004 -14"><span class='ocrx_word' id='word_1_309' title='bbox 894 1480 958 1500; x_wconf 89' lang='lat' dir='ltr'>nec</span> <span class='ocrx_word' id='word_1_310' title='bbox 980 1468 1087 1501; x_wconf 90' lang='lat' dir='ltr'>habet</span> <span class='ocrx_word' id='word_1_311' title='bbox 1113 1481 1183 1514; x_wconf 86' lang='lat' dir='ltr'>quo</span> <span class='ocrx_word' id='word_1_312' title='bbox 1212 1468 1442 1503; x_wconf 81' lang='lat' dir='ltr'>confirmetur</span> <span class='ocrx_word' id='word_1_313' title='bbox 1458 1495 1467 1511; x_wconf 92' lang='lat'>‚</span> <span class='ocrx_word' id='word_1_314' title='bbox 1489 1470 1575 1503; x_wconf 89' lang='lat' dir='ltr'>alio-</span> 
     </span>
     <span class='ocr_line' id='line_1_55' title="bbox 894 1520 1576 1566; baseline 0.006 -14"><span class='ocrx_word' id='word_1_315' title='bbox 894 1520 980 1566; x_wconf 86' lang='lat' dir='ltr'>quin</span> <span class='ocrx_word' id='word_1_316' title='bbox 996 1522 1099 1555; x_wconf 88' lang='lat' dir='ltr'>lectio</span> <span class='ocrx_word' id='word_1_317' title='bbox 1109 1535 1181 1554; x_wconf 88' lang='lat' dir='ltr'>non</span> <span class='ocrx_word' id='word_1_318' title='bbox 1192 1524 1451 1556; x_wconf 83' lang='lat' dir='ltr'>contemnenda</span> <span class='ocrx_word' id='word_1_319' title='bbox 1461 1536 1470 1564; x_wconf 94' lang='lat'>;</span> <span class='ocrx_word' id='word_1_320' title='bbox 1482 1524 1576 1556; x_wconf 80' lang='lat' dir='ltr'>nihil-</span> 
     </span>
     <span class='ocr_line' id='line_1_56' title="bbox 894 1575 1575 1621; baseline 0.006 -15"><span class='ocrx_word' id='word_1_321' title='bbox 894 1587 951 1619; x_wconf 85' lang='lat' dir='ltr'>que</span> <span class='ocrx_word' id='word_1_322' title='bbox 967 1578 1077 1616; x_wconf 76' lang='lat' dir='ltr'>motis,</span> <span class='ocrx_word' id='word_1_323' title='bbox 1098 1575 1182 1621; x_wconf 90' lang='lat' dir='ltr'>quia</span> <span class='ocrx_word' id='word_1_324' title='bbox 1202 1575 1367 1621; x_wconf 81' lang='lat' dir='ltr'>repetitio</span> <span class='ocrx_word' id='word_1_325' title='bbox 1391 1577 1481 1609; x_wconf 89' lang='lat' dir='ltr'>foret</span> <span class='ocrx_word' id='word_1_326' title='bbox 1499 1577 1575 1610; x_wconf 87' lang='lat' dir='ltr'>ine-</span> 
     </span>
     <span class='ocr_line' id='line_1_57' title="bbox 892 1627 1575 1672; baseline 0.004 -12"><span class='ocrx_word' id='word_1_327' title='bbox 892 1627 1010 1672; x_wconf 82' lang='lat' dir='ltr'>legans</span> <span class='ocrx_word' id='word_1_328' title='bbox 1030 1641 1157 1662; x_wconf 87' lang='lat' dir='ltr'>sonans</span> <span class='ocrx_word' id='word_1_329' title='bbox 1183 1640 1267 1661; x_wconf 87' lang='lat' dir='ltr'>cum</span> <span class='ocrx_word' id='word_1_330' title='bbox 1288 1641 1394 1662; x_wconf 82' lang='lat' dir='ltr'>versu</span> <span class='ocrx_word' id='word_1_331' title='bbox 1417 1630 1520 1663; x_wconf 85' lang='lat' dir='ltr'>tertio</span> <span class='ocrx_word' id='word_1_332' title='bbox 1541 1640 1575 1664; x_wconf 90' lang='lat' dir='ltr'>et</span> 
     </span>
     <span class='ocr_line' id='line_1_58' title="bbox 893 1682 1121 1725; baseline 0.009 -12"><span class='ocrx_word' id='word_1_333' title='bbox 893 1689 1032 1725; x_wconf 87' lang='lat' dir='ltr'>quarto.</span> <span class='ocrx_word' id='word_1_334' title='bbox 1053 1682 1121 1715; x_wconf 77' lang='lat' dir='ltr'>En.</span> 
     </span>
    </p>

    <p class='ocr_par' dir='ltr' id='par_1_9' title="bbox 886 1734 1574 2672">
     <span class='ocr_line' id='line_1_59' title="bbox 949 1734 1574 1782; baseline 0.006 -16"><span class='ocrx_word' id='word_1_335' title='bbox 949 1747 983 1767; x_wconf 84' lang='lat'>2.</span> <span class='ocrx_word' id='word_1_336' title='bbox 999 1734 1160 1776; x_wconf 68' lang='lat' dir='ltr'>Van-eno,</span> <span class='ocrx_word' id='word_1_337' title='bbox 1177 1736 1353 1782; x_wconf 75' lang='lat' dir='ltr'>Rutiuaquc</span> <span class='ocrx_word' id='word_1_338' title='bbox 1366 1736 1574 1771; x_wconf 78' lang='lat' dir='ltr'>Beverlandi</span> 
     </span>
     <span class='ocr_line' id='line_1_60' title="bbox 892 1786 1574 1835; baseline 0.007 -16"><span class='ocrx_word' id='word_1_339' title='bbox 892 1786 966 1820; x_wconf 81' lang='lat' dir='ltr'>MS.</span> <span class='ocrx_word' id='word_1_340' title='bbox 1003 1787 1146 1821; x_wconf 64' lang='lat' dir='ltr'>Vati-eno</span> <span class='ocrx_word' id='word_1_341' title='bbox 1182 1789 1363 1835; x_wconf 70' lang='lat' dir='ltr'>Rasinaque</span> <span class='ocrx_word' id='word_1_342' title='bbox 1399 1790 1574 1824; x_wconf 85' lang='lat' dir='ltr'>Gruterus</span> 
     </span>
     <span class='ocr_line' id='line_1_61' title="bbox 893 1839 1573 1876; baseline 0.006 -4"><span class='ocrx_word' id='word_1_343' title='bbox 893 1851 933 1872; x_wconf 86' lang='lat' dir='ltr'>ex</span> <span class='ocrx_word' id='word_1_344' title='bbox 952 1839 1073 1874; x_wconf 84' lang='lat' dir='ltr'>codice</span> <span class='ocrx_word' id='word_1_345' title='bbox 1095 1842 1267 1875; x_wconf 86' lang='lat' dir='ltr'>Palatino.</span> <span class='ocrx_word' id='word_1_346' title='bbox 1296 1843 1433 1875; x_wconf 68' lang='lat' dir='ltr'>seteruo</span> <span class='ocrx_word' id='word_1_347' title='bbox 1453 1846 1573 1876; x_wconf 78' lang='lat' dir='ltr'>resina-</span> 
     </span>
     <span class='ocr_line' id='line_1_62' title="bbox 892 1893 1571 1940; baseline 0.009 -16"><span class='ocrx_word' id='word_1_348' title='bbox 892 1906 950 1937; x_wconf 86' lang='lat' dir='ltr'>que</span> <span class='ocrx_word' id='word_1_349' title='bbox 969 1893 1051 1926; x_wconf 90' lang='lat' dir='ltr'>Ald.</span> <span class='ocrx_word' id='word_1_350' title='bbox 1073 1894 1175 1927; x_wconf 88' lang='lat' dir='ltr'>Junt.</span> <span class='ocrx_word' id='word_1_351' title='bbox 1203 1894 1318 1927; x_wconf 85' lang='lat' dir='ltr'>Colin.</span> <span class='ocrx_word' id='word_1_352' title='bbox 1346 1895 1485 1940; x_wconf 74' lang='lat' dir='ltr'>Gryph.</span> <span class='ocrx_word' id='word_1_353' title='bbox 1507 1897 1571 1930; x_wconf 84' lang='lat' dir='ltr'>Ju-</span> 
     </span>
     <span class='ocr_line' id='line_1_63' title="bbox 891 1946 1572 1992; baseline 0.006 -14"><span class='ocrx_word' id='word_1_354' title='bbox 891 1946 984 1979; x_wconf 87' lang='lat' dir='ltr'>nian.</span> <span class='ocrx_word' id='word_1_355' title='bbox 1014 1947 1122 1991; x_wconf 86' lang='lat' dir='ltr'>Lang.</span> <span class='ocrx_word' id='word_1_356' title='bbox 1146 1948 1313 1980; x_wconf 85' lang='lat' dir='ltr'>Ramires.</span> <span class='ocrx_word' id='word_1_357' title='bbox 1341 1947 1572 1992; x_wconf 74' lang='lat' dir='ltr'>Caklerinus,</span> 
     </span>
     <span class='ocr_line' id='line_1_64' title="bbox 892 1998 1570 2045; baseline 0.006 -14"><span class='ocrx_word' id='word_1_358' title='bbox 892 2007 955 2032; x_wconf 89' lang='lat' dir='ltr'>etc.</span> <span class='ocrx_word' id='word_1_359' title='bbox 975 1998 1059 2033; x_wconf 80' lang='lat' dir='ltr'>Vid.</span> <span class='ocrx_word' id='word_1_360' title='bbox 1087 2000 1129 2033; x_wconf 92' lang='lat' dir='ltr'>G.</span> <span class='ocrx_word' id='word_1_361' title='bbox 1160 2000 1276 2034; x_wconf 86' lang='lat' dir='ltr'>Vossii</span> <span class='ocrx_word' id='word_1_362' title='bbox 1304 2001 1570 2045; x_wconf 83' lang='lat' dir='ltr'>Aristarchum,</span> 
     </span>
     <span class='ocr_line' id='line_1_65' title="bbox 890 2053 1572 2097; baseline 0.004 -12"><span class='ocrx_word' id='word_1_363' title='bbox 890 2065 925 2097; x_wconf 90' lang='lat' dir='ltr'>p.</span> <span class='ocrx_word' id='word_1_364' title='bbox 954 2056 1024 2085; x_wconf 83' lang='lat'>300</span> <span class='ocrx_word' id='word_1_365' title='bbox 1043 2079 1052 2094; x_wconf 83' lang='lat'>‚</span> <span class='ocrx_word' id='word_1_366' title='bbox 1075 2053 1098 2085; x_wconf 88' lang='lat' dir='ltr'>l.</span> <span class='ocrx_word' id='word_1_367' title='bbox 1136 2066 1152 2085; x_wconf 84' lang='lat'><strong>2</strong></span> <span class='ocrx_word' id='word_1_368' title='bbox 1173 2079 1181 2093; x_wconf 82' lang='lat'>,</span> <span class='ocrx_word' id='word_1_369' title='bbox 1199 2061 1233 2086; x_wconf 85' lang='lat' dir='ltr'>et</span> <span class='ocrx_word' id='word_1_370' title='bbox 1252 2066 1323 2086; x_wconf 83' lang='lat' dir='ltr'>var.</span> <span class='ocrx_word' id='word_1_371' title='bbox 1342 2063 1415 2087; x_wconf 86' lang='lat' dir='ltr'>not.</span> <span class='ocrx_word' id='word_1_372' title='bbox 1437 2068 1572 2088; x_wconf 76' lang='lat' dir='ltr'>remora-</span> 
     </span>
     <span class='ocr_line' id='line_1_66' title="bbox 890 2107 1570 2150; baseline 0.007 -13"><span class='ocrx_word' id='word_1_373' title='bbox 890 2118 948 2150; x_wconf 79' lang='lat' dir='ltr'>que</span> <span class='ocrx_word' id='word_1_374' title='bbox 961 2108 1118 2150; x_wconf 63' lang='lat' dir='ltr'>pigriores</span> <span class='ocrx_word' id='word_1_375' title='bbox 1140 2119 1182 2139; x_wconf 82' lang='lat' dir='ltr'>ex</span> <span class='ocrx_word' id='word_1_376' title='bbox 1202 2107 1389 2140; x_wconf 85' lang='lat' dir='ltr'>Pulmanni</span> <span class='ocrx_word' id='word_1_377' title='bbox 1412 2107 1570 2142; x_wconf 72' lang='lat' dir='ltr'>editione</span> 
     </span>
     <span class='ocr_line' id='line_1_67' title="bbox 889 2159 1569 2204; baseline 0.006 -14"><span class='ocrx_word' id='word_1_378' title='bbox 889 2159 973 2191; x_wconf 84' lang='lat' dir='ltr'>citat</span> <span class='ocrx_word' id='word_1_379' title='bbox 993 2159 1158 2204; x_wconf 81' lang='lat' dir='ltr'>Langius.</span> <span class='ocrx_word' id='word_1_380' title='bbox 1179 2160 1301 2193; x_wconf 85' lang='lat' dir='ltr'>Lectio</span> <span class='ocrx_word' id='word_1_381' title='bbox 1322 2169 1442 2194; x_wconf 80' lang='lat' dir='ltr'>nostra</span> <span class='ocrx_word' id='word_1_382' title='bbox 1462 2161 1569 2194; x_wconf 82' lang='lat' dir='ltr'>debe-</span> 
     </span>
     <span class='ocr_line' id='line_1_68' title="bbox 889 2212 1570 2258; baseline 0.003 -14"><span class='ocrx_word' id='word_1_383' title='bbox 889 2219 946 2244; x_wconf 90' lang='lat' dir='ltr'>tur</span> <span class='ocrx_word' id='word_1_384' title='bbox 966 2212 1130 2245; x_wconf 78' lang='lat' dir='ltr'>Cluverio</span> <span class='ocrx_word' id='word_1_385' title='bbox 1147 2212 1183 2245; x_wconf 86' lang='lat' dir='ltr'>in</span> <span class='ocrx_word' id='word_1_386' title='bbox 1201 2214 1278 2246; x_wconf 81' lang='lat' dir='ltr'>Ital.</span> <span class='ocrx_word' id='word_1_387' title='bbox 1297 2214 1415 2258; x_wconf 80' lang='lat' dir='ltr'>Antiq.</span> <span class='ocrx_word' id='word_1_388' title='bbox 1434 2236 1486 2240; x_wconf 90' lang='lat'>—</span> <span class='ocrx_word' id='word_1_389' title='bbox 1503 2216 1570 2247; x_wconf 69' lang='grc' dir='ltr'>Ῑίι-</span> 
     </span>
     <span class='ocr_line' id='line_1_69' title="bbox 889 2265 1568 2312; baseline 0.007 -16"><span class='ocrx_word' id='word_1_390' title='bbox 889 2272 974 2297; x_wconf 82' lang='lat' dir='ltr'>treno</span> <span class='ocrx_word' id='word_1_391' title='bbox 991 2265 1198 2312; x_wconf 80' lang='lat' dir='ltr'>Eridanoque</span> <span class='ocrx_word' id='word_1_392' title='bbox 1212 2268 1380 2311; x_wconf 71' lang='lat' dir='ltr'>pigriores.</span> <span class='ocrx_word' id='word_1_393' title='bbox 1404 2267 1453 2300; x_wconf 88' lang='lat' dir='ltr'>Ut</span> <span class='ocrx_word' id='word_1_394' title='bbox 1472 2267 1568 2302; x_wconf 88' lang='lat' dir='ltr'>hunc</span> 
     </span>
     <span class='ocr_line' id='line_1_70' title="bbox 886 2319 1568 2364; baseline 0.006 -14"><span class='ocrx_word' id='word_1_395' title='bbox 886 2330 1026 2351; x_wconf 85' lang='lat' dir='ltr'>versum</span> <span class='ocrx_word' id='word_1_396' title='bbox 1064 2319 1298 2364; x_wconf 88' lang='lat' dir='ltr'>intelligamus</span> <span class='ocrx_word' id='word_1_397' title='bbox 1317 2345 1325 2357; x_wconf 93' lang='lat'><strong><em>,</em></strong></span> <span class='ocrx_word' id='word_1_398' title='bbox 1365 2321 1568 2355; x_wconf 86' lang='lat' dir='ltr'>memineri-</span> 
     </span>
     <span class='ocr_line' id='line_1_71' title="bbox 887 2371 1567 2408; baseline 0.007 -5"><span class='ocrx_word' id='word_1_399' title='bbox 887 2383 964 2404; x_wconf 87' lang='lat' dir='ltr'>mus</span> <span class='ocrx_word' id='word_1_400' title='bbox 980 2379 1057 2404; x_wconf 87' lang='lat' dir='ltr'>tum</span> <span class='ocrx_word' id='word_1_401' title='bbox 1071 2371 1174 2404; x_wconf 85' lang='lat' dir='ltr'>fuisse</span> <span class='ocrx_word' id='word_1_402' title='bbox 1190 2372 1386 2404; x_wconf 79' lang='lat' dir='ltr'>Martialem</span> <span class='ocrx_word' id='word_1_403' title='bbox 1401 2373 1436 2405; x_wconf 88' lang='lat' dir='ltr'>in</span> <span class='ocrx_word' id='word_1_404' title='bbox 1454 2374 1567 2408; x_wconf 82' lang='lat' dir='ltr'>Gallia</span> 
     </span>
     <span class='ocr_line' id='line_1_72' title="bbox 887 2424 1566 2470; baseline 0.006 -14"><span class='ocrx_word' id='word_1_405' title='bbox 887 2424 1063 2469; x_wconf 80' lang='lat' dir='ltr'>Cisalpina</span> <span class='ocrx_word' id='word_1_406' title='bbox 1077 2450 1086 2465; x_wconf 84' lang='lat'>‚</span> <span class='ocrx_word' id='word_1_407' title='bbox 1110 2433 1144 2457; x_wconf 89' lang='lat' dir='ltr'>et</span> <span class='ocrx_word' id='word_1_408' title='bbox 1165 2425 1308 2457; x_wconf 81' lang='lat' dir='ltr'>fortasse</span> <span class='ocrx_word' id='word_1_409' title='bbox 1327 2437 1391 2470; x_wconf 89' lang='lat' dir='ltr'>per</span> <span class='ocrx_word' id='word_1_410' title='bbox 1409 2426 1473 2460; x_wconf 79' lang='lat' dir='ltr'>hos</span> <span class='ocrx_word' id='word_1_411' title='bbox 1493 2440 1566 2460; x_wconf 82' lang='lat' dir='ltr'>am-</span> 
     </span>
     <span class='ocr_line' id='line_1_73' title="bbox 886 2477 1566 2525; baseline 0.007 -16"><span class='ocrx_word' id='word_1_412' title='bbox 886 2489 947 2510; x_wconf 90' lang='lat' dir='ltr'>nes</span> <span class='ocrx_word' id='word_1_413' title='bbox 963 2477 1140 2522; x_wconf 83' lang='lat' dir='ltr'>navigasse</span> <span class='ocrx_word' id='word_1_414' title='bbox 1156 2504 1165 2519; x_wconf 89' lang='lat'>,</span> <span class='ocrx_word' id='word_1_415' title='bbox 1187 2478 1318 2522; x_wconf 89' lang='lat' dir='ltr'>quibus</span> <span class='ocrx_word' id='word_1_416' title='bbox 1337 2491 1400 2523; x_wconf 88' lang='lat' dir='ltr'>per</span> <span class='ocrx_word' id='word_1_417' title='bbox 1419 2492 1454 2512; x_wconf 90' lang='lat' dir='ltr'>se</span> <span class='ocrx_word' id='word_1_418' title='bbox 1474 2480 1566 2525; x_wconf 83' lang='lat' dir='ltr'>ipsos</span> 
     </span>
     <span class='ocr_line' id='line_1_74' title="bbox 886 2530 1567 2576; baseline 0.007 -14"><span class='ocrx_word' id='word_1_419' title='bbox 886 2530 989 2563; x_wconf 86' lang='lat' dir='ltr'>lentis</span> <span class='ocrx_word' id='word_1_420' title='bbox 1005 2531 1170 2563; x_wconf 87' lang='lat' dir='ltr'>lentiores</span> <span class='ocrx_word' id='word_1_421' title='bbox 1183 2539 1282 2563; x_wconf 87' lang='lat' dir='ltr'>erant</span> <span class='ocrx_word' id='word_1_422' title='bbox 1297 2532 1432 2576; x_wconf 70' lang='lat' dir='ltr'>cymbae</span> <span class='ocrx_word' id='word_1_423' title='bbox 1446 2532 1567 2567; x_wconf 88' lang='lat' dir='ltr'>ducto-</span> 
     </span>
     <span class='ocr_line' id='line_1_75' title="bbox 886 2582 1566 2629; baseline 0.004 -13"><span class='ocrx_word' id='word_1_424' title='bbox 886 2595 951 2616; x_wconf 89' lang='lat' dir='ltr'>res.</span> <span class='ocrx_word' id='word_1_425' title='bbox 972 2582 1056 2616; x_wconf 87' lang='lat' dir='ltr'>Vid.</span> <span class='ocrx_word' id='word_1_426' title='bbox 1077 2583 1184 2629; x_wconf 85' lang='lat' dir='ltr'>epigr.</span> <span class='ocrx_word' id='word_1_427' title='bbox 1205 2596 1217 2616; x_wconf 91' lang='lat'>1</span> <span class='ocrx_word' id='word_1_428' title='bbox 1237 2592 1271 2616; x_wconf 89' lang='lat' dir='ltr'>et</span> <span class='ocrx_word' id='word_1_429' title='bbox 1295 2597 1331 2616; x_wconf 80' lang='lat' dir='ltr'>iv</span> <span class='ocrx_word' id='word_1_430' title='bbox 1348 2598 1424 2629; x_wconf 86' lang='lat' dir='ltr'>sup.</span> <span class='ocrx_word' id='word_1_431' title='bbox 1443 2586 1566 2619; x_wconf 85' lang='lat' dir='ltr'>En.—</span> 
     </span>
     <span class='ocr_line' id='line_1_76' title="bbox 888 2636 1564 2672; baseline 0.006 -4"><span class='ocrx_word' id='word_1_432' title='bbox 888 2637 1051 2669; x_wconf 86' lang='lat' dir='ltr'>Nostram</span> <span class='ocrx_word' id='word_1_433' title='bbox 1080 2637 1267 2670; x_wconf 86' lang='lat' dir='ltr'>lectionem</span> <span class='ocrx_word' id='word_1_434' title='bbox 1295 2636 1391 2671; x_wconf 79' lang='lat' dir='ltr'>dedit</span> <span class='ocrx_word' id='word_1_435' title='bbox 1418 2639 1470 2672; x_wconf 89' lang='lat' dir='ltr'>Cl.</span> <span class='ocrx_word' id='word_1_436' title='bbox 1502 2639 1564 2672; x_wconf 46' lang='lat' dir='ltr'>Ph·</span> 
     </span>
    </p>
   </div>
  </div>
 </body>
</html>
