2061 3288
429 227 1018 271 EPIGRAMMATUM
1057 227 1180 269 LIB.
1221 226 1284 267 11.

1474 241 1556 286 171

297 315 443 375 Scipio
469 313 588 375 quod
615 314 774 369 victor,
800 313 1004 374 quodque
1029 311 1232 356 Metellus
1257 312 1414 366 habet3

227 383 425 428 Nobilius
447 384 614 429 domito
639 384 789 429 tribuit
812 385 1047 429 Germania
1072 383 1230 426 Rheno
1245 418 1256 439 ‚

297 456 355 499 Et
380 470 490 516 puer
516 456 601 500 hoc
630 455 786 516 (lignus
817 456 1020 511 nomine,
1052 456 1218 510 Caesar,
1251 469 1357 497 eras.

226 526 378 569 Frater
404 526 619 571 Idumaeos
649 528 811 570 meruit
839 543 939 571 cum
967 535 1092 587 patre
1116 524 1362 585 triumphos
1384 541 1392 566 :
1558 542 1572 565 5

297 597 408 653 Quae
438 596 567 640 datur
598 614 650 641 ex
681 598 818 642 Cattis
848 596 1020 653 laurea,
1044 605 1135 640 tota
1166 605 1241 639 tua
1271 604 1347 638 est.

157 736 250 769 ferro
283 748 347 782 per
379 737 575 770 triennium
604 746 770 771 vastatam
798 738 835 771 in

158 789 347 834 provinciae
382 790 530 824 somnam
561 790 719 836 redegit;
753 790 836 824 inde

161 841 303 875 Creticus
336 851 387 876 est
414 844 619 889 appellatus.
644 865 696 872 —-
715 844 835 889 Majus.

158 895 317 928 Primum
347 896 481 929 bellum
511 897 685 930 Punicum
711 898 838 930 exarsit

159 960 252 981 anno
275 949 318 982 ab
341 950 439 982 Urbe
468 949 610 984 condita
641 951 712 994 489
728 976 737 991 ‚
756 958 790 983 et
821 963 839 983 a

159 1001 203 1042 Q.
226 1002 368 1035 Lutatio
395 1003 520 1037 Catulo
549 1003 752 1037 confectum
776 1011 837 1038 est.

160 1054 365 1088 Secundum
391 1068 484 1089 anno
514 1057 585 1090 536
602 1083 609 1095 ,
635 1055 730 1102 quod
760 1065 840 1102 post

160 1120 270 1141 annos
297 1120 339 1152 17
360 1110 498 1155 peregit
519 1109 636 1154 Scipio
653 1110 839 1143 Africanus

160 1162 293 1206 major;
307 1162 450 1195 tertium
464 1175 554 1195 anuo
570 1162 640 1196 605
661 1171 814 1209 coeptum
827 1187 837 1203 ‚

161 1214 260 1247 annis
302 1223 454 1260 quatuor
498 1216 645 1249 absolvit
694 1216 839 1249 Publius

162 1266 280 1312 Scipio
312 1269 541 1309 AEmilimms,
571 1269 625 1301 vel
658 1269 841 1302 Africanus

161 1319 280 1352 minor
298 1332 306 1352 :
327 1322 426 1366 cujus
447 1322 557 1367 majus
577 1334 682 1367 quam
705 1323 841 1355 Metelli

161 1385 291 1406 nomen
310 1382 360 1406 est
375 1399 384 1415 ,
399 1386 530 1419 quum,
552 1375 765 1419 Carthagine
785 1374 843 1408 de-

161 1425 230 1459 leta
247 1451 256 1468 ‚
278 1438 351 1459 non
379 1439 488 1460 unam
514 1436 650 1460 tantum
670 1428 815 1461 insulam
834 1455 842 1469 ‚

163 1478 224 1512 sed
245 1479 384 1512 tertiam
406 1481 500 1514 orbis
527 1490 662 1526 partem
696 1494 841 1514 romano

165 1533 341 1577 subegerit
356 1533 509 1579 imperio
522 1560 531 1575 ‚
543 1543 577 1566 et
593 1534 688 1567 urbis
701 1535 843 1579 Reginae

165 1585 324 1619 aemulam
340 1587 532 1620 sustulerit.

220 1639 252 1672 3.
272 1639 690 1682 Νοόίίίαε.,])οιιιίῐίαῃυ5,
704 1642 842 1686 juvenis

165 1689 355 1724 admodum
370 1716 378 1728 ‚
409 1692 671 1738 expeditionem
695 1694 845 1740 suscepit

166 1744 202 1776 in
220 1743 458 1788 Germaniam,
475 1754 562 1780 teste
579 1747 748 1780 Suetonio
763 1743 846 1786 (Do-

166 1797 242 1831 mit.
267 1810 342 1843 cap.
366 1793 439 1841 2),
472 1812 587 1844 neque
616 1800 844 1833 necessariam

166 1863 282 1896 neque
314 1851 458 1894 utilen13
483 1864 525 1885 ex
548 1865 616 1898 qua
641 1853 844 1898 appellatio-

166 1916 248 1936 nem
273 1903 475 1938 Germanici
505 1906 548 1939 ab
576 1918 616 1939 eo
642 1915 816 1952 sumptam
835 1932 844 1947 ‚

167 1956 378 1990 nobiliorem
400 1957 486 1991 dicit
505 1968 624 2003 poeta,
653 1959 733 2004 quia
760 1959 846 1992 Ger-

168 2010 262 2043 mani
286 2011 450 2044 mollibus
473 2011 698 2045 Cretensibus
720 2012 847 2046 discin-

169 2064 300 2108 ctisque
336 2064 429 2097 Afris
466 2074 547 2099 sunt
583 2065 844 2107 bellicosiores;

170 2124 245 2148 tum
280 2129 420 2162 quoque
461 2117 558 2163 quod
594 2119 818 2152 Domitianus
839 2145 848 2159 ,

170 2181 267 2213 paene
282 2181 385 2214 puer,
399 2182 463 2203 nec
475 2197 483 2212 ‚
496 2179 535 2204 ut
550 2171 712 2205 Metellus
729 2180 762 2205 et
772 2172 847 2205 Sci-

169 2222 229 2267 pio
242 2243 252 2259 ,
269 2230 366 2256 aetate
379 2225 580 2267 provectior
592 2251 600 2264 ,
615 2237 690 2258 eam
707 2235 757 2259 est
769 2238 849 2271 pro-

171 2275 336 2316 meritus;
353 2276 457 2309 simul
473 2275 624 2323 denique
640 2277 738 2323 quod
755 2279 847 2312 solus

171 2328 352 2361 victoriam
388 2328 534 2374 adeptus
571 2331 639 2371 sit,
676 2344 747 2364 non
761 2358 770 2372 ‚
809 2340 848 2364 ut

170 2381 276 2415 frater
290 2383 364 2427 ejus
377 2382 477 2415 Titus
489 2408 499 2423 ‚
519 2382 704 2428 adjuvante
720 2385 850 2430 Vespa-

172 2433 281 2468 siano.
296 2434 380 2468 Vid.
399 2436 510 2469 Tacit¹
530 2436 610 2470 hist.
624 2436 684 2470 lib.
701 2438 765 2470 IV.
780 2438 846 2470 En.

227 2487 259 2521 5.
282 2488 415 2529 Frater,
437 2497 499 2523 etc.
524 2489 623 2523 Titus
645 2490 849 2535 Hierosoly-

894 750 986 771 mam
1017 737 1143 771 evertit
1170 749 1261 770 anno
1291 736 1425 771 Christi
1453 749 1523 781 703
1540 745 1575 770 at

894 791 962 824 hoc
994 791 1127 824 bellum
1158 790 1392 836 Vespasianus
1427 790 1574 823 inchoa—

895 853 992 877 verat
1013 870 1021 885 ,
1056 852 1090 877 et
1122 842 1223 877 valde
1253 852 1491 889 promoverat.
1523 865 1575 870 —

897 898 1061 930 Idamaeos.
1077 895 1230 930 Idumaea
1240 923 1248 938 ‚
1259 897 1354 942 regio
1366 897 1556 930 Palaestinae
1566 922 1575 937 ‚

897 951 988 983 inter
1017 950 1181 983 Arabiam
1208 950 1378 983 Petraeam
1409 958 1442 983 et
1470 952 1578 995 1133)·-

896 1012 1015 1049 ptum‚
1052 1016 1071 1037 a
1106 1016 1177 1049 qua
1213 1002 1328 1036 Judaei
1368 1002 1454 1036 dicti
1496 1010 1578 1036 sunt

897 1056 1055 1090 Idumaei.

954 1113 988 1142 6.
1015 1111 1098 1153 Quw
1123 1110 1219 1142 datur·
1246 1123 1285 1142 ea:
1309 1110 1415 1142 Castis
1447 1109 1483 1141 in
1502 1108 1577 1142 MS.

900 1161 1107 1197 Beverlandi
1126 1175 1134 1196 z
1154 1177 1192 1195 ex
1224 1162 1352 1196 Chartis
1383 1163 1465 1196 citat
1485 1163 1578 1196 Lan-

901 1218 976 1262 gius
996 1229 1014 1248 e
1036 1216 1256 1248 Pulmanno:
1275 1230 1314 1248 tw
1339 1216 1442 1249 Cattis
1461 1216 1578 1260 legen-

901 1269 986 1302 dum
1013 1282 1084 1302 esse
1115 1268 1298 1302 contendit
1328 1269 1493 1314 Lipsius,
1515 1269 1577 1302 lib.

901 1324 917 1355 I
930 1350 938 1363 ‚
955 1323 1055 1368 epist.
1078 1323 1095 1355 5
1111 1335 1120 1363 ;
1137 1322 1212 1364 alii,
1226 1337 1264 1354 ea:
1280 1323 1391 1355 Dacis.
1404 1322 1577 1363 -Cattis,

899 1376 1041 1421 populis
1052 1375 1251 1408 Germaniae
1264 1374 1307 1408 ad
1317 1375 1483 1409 Rhenum
1494 1401 1503 1417 ‚
1520 1376 1583 1409 ho-

901 1428 956 1462 die
985 1429 1015 1460 la
1035 1428 1290 1461 Hesse.—-Alii
1312 1429 1436 1474 legunt
1457 1430 1577 1469 Dacis,

900 1494 1085 1528 perperam
1101 1507 1109 1523 ‚
1147 1494 1258 1527 quum
1295 1483 1389 1515 enim
1416 1482 1582 1527 Transyl-

901 1535 1059 1576 vaniam,
1084 1535 1289 1568 Valachiam
1315 1543 1349 1568 et
1367 1534 1581 1569 Moldaviam

902 1589 1010 1622 Dacia
1041 1589 1316 1634 complectatur,
1341 1601 1414 1621 non
1434 1589 1581 1622 Germa-

901 1642 971 1675 nici
1003 1642 1272 1687 appellationem
1301 1642 1483 1675 meruisset
1509 1643 1583 1676 Do—

902 1695 1067 1728 mitianus
1095 1695 1197 1728 Dacis
1225 1694 1418 1729 debellatis.
1444 1695 1511 1728 En.
1528 1717 1580 1721 ——

904 1749 1014 1781 Datur
1023 1749 1142 1782 laurea.
1154 1749 1221 1782 Vel
1231 1748 1433 1782 Domitiano
1447 1748 1582 1789 victori,

902 1802 958 1834 vel
971 1802 1088 1847 potius
1103 1801 1185 1834 Jovi
1205 1802 1418 1847 Capitolino.
1436 1801 1580 1835 Sueton.

903 1855 941 1887 in
960 1854 1186 1888 Domitiano:
1210 1872 1224 1884 α
1246 1856 1298 1888 De
1323 1855 1488 1888 Sarmatis
1513 1855 1584 1888 lau-

903 1920 999 1941 ream
1007 1906 1113 1940 modo
1125 1907 1326 1952 Capitolino
1335 1909 1413 1941 Jovi
1423 1908 1577 1941 retulit.»

905 1960 966 1993 Sil.
992 1961 1132 1993 Italicus
1146 1985 1156 2001 ,
1177 1960 1240 1994 lib.
1263 1961 1345 2004 XV,
1376 1979 1389 1991 «ι
1409 1962 1581 1995 Laurum-

908 2026 974 2059 que
999 2014 1187 2059 superbam
1207 2014 1247 2046 In
1265 2014 1399 2059 gremio
1416 2015 1514 2048 Jovis
1530 2027 1586 2047 ex-

906 2067 984 2100 cisis
1013 2066 1191 2112 deponere
1229 2067 1344 2100 Poenis
1369 2085 1400 2100 n.
1427 2068 1583 2108 Plinius,

906 2120 965 2153 lib.
984 2120 1067 2161 XV,
1083 2132 1159 2165 cap.
1178 2120 1240 2153 ult.
1263 2137 1275 2149 ιι
1296 2120 1417 2154 Fasces
1433 2121 1584 2166 impera-

908 2182 1025 2206 torum
1052 2172 1207 2206 decoras.
1235 2174 1289 2206 Ex
1315 2174 1368 2206 his
1396 2174 1433 2205 in
1452 2174 1584 2219 gremio

907 2226 1005 2260 Jovis
1035 2226 1117 2271 Opt.
1147 2226 1239 2259 Max.
1263 2225 1453 2272 deponitur
1473 2253 1481 2270 ‚
1498 2239 1586 2272 quo-

908 2280 970 2313 ties
984 2280 1137 2313 laetitiam
1155 2292 1244 2312 nova
1259 2280 1405 2313 victoria
1423 2281 1550 2313 attulit.
1568 2298 1580 2310 ›·

908 2333 1009 2366 Parta
1026 2333 1121 2366 enim
1134 2333 1279 2366 victoria
1289 2357 1298 2374 ‚
1311 2334 1418 2366 fasces
1436 2333 1503 2379 ipsi
1516 2333 1587 2366 lau-

909 2399 949 2418 ro
972 2385 1240 2419 decorabantur.
1260 2387 1377 2431 Atque
1395 2387 1464 2419 huc
1483 2387 1588 2432 perti-

909 2447 995 2471 nent
1007 2465 1016 2481 ,
1027 2440 1135 2481 fizsces
1148 2440 1284 2472 laureati
1297 2468 1306 2481 ,
1324 2447 1359 2473 et
1377 2441 1501 2473 lictores
1517 2440 1584 2473 lau-

910 2495 1000 2525 reati.
1021 2491 1165 2525 Herald.
