2061 3288
424 221 523 276 384

802 222 862 264 M.
889 222 1031 265 VAL.
1071 221 1461 269 MARTIALIS

563 311 620 353 Et
646 310 929 354 Saturninum
959 318 1025 362 te,
1047 310 1200 363 miser,
1223 326 1315 354 esse
1342 312 1477 372 pudet
1503 330 1511 355 :

493 381 637 441 Impia
657 380 886 424 Parrhasia
908 381 1081 423 movisti
1105 379 1218 424 bella
1243 381 1324 424 sub
1347 383 1461 427 Ursa
1478 419 1490 437 ‚

562 450 721 508 Qualia
746 452 820 511 qui
848 451 1014 494 Phariae
1039 451 1237 512 conjugis
1265 468 1387 496 arma
1416 452 1525 498 tulit.

492 522 783 567 Excideratne
812 521 922 565 adeo
950 520 1087 565 fatum
1120 522 1197 565 tibi
1222 524 1410 567 nominis
1440 523 1592 585 hujus,
1824 549 1837 572 s

557 593 720 637 Obruit
748 594 915 637 Actiaci
941 592 1060 653 quod
1091 594 1235 654 gravis
1265 595 1329 637 ira
1360 592 1489 638 freti?

493 666 562 708 An
588 664 665 708 tibi
692 665 891 724 promisit
915 664 1120 720 Rhenus,
1143 664 1260 724 quod
1291 681 1381 708 non
1409 664 1529 709 dedit
1557 665 1615 710 illi

568 734 719 789 Nilus,
745 744 789 778 et
812 735 983 778 Arctois
1011 733 1108 795 plus
1135 733 1326 779 licuisset
1349 735 1501 796 aquis?

495 804 575 849 Ille
600 806 729 849 etiam
756 806 915 849 nostris
938 806 1154 849 Antonius
1177 805 1338 849 occidit
1360 807 1514 864 armis,

565 877 654 934 Qui
680 876 756 920 tibi
781 875 990 931 collatus,
1011 876 1199 937 perfide,
1222 878 1369 921 Caesar
1391 887 1497 922 erat.

426 1026 496 1052 tem
512 1017 548 1049 in
563 1019 757 1062 AEgyptum
772 1024 940 1062 sequutus
959 1023 1029 1057 est,
1045 1016 1108 1048 uhi

426 1071 530 1104 ambo
546 1070 610 1103 sibi
625 1082 744 1103 necem
760 1070 1028 1109 consciverunt3
1047 1067 1109 1102 sed

427 1124 504 1164 ille,
516 1122 559 1156 de
573 1136 643 1168 quo
661 1123 829 1156 Martialis
849 1122 1006 1168 loquitur
1018 1147 1027 1164 ,
1047 1122 1109 1154 Sa-

429 1177 564 1210 turnini
581 1188 713 1209 nomen
728 1176 825 1222 quasi
835 1176 903 1209 vile
913 1175 1110 1221 rejiciebat,

428 1238 463 1264 et
491 1230 637 1262 Antonii
661 1229 838 1263 triumviri
866 1229 984 1275 potius
1005 1241 1109 1273 quam

430 1283 575 1316 Antonii
596 1283 777 1316 morientis
790 1295 925 1316 memor
937 1307 946 1322 ‚
965 1283 1038 1326 ejus
1051 1294 1111 1314 no-

430 1337 527 1369 mine
559 1337 607 1369 ita
642 1335 816 1381 gaudebat
850 1344 890 1369 ut
921 1335 1109 1380 imperium

432 1389 528 1422 orbis
540 1402 575 1423 se
592 1389 726 1435 assequi
742 1402 843 1435 posse
858 1388 1028 1422 erederet.
1043 1389 1109 1421 ED.

488 1455 520 1476 2.
542 1443 591 1475 Et
615 1442 833 1476 Saturninum.
859 1442 941 1474 Non
967 1441 1111 1474 inferio-

430 1508 505 1529 rem
522 1495 729 1541 dignitatem
745 1504 784 1529 ut
803 1495 1031 1535 Saturninus,
1052 1493 1112 1527 sed

432 1549 619 1594 imperium
637 1549 743 1582 Orbis
763 1557 934 1581 terrarum
949 1573 959 1589 ‚
980 1555 1019 1580 ut
1042 1548 1113 1579 An-

432 1602 552 1635 tonius
566 1628 574 1643 ‚
591 1601 742 1635 affectas.
761 1602 829 1635 En.

487 1656 522 1688 3.
546 1655 723 1687 Parrhasia
745 1654 802 1687 sub
822 1654 915 1687 Ursa.
942 1654 1018 1686 Hoc
1039 1661 1090 1686 est
1105 1678 1113 1693 ,

434 1709 469 1741 in
487 1707 697 1749 Germania,
716 1720 793 1753 quae
810 1715 940 1752 spectat
959 1706 1115 1752 Septem-

433 1762 610 1794 trionem:
632 1761 721 1794 Ursa
743 1760 926 1793 Parrhasia
943 1758 1075 1792 dicitur
1096 1771 1114 1792 a

433 1814 618 1848 Parrhasia
648 1812 807 1846 Arcadiae
839 1813 951 1853 urbe,
976 1824 1020 1845 ex
1046 1823 1115 1857 qua

434 1875 515 1900 nata
537 1875 611 1901 erat
636 1867 779 1902 Callisto
796 1891 805 1906 ‚
830 1878 847 1898 a
869 1866 957 1899 Jove
985 1873 1115 1906 amata,

435 1929 470 1954 et
491 1921 528 1953 in
545 1933 634 1954 ursae
653 1920 798 1954 caelestis
816 1917 934 1960 sidus,
954 1918 1052 1964 quod
1072 1917 1115 1951 ad

434 1974 730 2019 Septemtrionem
747 1973 856 2018 fulget
867 1998 876 2013 ‚
890 1979 1115 2005 commutata.

434 2026 584 2061 Arcadia
601 2052 611 2068 ‚
636 2027 780 2060 Graeciae
802 2038 900 2072 pars,
934 2026 970 2058 in
999 2023 1117 2058 media

435 2081 680 2126 Peloponneso
690 2106 699 2121 ‚
714 2079 807 2113 dicta
819 2090 960 2124 quoque
972 2086 1022 2111 est
1037 2078 1117 2111 Par-

436 2134 551 2167 rhasia
565 2159 574 2174 ‚
595 2146 612 2166 a
640 2133 813 2166 Parrhaso
834 2131 1008 2178 Lycaonis
1028 2130 1114 2164 filio.

493 2191 526 2227 4.
548 2187 669 2230 Qualia
688 2189 743 2233 qui
761 2186 893 2219 Plzarioe
908 2212 917 2225 ‚
943 2192 1007 2217 etc.
1031 2183 1115 2217 Sen-

436 2252 493 2272 sus
510 2248 561 2273 est
580 2253 588 2272 :
607 2240 744 2273 Bellum
766 2238 869 2273 civile
890 2237 1116 2272 commovisti

437 2293 538 2338 quale
569 2293 761 2327 commovit
788 2292 846 2324 ille
871 2291 1048 2324 Antonius
1079 2291 1115 2323 in

437 2346 582 2390 gratiam
595 2347 714 2379 uxoris
721 2358 792 2379 suae
801 2345 1008 2390 Cleopatrae,
1019 2356 1036 2376 a
1047 2356 1117 2389 qua

438 2411 560 2431 omnes
576 2399 720 2446 AEgypti
736 2399 825 2432 vires
838 2425 846 2439 ,
862 2410 947 2443 opes
960 2424 968 2438 ‚
981 2398 1118 2431 classes-

439 2464 508 2497 que
529 2461 683 2497 acceptas
698 2460 820 2486 contra
840 2452 986 2485 Romam
1006 2450 1117 2496 expli-

441 2505 544 2538 cavit.
564 2505 629 2538 ΕΒ.
651 2522 698 2526 -
710 2506 841 2538 Phariae
855 2506 1010 2549 conjugis.
1028 2503 1118 2537 Pha-

440 2570 498 2598 ros
517 2558 627 2591 insula
640 2567 723 2593 ,erat
742 2559 896 2605 [Egypti.
922 2556 1020 2590 Vidae
1044 2569 1119 2602 quae

441 2610 687 2644 adnotavimus
704 2612 764 2645 lib.
785 2613 801 2644 I
817 2637 825 2653 ,
846 2611 954 2657 epigr.
974 2622 1099 2644 LxxxIx
1113 2635 1123 2652 ,

442 2675 532 2698 vers.
556 2663 588 2696 3.

1813 910 1844 925 10

1224 1016 1257 1049 5.
1280 1016 1494 1048 Excideratne
1513 1016 1602 1049 adeo.
1631 1020 1685 1050 An
1715 1017 1845 1052 oblitus

1167 1081 1241 1102 eras
1261 1082 1365 1115 quain
1384 1069 1474 1103 tristi
1491 1070 1561 1103 fato
1577 1070 1604 1103 is
1626 1070 1687 1115 qui
1706 1072 1847 1115 gerebat

1167 1134 1298 1155 nomen
1322 1121 1416 1156 unde
1436 1123 1612 1169 superbiS‚
1634 1123 1812 1168 perierit?

1223 1178 1256 1208 6.
1281 1175 1401 1208 Obruit
1416 1176 1563 1215 Actiaci,
1593 1184 1657 1210 etc.
1681 1176 1845 1222 Metony-

1169 1228 1237 1261 mia
1261 1241 1350 1274 pro,
1383 1228 1480 1274 quod
1516 1230 1636 1262 obruit
1667 1229 1843 1263 Actiacum

1169 1282 1318 1323 fretum,
1346 1282 1498 1327 graviter
1523 1282 1650 1315 iratum
1676 1282 1847 1316 Caesarem

1169 1335 1310 1368 vehens.
1329 1355 1380 1362 —-
1395 1336 1536 1368 Actiaci.
1561 1336 1700 1369 Actium
1715 1361 1725 1377 ‚
1746 1336 1847 1381 Epiri

1169 1389 1253 1421 urbs
1264 1396 1296 1421 et
1307 1389 1601 1433 promontorium,
1615 1387 1704 1432 Capo
1712 1389 1843 1433 Figulo,

1170 1440 1213 1474 ad
1232 1454 1270 1473 os
1287 1441 1385 1474 sinus
1403 1441 1599 1482 Ambracii,
1621 1453 1732 1486 prope
1749 1440 1847 1487 quod

1171 1494 1366 1527 Antonium
1403 1502 1437 1526 et
1468 1494 1690 1538 Cleopatram
1725 1494 1847 1540 praelio

1170 1547 1281 1580 navali
1305 1547 1390 1580 vicit
1408 1548 1596 1591 Augustus.

1226 1613 1260 1644 7.
1284 1601 1340 1633 An
1365 1599 1410 1632 ibi
1429 1602 1575 1643 promisit
1595 1599 1694 1633 Junt.
1717 1620 1769 1626 —
1791 1600 1849 1633 Aa

1172 1653 1239 1686 tibi.
1260 1653 1386 1686 Sensus
1407 1660 1457 1685 est
1475 1664 1484 1685 :
1505 1652 1541 1685 Si
1561 1654 1749 1698 AEgyptus,
1768 1665 1850 1698 pro·

1171 1706 1285 1739 vincia
1296 1705 1463 1738 ditissima
1473 1731 1482 1746 ‚
1495 1706 1649 1738 Antonio
1665 1705 1849 1739 victoriam

1173 1758 1396 1804 suppeditare
1435 1758 1596 1803 nequivit
1620 1785 1629 1799 ,
1667 1771 1752 1805 quas
1784 1758 1850 1792 tibi

1172 1813 1264 1845 vires
1284 1811 1561 1844 subministrabit
1582 1812 1745 1856 superior
1761 1811 1850 1845 Ger-

1175 1865 1312 1898 mania?
1343 1887 1394 1891 -—
1424 1865 1562 1898 Rhenus.
1593 1864 1755 1906 Mallem,
1784 1877 1850 1910 pro

1174 1919 1300 1952 Rheno
1335 1918 1507 1963 posuisset
1543 1918 1747 1950 Danubium
1764 1943 1773 1961 ‚
1805 1915 1849 1950 ad

1174 1984 1278 2017 quem
1291 1980 1482 2016 pugnatum
1498 1979 1549 2003 est
1562 1982 1603 2003 ex
1622 1970 1715 2004 Suet.
1729 1970 1849 2004 Rader.

1228 2027 1263 2059 8.
1286 2025 1416 2057 Arctois
1436 2026 1537 2069 aquis.
1559 2023 1692 2057 Fluviis
1709 2023 1852 2057 Germa-

1174 2078 1240 2110 niae
1266 2076 1309 2110 ad
1337 2076 1634 2122 Septemtrionem
1663 2077 1784 2122 positis
1817 2084 1852 2109 et

1175 2143 1264 2164 ursae
1286 2131 1429 2171 caelesti,
1445 2142 1523 2175 quae
1538 2141 1647 2174 graece
1665 2130 1780 2175 ἄρκτος
1800 2128 1852 2162 di-

1175 2184 1265 2217 citur
1277 2210 1286 2226 ‚
1308 2183 1480 2229 subjectis.

1230 2250 1264 2281 9.
1286 2237 1354 2269 Pro
1376 2237 1429 2269 ille
1445 2239 1537 2268 etiam
1553 2263 1562 2276 ‚
1581 2235 1754 2269 Gruterus
1770 2236 1853 2268 mal·

1176 2291 1244 2330 let,
1269 2290 1297 2323 si
1317 2290 1437 2323 liceret
1462 2302 1525 2335 per
1545 2289 1827 2321 membranaceos
1841 2314 1850 2329 ‚

1177 2344 1236 2376 Ilt'e
1259 2351 1371 2375 tamen.
1393 2362 1444 2370 -κ
1468 2342 1608 2376 AVoslrt's.
1635 2341 1851 2375 Caesarianis.

1178 2397 1377 2430 Priscorum
1409 2396 1583 2428 Caesarum
1614 2394 1726 2428 laudis
1756 2393 1853 2439 quasi

1177 2450 1286 2483 haeres
1303 2457 1354 2482 est
1368 2448 1600 2481 Domitianus.

1236 2515 1289 2536 10.
1311 2502 1377 2547 Qui
1410 2501 1466 2534 tibi
1496 2502 1646 2540 collatus,
1676 2507 1741 2533 etc.
1781 2498 1851 2539 Qui

1180 2564 1296 2589 tecum
1318 2562 1556 2601 comparatus,
1577 2553 1690 2586 Caesar
1705 2551 1773 2584 dici
1787 2563 1851 2596 po-

1179 2617 1293 2650 terat3
1328 2608 1389 2654 qui
1419 2616 1556 2640 tantum
1593 2615 1626 2638 te
1652 2603 1852 2649 superavit,

1180 2671 1349 2707 quantum
1368 2662 1545 2705 Augustus
1566 2657 1772 2692 Antonium.
