2061 3288
458 206 557 263 426
830 211 893 254 M.
920 212 1061 257 VAL.
1100 214 1491 259 MARTIALIS

1056 367 1250 425 XLV.

488 520 654 550 VOTUM
692 520 948 552 PARTHENII
991 524 1054 553 AD
1093 524 1315 555 PHOEBUM
1353 525 1444 555 PRO
1484 526 1636 556 BURRO
1674 506 1842 556 F1L10.*

520 632 632 676 HAEC
660 630 740 675 tibi
766 647 848 693 pro
873 641 977 676 nato
1002 630 1132 693 plena
1161 632 1237 677 dat
1265 631 1387 678 laetus
1413 649 1586 690 acerra,

590 701 780 757 Phoebe,
809 701 1030 748 Palatinus
1055 720 1238 748 munera
1265 704 1524 749 Parthenius
1545 721 1557 760 3

519 773 583 816 Ut
607 775 681 833 qui
702 774 844 834 prima
869 790 985 819 novo
1015 775 1158 836 signat
1186 775 1484 836 quinquennia
1512 774 1672 830 lustro,

588 843 778 905 Impleat
801 846 1052 890 innumeras
1072 848 1236 890 Burrus
1258 845 1552 907 Olympiadas.

519 915 604 958 Fac
625 924 720 959 rata
741 925 845 960 vota
865 917 1001 977 patris
1025 933 1033 959 :
1061 917 1120 961 sic
1145 926 1187 961 te
1209 927 1285 961 tua
1306 916 1456 978 diligat
1478 917 1629 971 arbor,
1849 936 1863 959 5

523 1055 592 1098 Σοὶ
616 1050 708 1099 τόδ’
738 1057 835 1117 ὑπὲρ
862 1059 1003 1101 τέκνου
1037 1065 1140 1118 μεςῇ
1162 1053 1427 1112 λιὲανωτίδι,
1453 1055 1597 1113 (boffa,

591 1127 807 1188 Παρθένιος
835 1122 999 1172 δίδοται
1026 1122 1168 1189 δῶρον,
1195 1129 1480 1189 ἐπευχόμενος,

1308 1196 1332 1221 ρ

520 1183 624 1258 ὤφρ’
649 1202 668 1241 ὁ
693 1199 740 1242 τὸ
765 1199 977 1259 τετραετὲς
1002 1201 1178 1258 πέμπτῳ
1199 1200 1423 1243 λυκάοαντι
1448 1200 1661 1260 χαράσσων
1678 1235 1690 1255 ‚

587 1269 808 1330 Νηρίθμοις
828 1271 970 1330 τελέσῃ
992 1272 1162 1330 Βοῦῤῥος
1184 1260 1469 1331 ὀλυμπιάδας.

518 1338 654 1400 Κυροῧ
675 1342 748 1387 τῆν
771 1342 910 1400 εὐχήν·
935 1342 1023 1384 τεὸν
1046 1344 1097 1392 ὥς
1121 1359 1187 1384 σευ
1213 1336 1376 1401 δένδρον
1401 1344 1523 1401 ἐρῴη,

501 1474 514 1488 ⁴'
547 1480 609 1513 Ad
644 1480 795 1514 Plzoebum
831 1489 882 1515 est
919 1481 1048 1514 lemma
1089 1481 1126 1514 in

450 1531 532 1566 edd.
549 1541 633 1567 vett.
645 1555 699 1560 —
713 1534 801 1567 Suas
822 1547 942 1580 preces
964 1534 1126 1579 precibus

448 1585 610 1631 adjungit
630 1586 830 1629 Parthenii,
851 1587 1047 1621 Domitiani
1065 1600 1128 1621 cu-

450 1639 637 1680 bicularii,
662 1652 726 1685 pro
757 1640 871 1673 Burro
900 1640 995 1682 filio,
1021 1640 1125 1686 quin-

446 1700 521 1725 tum
553 1693 674 1726 natalis
709 1705 778 1726 suae
819 1692 890 1726 diei
924 1694 1124 1727 anniversa-

446 1746 539 1778 rium
588 1747 841 1791 complectente
859 1772 868 1788 ‚
915 1746 1124 1780 sacrificium

445 1799 578 1832 Phoebo
604 1799 793 1844 patranti53
831 1799 1034 1845 Apollinem
1061 1799 1126 1845 igi-

448 1860 505 1885 tur
530 1852 703 1898 Apollinis
731 1852 895 1886 alumnus
917 1853 1045 1886 Noster
1067 1865 1125 1886 ro-

449 1913 529 1949 gat,
562 1913 602 1938 ut
634 1905 741 1952 patris
774 1914 855 1939 vota
887 1906 1040 1939 libenter
1070 1918 1126 1939 ac-

447 1958 555 2004 cipiat
575 1984 584 2000 ‚
619 1967 653 1992 et
690 1959 764 1992 nati
793 1959 903 1992 vitam
936 1959 1127 1992 clementer

450 2011 634 2056 producat.
654 2012 722 2045 En.

504 2078 535 2098 1.
555 2066 636 2098 Haec
641 2091 701 2098 .....
707 2078 844 2098 muner-a.
866 2065 964 2099 Thus
983 2065 1125 2098 scilicet.

448 2139 500 2146 -
513 2119 678 2152 Plena.....
691 2132 811 2152 acerra.
826 2117 869 2152 Id
884 2127 953 2160 est,
969 2117 1124 2159 abunde3

447 2171 715 2215 proverbialiter
741 2171 888 2205 dictum.
918 2172 1047 2206 Acerra
1076 2179 1126 2204 est

447 2236 506 2257 vas
530 2224 751 2266 thurarium;
773 2225 820 2258 sic
839 2224 939 2270 Virg.
961 2226 1043 2258 AEn.
1063 2224 1126 2257 lib.

449 2276 499 2318 V,
523 2289 572 2311 vs.
597 2278 669 2322 745
692 2289 699 2310 :
722 2295 735 2307 κ
757 2278 1054 2323 Pergameumque
1076 2277 1126 2310 la-

448 2341 522 2363 rem
543 2338 576 2363 et
595 2343 687 2364 canae
701 2331 894 2376 penetralia
911 2331 1028 2364 Vestae
1045 2330 1127 2363 Far-

447 2395 485 2416 re
505 2383 564 2429 pio
589 2392 623 2417 et
644 2384 747 2429 plena
769 2384 915 2430 supplex
939 2392 1127 2417 veneratur

448 2448 577 2470 acerra.
602 2454 616 2466 ι»
643 2436 773 2470 Eadem
796 2437 946 2471 formula
968 2449 1053 2470 usus
1075 2445 1125 2470 est

449 2489 634 2528 Horatius,
662 2490 723 2524 lib.
750 2490 827 2531 ΙΙΙ,
853 2490 971 2524 Carm.
990 2489 1049 2522 od.
1078 2491 1124 2525 8:

454 2559 466 2571 α
490 2541 586 2584 Quid
605 2543 714 2575 velint
731 2542 833 2576 flores
855 2552 890 2577 et
908 2555 1024 2576 acerra
1045 2543 1124 2575 thu-

449 2595 496 2628 ris
528 2596 634 2629 Plena
662 2596 810 2630 miraris.
830 2613 844 2626 »
881 2597 1011 2630 Contra
1042 2608 1125 2628 vero

449 2662 552 2695 parva
573 2661 689 2684 acerra
703 2649 916 2694 significabat
933 2661 1126 2695 pauperum

1188 1490 1221 1515 et
1237 1481 1394 1514 tenuium
1415 1480 1626 1514 sacrificium
1641 1504 1649 1517 ,
1670 1479 1731 1525 qui
1751 1479 1866 1514 tribus

1186 1533 1303 1579 digitis
1331 1535 1478 1579 paucula
1509 1546 1616 1579 grana
1640 1533 1754 1567 thuris
1778 1533 1865 1566 liba-

1185 1588 1282 1620 bant.
1301 1586 1405 1620 Ovid.
1424 1587 1484 1620 lib.
1501 1588 1565 1623 IV,
1583 1586 1671 1632 eleg.
1691 1587 1710 1619 8
1726 1598 1734 1619 :
1758 1604 1770 1616 ιι
1792 1588 1865 1620 Nec

1186 1653 1263 1685 quae
1297 1639 1342 1673 de
1376 1652 1483 1686 parva
1513 1651 1648 1685 pauper
1681 1639 1743 1673 Dis
1780 1639 1866 1673 libat

1186 1705 1303 1727 acerra
1321 1693 1457 1726 Thura.
1482 1710 1495 1722 2>
1518 1693 1674 1725 Ramires.

1239 1760 1271 1779 2.
1299 1746 1426 1779 Phoebe.
1450 1746 1583 1779 Phoebo
1601 1770 1610 1786 ,
1641 1746 1700 1791 qui
1731 1758 1865 1790 semper

1182 1799 1324 1845 juvenis
1344 1821 1353 1839 ‚
1390 1798 1656 1832 commendatur
1683 1800 1863 1844 juventus.

1185 1874 1237 1879 -—-
1257 1853 1478 1886 Palatinus....
1498 1853 1701 1885 Parthenius.
1719 1852 1865 1884 Parthe-

1186 1905 1265 1939 nius
1283 1905 1322 1938 in
1348 1905 1483 1938 Palatio
1503 1904 1714 1950 Imperatori
1736 1905 1865 1937 servie-

1186 1959 1245 1992 bat
1266 1971 1285 1991 a
1310 1959 1493 2000 cubiculo,
1518 1957 1562 1991 de
1590 1970 1659 2003 quo
1679 1957 1865 1991 Suetonius

1186 2012 1223 2044 in
1246 2011 1466 2053 Domitiano,
1481 2023 1556 2057 cap.
1578 2013 1621 2044 16
1635 2036 1644 2053 ,
1665 2018 1700 2044 et
1721 2011 1865 2052 Noster,

1186 2065 1248 2098 lib.
1264 2065 1310 2106 V,
1336 2065 1446 2110 epigr.
1469 2076 1521 2097 VI.

1241 2117 1274 2150 3.
1295 2119 1423 2151 Lusa-0.
1448 2118 1616 2150 Lustrum
1643 2124 1694 2150 est
1714 2117 1863 2162 spatium

1186 2170 1343 2216 quinque
1363 2183 1537 2204 annorum
1551 2195 1561 2212 ‚
1582 2170 1766 2216 Olympias
1780 2183 1864 2203 vero

1186 2232 1359 2269 quatuor3
1378 2232 1502 2269 quarto
1524 2223 1618 2257 enim
1637 2235 1728 2256 anno
1747 2223 1865 2268 exple-

1187 2285 1246 2317 to,
1267 2278 1391 2322 quinto
1415 2277 1558 2310 ineunte
1586 2276 1764 2322 Olympici
1786 2275 1862 2309 ludi

1186 2330 1452 2364 celebrabantur
1489 2330 1525 2363 in
1563 2329 1736 2370 honorem
1768 2329 1866 2362 Jovis

1187 2383 1365 2429 Olympici
1381 2409 1389 2425 ‚
1413 2382 1454 2416 ad
1471 2384 1574 2416 urbes
1592 2382 1734 2416 Graeciae
1750 2381 1865 2415 Pisam

1187 2444 1219 2470 et
1239 2436 1391 2470 Elidem.
1410 2435 1496 2469 Vid.
1513 2435 1557 2469 ad
1567 2436 1628 2469 lib.
1646 2435 1737 2476 Vll,
1753 2434 1862 2481 epigr.

1185 2502 1230 2522 xz
1246 2515 1255 2532 ,
1275 2501 1326 2523 vs.
1349 2491 1384 2523 6.

1241 2542 1274 2576 5.
1292 2541 1414 2576 Codex
1432 2541 1542 2575 ScriV.
1561 2544 1606 2574 sic
1628 2549 1657 2573 te
1677 2548 1732 2573 tua
1748 2539 1866 2582 diligat

1186 2596 1302 2635 a1-bos;
1326 2596 1361 2628 in
1386 2594 1466 2628 edd.
1493 2603 1575 2628 vett.
1598 2596 1642 2627 sic
1663 2602 1691 2626 te
1714 2601 1767 2626 tua
1788 2592 1864 2625 dili-

1185 2657 1243 2692 gat
1271 2662 1351 2682 uxor
1366 2675 1374 2688 ,
1396 2647 1433 2681 id
1456 2656 1504 2681 est
1523 2673 1531 2689 ‚
1558 2647 1704 2692 Daphne
1719 2672 1728 2689 ‚
1756 2657 1864 2690 quam

2054 2829 2059 2862 „³⁴
2054 2735 2061 2804 an—
