2061 3288
416 221 512 266 216

791 224 855 267 Μ.
879 224 1020 268 VAL.
1061 226 1446 271 MARTIALIS

555 310 626 354 Sic
659 311 792 355 micat
818 311 1056 357 innumeris
1085 312 1233 358 arcula
1264 313 1553 375 Synthesibus.

482 381 626 441 Atque
653 397 784 424 unam
808 383 968 427 vestire
993 383 1155 428 tribum
1186 394 1261 428 tua
1290 384 1473 430 candida
1501 392 1709 446 possunt,
1811 405 1828 429 5

555 450 698 512 Apula
723 469 812 496 non
837 469 925 497 uno
956 471 1052 515 quae
1077 471 1208 516 grege
1231 465 1349 500 terra
1373 454 1486 499 tulit.

482 522 550 566 Tu
574 532 744 583 spectas
773 523 977 585 hyemem
1004 526 1215 570 succincti
1244 525 1386 570 lentus
1412 526 1563 582 amici,

412 651 516 696 proela
544 651 689 686 lacernis.
710 651 944 686 Ramiresius:
965 652 1020 687 Sic
1040 661 1095 687 tua

418 705 570 749 appositis
601 705 776 749 praelucent
808 706 912 751 praela
951 707 1094 740 lacernis.

418 757 570 802 Langius
587 769 595 791 ε
615 757 669 791 Sic
691 766 747 791 tna
767 761 918 804 appositis
934 761 1099 805 perlucent

415 810 521 855 praela
544 810 688 845 lucernis.
709 811 924 846 Pulmannus
942 824 950 846 τ
967 812 1021 846 Sic
1045 822 1098 846 tua

422 865 598 908 compositis
611 864 782 909 perlucent.
800 865 1009 899 Beverlandi
1024 866 1098 900 MS.

426 916 589 950 Collacent
593 926 690 962 prata
700 919 832 951 lacernis
842 932 854 958 ;
865 932 969 965 quam
978 920 1101 953 lectio-

423 981 505 1002 nem
530 970 613 1004 citat
636 971 741 1004 etiam
770 971 1000 1007 Pulmannus.
1028 973 1101 1006 No-

424 1030 530 1056 stram
553 1031 724 1057 testantur
746 1023 803 1058 ed.
829 1025 937 1071 antiq.
967 1026 1101 1060 Ferrar.

426 1088 507 1109 ann.
535 1081 627 1122 1471
641 1103 648 1115 ‚
669 1078 796 1111 Venet.
819 1077 898 1112 Ald.
917 1080 1017 1113 Junt.
1035 1079 1103 1113 Co-

425 1129 488 1162 lin.
508 1128 646 1175 Gryph.
672 1139 737 1165 etc.
763 1154 816 1157 —
836 1131 890 1165 Sic
916 1140 969 1165 tua
990 1146 1104 1178 suppo-

427 1184 495 1216 sitis
511 1209 521 1224 ,
540 1190 606 1216 etc.
621 1184 721 1217 Prela
740 1185 853 1218 trahes
869 1194 949 1219 sunt
961 1186 1106 1232 proprie

428 1236 557 1281 quibus
572 1236 676 1281 vulgo
696 1250 771 1271 uvae
789 1238 924 1273 calcatae
943 1252 1108 1285 premun-

429 1297 507 1330 tur;
528 1289 569 1322 iis
595 1290 698 1323 etiam
725 1292 876 1325 Romani
900 1293 1107 1333 utebantur,

429 1350 469 1375 ut
488 1351 600 1376 vestes
625 1344 822 1389 suppositas
848 1355 1048 1391 premerent
1069 1358 1107 1379 ac

431 1407 534 1440 rugas
565 1407 684 1429 earum
715 1397 962 1440 emendarent,
988 1407 1027 1432 ut
1054 1398 1108 1432 ni-

431 1456 548 1481 torem
566 1448 634 1483 illis
650 1450 827 1484 afferrent.
846 1451 938 1484 Hinc
956 1452 1109 1490 Seneca,

432 1499 477 1534 de
492 1501 759 1547 Tranquillitate
777 1504 872 1543 vitae‚
891 1504 950 1537 lib.
966 1505 1000 1545 I,
1015 1517 1045 1538 c.
1069 1517 1081 1537 1
1099 1529 1109 1542 ‚

435 1554 561 1587 Vestem
585 1556 631 1588 ait
652 1563 790 1588 coactam
814 1557 975 1601 splendere
991 1557 1112 1602 ponde-

434 1606 519 1639 ribus
537 1621 574 1639 ac
591 1608 675 1640 mille
697 1610 889 1642 torminibus.
909 1609 1001 1644 Vide
1022 1623 1112 1656 quo-

435 1672 504 1705 que
523 1661 744 1694 Ammianum
768 1662 1010 1696 Marcellinum
1023 1689 1032 1703 .‚
1052 1663 1112 1696 lib.

437 1713 608 1746 XXVIII.
638 1736 687 1739 ——
716 1715 813 1748 Prela
842 1716 984 1750 lacernis.
1006 1716 1115 1749 Vide-

437 1773 495 1798 tur
512 1778 583 1799 esse
602 1767 784 1813 hypallage
802 1768 836 1801 in
852 1768 978 1802 ordine
993 1770 1114 1802 verho-

437 1831 544 1860 rum;
573 1832 644 1852 non
672 1820 765 1853 enirn
793 1822 971 1866 pellucent
996 1823 1112 1868 prela,

439 1870 497 1904 sed
523 1881 633 1906 vestes
652 1873 758 1918 prelis
773 1875 971 1920 suppositae.
990 1876 1116 1909 Lacer-

439 1937 483 1957 na
500 1950 509 1966 ,
528 1925 684 1971 itemque
706 1935 783 1972 toga
803 1928 906 1961 vestis
928 1937 1000 1962 erat
1023 1937 1116 1962 exte-

439 1977 512 2011 rior
529 1986 561 2012 et
578 1979 723 2012 crassior
738 2006 746 2021 ‚
763 1980 871 2014 instar
884 1982 979 2026 pallii
994 1993 1001 2015 :
1024 1991 1115 2016 utra-

441 2043 509 2075 que
524 2031 771 2077 imponebatur
789 2034 940 2076 tunicae3
961 2034 1021 2068 sed
1040 2043 1118 2080 toga

441 2085 617 2130 comptior
631 2112 641 2126 ‚
672 2086 834 2131 longior,
868 2100 906 2120 ac
940 2087 1120 2121 decentior

442 2146 515 2170 erat
527 2151 632 2183 quam
650 2139 784 2172 lacerna
799 2165 807 2180 ,
828 2140 897 2173 imo
916 2150 948 2174 et
963 2141 1120 2174 usitatior

443 2190 510 2224 fuit
533 2190 701 2237 quamdiu
720 2192 838 2226 floruit
858 2194 1080 2238 Respublica.

500 2249 532 2284 4.
574 2245 790 2289 Synthesibus.
830 2247 914 2279 Erat
949 2247 1121 2292 synthesis

445 2297 550 2331 vestis
562 2298 749 2332 coenatoria
764 2325 772 2340 ,
792 2299 886 2344 pallii
907 2300 1053 2333 formam
1073 2312 1123 2333 re-

446 2349 559 2383 ferens
577 2376 587 2392 ,
607 2359 640 2384 et
655 2364 673 2385 a
691 2352 896 2385 lautioribus
915 2361 1049 2386 tantum
1069 2352 1122 2385 di-

446 2402 665 2449 tioribusque
681 2405 839 2451 usurpari
852 2407 951 2439 solita
964 2419 973 2447 ;
987 2419 1122 2451 semper

447 2467 627 2499 purpurea
639 2459 692 2490 vel
705 2459 880 2492 coccinea.
892 2458 975 2492 Vid.
987 2459 1105 2492 lib.VI
1114 2486 1122 2500 ‚

450 2508 558 2553 epigr.
582 2522 684 2543 Lxxxx
709 2519 743 2544 et
763 2512 825 2546 lib.
847 2513 946 2553 XIV,
966 2513 1074 2557 epigr.
1096 2525 1122 2545 I.

507 2562 539 2594 5.
570 2561 648 2595 Ald.
685 2564 784 2598 Junt.
818 2565 931 2598 Colin.
967 2574 1030 2599 etc.
1071 2574 1123 2598 tua

458 2614 589 2654 vellera,-
610 2615 670 2649 sed
693 2618 817 2662 optimi
839 2618 976 2651 codices
996 2619 1125 2652 liabent

456 2675 508 2699 Ιιια
522 2668 657 2701 candida
669 2696 676 2709 ,
692 2670 712 2702 i.
727 2682 754 2703 e.
772 2679 838 2703 tuac
853 2679 939 2716 togae
952 2670 1107 2705 candidae
1117 2698 1124 2711 ‚

1153 654 1241 688 sicut
1260 654 1370 700 epigr.
1390 666 1499 694 LvnI,
1521 667 1589 687 mea
1609 657 1684 688 trita
1701 668 1714 690 .·
1734 654 1832 701 quod

1154 708 1218 754 qui
1242 720 1313 741 non
1338 715 1522 753 caperent,
1545 708 1693 742 alterum
1716 709 1832 754 subje-

1155 769 1290 794 cerunt.
1306 780 1358 786 —
1376 761 1478 794 Unam
1489 763 1605 794 ‘vestire
1621 761 1743 795 tribum.
1761 761 1835 807 Hy-

1156 814 1346 860 perbolice.
1363 813 1518 859 Populus
1533 826 1699 848 romanus
1714 814 1751 848 in
1771 814 1834 847 tri-

1158 868 1222 900 bus
1246 866 1292 901 35
1316 866 1446 900 divisus
1468 875 1563 908 erat,
1586 880 1735 913 quarum
1761 867 1836 900 aliae

1159 921 1301 953 urbanae
1312 945 1321 962 ‚
1332 920 1407 953 aliae
1418 919 1565 954 rusticae.
1581 921 1754 954 Romulus
1767 929 1837 954 tres

1159 973 1339 1019 principio
1370 974 1482 1007 tribus
1509 973 1661 1012 fecerat,
1690 986 1837 1020 quarum

1162 1027 1197 1060 in
1212 1027 1324 1072 prima
1337 1035 1568 1060 numerantur
1581 1026 1710 1060 Albani
1726 1034 1840 1072 pasto-

1162 1093 1232 1121 res,
1245 1081 1452 1126 quibuscum
1463 1080 1608 1113 Romam
1619 1092 1685 1113 con
1691 1079 1842 1122 diderat3

1163 1133 1198 1166 in
1219 1132 1372 1167 secunda
1394 1133 1534 1175 Sabini3
1557 1133 1593 1166 in
1612 1133 1712 1168 tertia
1736 1134 1842 1167 Etru-

1163 1186 1211 1220 sci
1225 1213 1234 1226 ,
1257 1185 1444 1229 Ardeates,
1465 1186 1603 1228 Latini,
1624 1195 1691 1221 etc.
1713 1187 1843 1220 Tribus

1165 1240 1317 1285 singulas
1345 1239 1465 1273 divisit
1492 1240 1529 1273 in
1557 1240 1668 1274 curias
1692 1239 1813 1274 decem
1832 1264 1842 1280 ‚

1166 1293 1348 1339 curiasque
1371 1293 1407 1326 in
1429 1292 1550 1327 decem
1577 1291 1748 1327 decurias.
1769 1293 1842 1326 Au·

1167 1354 1230 1380 ctae
1251 1355 1332 1379 sunt
1356 1355 1496 1392 postea,
1517 1355 1692 1380 crescente
1713 1345 1844 1379 civium

1168 1411 1315 1432 numero
1330 1425 1339 1440 ,
1366 1400 1491 1433 tribus.
1515 1421 1566 1426 —
1600 1400 1631 1432 T
1630 1413 1671 1431 ιια
1696 1398 1844 1431 candida.

1169 1453 1255 1485 Tuae
1268 1460 1355 1497 togae
1371 1451 1547 1493 candid-533
1569 1460 1609 1485 ut
1624 1452 1733 1497 epigr.
1753 1463 1843 1485 LV111

1170 1505 1252 1539 infr.
1273 1518 1338 1537 mea
1360 1508 1434 1537 trita
1445 1532 1453 1545 ,
1476 1518 1542 1550 pro
1559 1518 1635 1538 meae
1651 1513 1734 1550 togae
1752 1507 1847 1538 tritae.

1226 1560 1258 1591 6.
1283 1558 1406 1602 Apula.
1425 1559 1551 1602 Apulia
1564 1558 1660 1604 regio
1676 1566 1727 1591 est
1740 1557 1849 1591 Italiae

1171 1610 1296 1644 ovibus
1326 1610 1532 1652 abundans,
1559 1624 1654 1645 nunc
1682 1611 1719 1643 in
1740 1623 1850 1656 regno

1172 1663 1415 1709 Neapolitano.
1450 1665 1588 1709 Duplex
1621 1671 1671 1696 est
1699 1677 1705 1696 :
1743 1665 1850 1697 altera

1174 1717 1299 1762 Apulia
1313 1718 1447 1750 Daunia
1459 1743 1468 1758 ‚
1485 1729 1580 1750 nunc
1596 1717 1715 1761 Puglia
1729 1717 1849 1757 Piana,

1174 1771 1246 1803 sive
1275 1769 1469 1815 Capitanata
1483 1784 1496 1809 ;
1517 1770 1578 1803 ubi
1600 1769 1707 1802 modo
1726 1769 1851 1815 Sipon-

1176 1832 1250 1856 tum
1265 1850 1274 1867 ‚
1305 1832 1371 1857 etc.
1395 1824 1500 1858 altera
1519 1822 1646 1868 Apulia
1667 1822 1830 1856 Peucetia
1843 1848 1853 1863 ,

1182 1877 1279 1909 Terra
1297 1877 1330 1908 cli
1347 1877 1445 1917 Bari,
1469 1877 1528 1909 uhi
1550 1875 1764 1909 Barium.--
1778 1875 1854 1908 Non

1178 1943 1239 1962 uno
1260 1942 1367 1974 grege.
1389 1929 1576 1976 Syntheses
1597 1928 1762 1962 confectae
1780 1928 1853 1961 vel-

1177 1983 1248 2015 lere
1278 1995 1317 2016 ex
1353 1982 1514 2027 plurimis
1540 1981 1700 2027 gregibus
1729 1981 1855 2026 passim

1177 2036 1316 2069 selecto.
1340 2035 1405 2068 En.

1234 2102 1269 2133 7.
1285 2089 1447 2133 Hyemem.
1466 2088 1648 2133 Algentem
1665 2087 1766 2120 amici
1784 2087 1858 2120 ino-

1181 2143 1284 2187 piam.
1306 2142 1372 2174 ΕΙ).
1385 2140 1613 2174 ——Snccincti.
1631 2140 1733 2173 Paene
1751 2138 1858 2179 nudi,

1181 2196 1292 2228 lacera
1309 2203 1476 2240 curtaque
1492 2203 1585 2227 veste
1607 2192 1743 2235 induti,
1760 2192 1858 2238 quasi

1182 2247 1226 2281 ad
1251 2248 1316 2281 iter
1345 2246 1594 2293 capessendum
1616 2245 1775 2280 accincti.
1799 2245 1857 2279 Sic

1183 2309 1300 2334 noster
1322 2302 1457 2334 Boilean
1477 2300 1545 2334 Sat.
1563 2301 1579 2332 I
1597 2311 1605 2332 ε

1182 2358 1289 2382 Pas-sanz
1300 2357 1356 2381 l'e'te
1367 2367 1424 2382 sans
1442 2357 1509 2390 linge
1526 2363 1548 2381 et
1561 2355 1653 2380 l'hiver
1663 2366 1720 2381 sans
1734 2361 1861 2379 manteau.

1185 2408 1362 2439 ——Lentmu
1379 2405 1422 2439 Id
1433 2414 1482 2439 est
1497 2429 1507 2445 ,
1527 2403 1646 2439 tardus
1663 2403 1706 2437 ad
1725 2403 1862 2436 miseri-

1182 2458 1348 2492 cordiam.
1368 2459 1469 2492 Lenti
1504 2458 1597 2491 enim
1628 2465 1783 2502 spectare
1809 2455 1862 2489 di-

1183 2521 1328 2551 cuntur,
1354 2513 1415 2558 qui
1438 2524 1502 2545 nec
1522 2510 1564 2543 ad
1585 2509 1859 2543 commiseratio-

1184 2578 1262 2598 nem
1280 2578 1343 2598 nec
1365 2564 1408 2598 ad
1426 2563 1643 2598 iracundiam
1665 2571 1723 2595 aut
1742 2575 1865 2607 quem-

1185 2619 1268 2652 libet
1313 2619 1474 2652 affectum
1521 2623 1826 2650 commoverentur
1855 2628 1864 2655 ;

1185 2672 1305 2715 gallice
1319 2697 1327 2712 ,
1344 2670 1520 2704 insensilia)-
1531 2697 1538 2709 ,
1552 2670 1814 2714 plelegnzatiques.
