2061 3288
457 243 518 287 28

825 244 888 287 M.
915 246 1055 288 VAL.
1094 247 1486 292 MARTIALIS

594 331 678 373 Par
699 346 810 375 onus
835 341 886 376 ut
913 331 1118 388 tulerint3
1143 333 1269 379 altius
1296 335 1375 380 iste
1402 335 1511 380 tulit.

593 448 645 489 K'
673 445 718 495 ἢν
749 447 869 508 βάρος
896 444 980 492 ἴσον
1011 447 1166 510 ἄραντ’,
1195 449 1284 511 ἦρεν
1315 446 1378 495 ὅδ’
1408 450 1597 514 ὖψιτέρω·

451 580 636 615 vectionis.
653 581 735 616 Jovi
752 595 889 616 scamma
907 591 960 617 est
978 584 1128 626 fretum;

453 634 580 669 Caesari
618 648 753 667 scamma
782 635 1034 670 intermedium
1050 661 1058 675 ‚
1096 645 1130 671 et

453 687 552 733 quasi
582 689 787 721 intel-melium
812 682 826 732 (
843 691 879 723 τὸ
909 690 1030 735 μεταξὺ
1065 695 1128 723 τῶν

453 741 654 786 καμπττῖρων
685 740 841 782 Glossae)
864 751 964 777 terrae
992 752 1026 777 et
1056 743 1130 777 caeli

452 793 758 840 Amphitheatrici.
786 795 898 829 Altius
922 809 1004 842 ergo
1029 809 1131 829 scam-

454 860 504 879 ma
524 848 661 881 Caesari.
679 847 874 882 Scriverius
888 850 990 896 legit,
1009 850 1109 883 Roma
1122 876 1131 892 ,

447 902 606 946 juvencos.
626 901 728 934 Putat
744 902 949 947 Rutgersius
966 903 1034 936 hoc
1056 903 1130 949 epi-

452 965 608 999 gramma
626 953 669 987 ad
689 955 882 988 Aruntium
901 955 1040 989 Stellam
1054 981 1062 997 ‚
1082 956 1135 988 in-

453 1015 509 1039 ter
519 1006 584 1039 alia
594 1033 602 1048 ,
613 1007 784 1052 scriptum
800 1007 923 1051 fuisse,
933 1008 1135 1054 legendum-

454 1071 522 1105 que
544 1071 553 1093 :
575 1061 682 1103 conset·
701 1073 799 1101 nnnc,
824 1060 925 1094 Stella
939 1089 947 1101 ,
970 1065 1132 1107 juvencos.

454 1113 578 1146 Petrus
599 1113 746 1146 Colinus
774 1115 949 1159 conjectat
973 1129 1106 1148 scomma
1122 1143 1130 1156 ,

454 1166 676 1210 improbante
693 1166 850 1200 Ramires
866 1166 910 1201 de
920 1168 1051 1202 Prado.
1067 1169 1133 1201 Be-

455 1218 614 1253 verlandi
641 1219 714 1253 MS.
745 1233 812 1253 cum
829 1221 909 1264 sert.
934 1243 986 1248 --
1016 1221 1136 1265 Confer

1189 598 1270 618 nunc
1296 587 1428 620 schema.
1455 587 1644 633 Compares
1670 594 1810 621 taurum
1845 601 1864 621 a

1188 639 1390 672 Domitiano
1423 640 1577 674 effictum
1604 652 1684 674 cum
1712 641 1801 675 Jove
1828 640 1865 674 in

1189 699 1328 725 taurum
1347 705 1529 727 converso.

1245 747 1278 779 6.
1299 746 1370 778 Par
1397 758 1474 779 onus
1504 754 1548 780 ut.
1578 745 1678 780 Licet
1706 745 1867 780 tulissent

1189 811 1280 831 onus
1310 799 1464 844 aequale,
1497 799 1656 844 quamvis
1685 812 1751 833 nec
1779 811 1867 832 onus

1189 864 1252 897 par
1269 851 1392 894 fuerit3
1412 864 1476 897 per
1494 851 1606 886 undas
1618 851 1712 886 enim
1728 852 1868 898 Jupiter

1190 904 1341 950 puellam
1358 931 1367 946 ‚
1390 904 1581 938 Domitiani
1599 918 1682 938 vero
1705 905 1866 938 machina

1192 958 1381 991 Herculem
1400 970 1463 1003 per
1485 970 1599 991 aerem
1619 958 1759 1004 rapuit:
1782 965 1866 991 atta-

1194 1023 1274 1044 men
1288 1037 1296 1052 ,
1315 1011 1433 1056 inquit
1451 1019 1553 1056 poeta
1567 1036 1576 1052 ‚
1592 1011 1785 1043 Domitiani
1798 1018 1871 1044 tau·

1194 1076 1253 1097 rus
1274 1064 1375 1097 altius
1397 1064 1549 1110 portavit
1571 1076 1672 1096 suum
1695 1076 1800 1104 onus,
1819 1072 1869 1096 at·

1193 1129 1263 1162 que
1280 1117 1328 1151 ita
1347 1117 1500 1150 nobilior
1515 1124 1576 1150 est.
1590 1115 1676 1150 Vid.
1693 1116 1869 1162 Epigram.

1192 1182 1266 1210 vu,
1291 1182 1303 1204 1
1317 1195 1326 1211 ‚
1343 1170 1378 1203 in
1404 1182 1476 1216 quo
1498 1169 1659 1203 similiter
1676 1170 1790 1204 Caesar
1806 1169 1871 1201 Ju—

1193 1223 1355 1269 piterque
1371 1231 1631 1269 comparantur.

1052 1360 1268 1417 XVII.

754 1516 822 1545 DE
860 1516 1140 1546 SUPPLICE
1179 1517 1541 1546 ELEPHANTE.
1564 1495 1583 1513 *²

459 1631 623 1682 Elephas
640 1631 676 1668 in
696 1631 754 1668 his
774 1632 1017 1683 spectaculis,
1037 1633 1133 1670 feras
1150 1633 1216 1683 qui
1233 1633 1491 1684 exagitaverat
1507 1631 1697 1678 ferociter,
1713 1629 1875 1682 supplex

501 1696 687 1731 Caesarem
709 1693 885 1732 adoravit
905 1709 912 1731 :
930 1694 1005 1732 hoc
1024 1694 1171 1732 numini
1191 1695 1350 1732 Caesaris
1368 1693 1615 1731 tribuendum
1636 1692 1740 1730 dicit.
1762 1696 1831 1730 En.

530 1820 671 1877 QUOD
702 1821 799 1881 pius
830 1830 873 1864 et
902 1818 1085 1881 supplex
1113 1818 1290 1880 elephas
1321 1829 1390 1876 te,
1419 1821 1587 1872 Caesar,
1617 1817 1793 1873 adorat,

603 1892 687 1936 Hic
717 1890 849 1935 modo
879 1892 953 1952 qui
981 1901 1108 1935 tauro
1138 1900 1229 1934 tam
1259 1890 1518 1934 metuendus
1548 1899 1667 1940 erat,

531 1962 635 2006 Non
664 1961 767 2007 facit
792 1962 878 2006 hoc
904 1961 1049 2023 jussus
1073 1979 1082 2006 z
1107 1960 1316 2023 nulloque
1341 1961 1524 2006 docente
1551 1960 1761 2021 magistro
1778 1993 1789 2013 ,

535 2098 787 2148 Γουνοπετῆς
813 2098 953 2156 ἐλέφας
984 2100 1052 2140 ὅτε
1081 2114 1163 2151 σοι,
1194 2098 1375 2157 Καῖσαρ,
1403 2096 1633 2155 προσεκύνει

605 2158 642 2210 O
673 2171 810 2229 πρώην
842 2170 991 2228 ταύρου
1021 2162 1140 2227 δεῖμα
1171 2167 1237 2210 καὶ
1268 2164 1360 2227 ἄρτι.
1385 2163 1530 2225 φόὲος·

536 2240 840 2289 Αὐτοκέλευςος
870 2245 991 2282 τοῦτο
1021 2238 1086 2281 καὶ
1115 2233 1413 2288 αὐτοδίδακτος
1442 2236 1578 2282 ἐποίει.

520 2365 534 2381 '
551 2370 738 2416 Inscriptio
768 2371 805 2403 in
835 2371 974 2403 Thuan.
1004 2371 1056 2403 De
1080 2371 1142 2404 ele-

463 2424 582 2468 phante
597 2450 606 2463 ,
629 2426 683 2468 qui
702 2423 857 2457 Ccesarem
880 2424 1026 2456 adoravit

526 2488 559 2509 1.
590 2477 729 2510 Adorat.
759 2477 916 2517 Plinius,
946 2477 1007 2511 lib.
1029 2477 1119 2509 VIII
1134 2502 1145 2519 ‚

468 2541 543 2574 cap.
560 2541 573 2562 1
594 2540 601 2561 :
626 2546 638 2558 a
661 2529 750 2562 Nam
763 2529 861 2575 quod
875 2529 917 2563 ad
932 2529 1145 2564 docilitatem

468 2581 609 2621 attinet,
624 2583 751 2626 Regem
761 2582 930 2625 adorant,
941 2595 1051 2629 genua
1065 2584 1146 2616 sub·

469 2634 615 2668 mittunt
627 2660 636 2676 ‚
650 2647 796 2669 coronas
810 2636 1007 2681 porrigunt.
1028 2654 1041 2667 ·
1060 2635 1144 2671 Vid.

471 2698 546 2733 cap.
564 2688 762 2734 sequentia,
782 2688 822 2730 3,
842 2693 882 2731 4,
908 2689 941 2724 5.

1258 2369 1290 2403 3.
1313 2370 1443 2403 Omnes
1457 2367 1561 2402 codd.
1579 2377 1613 2403 et
1627 2367 1707 2402 edd.
1723 2376 1808 2403 vett.
1820 2367 1879 2400 ha-

1203 2423 1311 2457 bent:
1334 2424 1479 2469 nulloque
1497 2423 1625 2455 docente
1647 2423 1796 2466 magistro
1813 2435 1821 2459 ;
1845 2429 1879 2453 at

1205 2477 1380 2522 scripsisse
1399 2476 1594 2510 Martialem
1615 2474 1764 2508 affirmat
1785 2474 1882 2506 Mar-

1205 2529 1326 2563 cilius:
1351 2530 1450 2562 ullove
1473 2529 1620 2569 docente,
1649 2536 1683 2560 et
1705 2527 1882 2572 opiliones

1204 2591 1305 2616 vocat
1342 2594 1399 2615 eos
1431 2581 1492 2627 qui
1525 2581 1700 2625 vulgatam
1728 2580 1883 2613 retinent

1205 2635 1390 2669 lectionem
1403 2660 1412 2676 ‚
1426 2643 1460 2667 et
1473 2632 1748 2667 comminiscitur
1763 2631 1883 2665 nescio

1206 2701 1282 2733 quae
1302 2687 1347 2722 de
1365 2687 1504 2732 syllabae
1524 2686 1625 2721 sibilo
1646 2694 1752 2720 auctae
1770 2698 1788 2719 a
1804 2685 1882 2719 Ma-
