<?xml version="1.0" encoding="UTF-8"?>
<!DOCTYPE html PUBLIC "-//W3C//DTD XHTML 1.0 Transitional//EN"
    "http://www.w3.org/TR/xhtml1/DTD/xhtml1-transitional.dtd">
<html xmlns="http://www.w3.org/1999/xhtml" xml:lang="en" lang="en">
 <head>
  <title>
</title>
<meta http-equiv="Content-Type" content="text/html;charset=utf-8" />
  <meta name='ocr-system' content='tesseract 3.04.00' />
  <meta name='ocr-capabilities' content='ocr_page ocr_carea ocr_par ocr_line ocrx_word'/>
</head>
<body>
  <div class='ocr_page' id='page_1' title='image "./epigrammata01martuoft_0208.png"; bbox 0 0 2061 3288; ppageno 0'>
   <div class='ocr_carea' id='block_1_1' title="bbox 450 233 1488 289">
    <p class='ocr_par' dir='ltr' id='par_1_1' title="bbox 450 233 1488 289">
     <span class='ocr_line' id='line_1_1' title="bbox 450 233 1488 289; baseline 0.006 -12"><span class='ocrx_word' id='word_1_1' title='bbox 450 233 514 289; x_wconf 63' lang='lat'>[16</span> <span class='ocrx_word' id='word_1_2' title='bbox 828 237 890 279; x_wconf 86' lang='lat' dir='ltr'>M.</span> <span class='ocrx_word' id='word_1_3' title='bbox 912 238 1056 281; x_wconf 81' lang='lat' dir='ltr'><strong>VAL.</strong></span> <span class='ocrx_word' id='word_1_4' title='bbox 1095 239 1488 284; x_wconf 83' lang='lat' dir='ltr'><strong>MARTIALIS</strong></span> 
     </span>
    </p>
   </div>
   <div class='ocr_carea' id='block_1_2' title="bbox 518 322 1863 952">
    <p class='ocr_par' dir='ltr' id='par_1_2' title="bbox 518 322 1863 952">
     <span class='ocr_line' id='line_1_2' title="bbox 590 322 1377 387; baseline 0.006 -21"><span class='ocrx_word' id='word_1_5' title='bbox 590 322 675 366; x_wconf 87' lang='lat' dir='ltr'>Sed</span> <span class='ocrx_word' id='word_1_6' title='bbox 706 324 851 367; x_wconf 81' lang='lat' dir='ltr'>Caesar</span> <span class='ocrx_word' id='word_1_7' title='bbox 881 323 964 385; x_wconf 85' lang='lat' dir='ltr'>legi</span> <span class='ocrx_word' id='word_1_8' title='bbox 994 327 1139 385; x_wconf 87' lang='lat' dir='ltr'>paruit</span> <span class='ocrx_word' id='word_1_9' title='bbox 1162 327 1253 387; x_wconf 88' lang='lat' dir='ltr'>ipse</span> <span class='ocrx_word' id='word_1_10' title='bbox 1278 343 1377 371; x_wconf 86' lang='lat' dir='ltr'>suae.</span> 
     </span>
     <span class='ocr_line' id='line_1_3' title="bbox 520 394 1861 459; baseline 0.007 -24"><span class='ocrx_word' id='word_1_11' title='bbox 520 394 611 436; x_wconf 87' lang='lat' dir='ltr'>Lex</span> <span class='ocrx_word' id='word_1_12' title='bbox 634 403 749 449; x_wconf 83' lang='lat' dir='ltr'>erat,</span> <span class='ocrx_word' id='word_1_13' title='bbox 771 394 826 437; x_wconf 91' lang='lat' dir='ltr'>ad</span> <span class='ocrx_word' id='word_1_14' title='bbox 851 395 1037 455; x_wconf 85' lang='lat' dir='ltr'>digitum</span> <span class='ocrx_word' id='word_1_15' title='bbox 1066 398 1206 457; x_wconf 86' lang='lat' dir='ltr'>posita</span> <span class='ocrx_word' id='word_1_16' title='bbox 1233 413 1496 442; x_wconf 87' lang='lat' dir='ltr'>concurrere</span> <span class='ocrx_word' id='word_1_17' title='bbox 1521 398 1665 459; x_wconf 83' lang='lat' dir='ltr'>palma</span> <span class='ocrx_word' id='word_1_18' title='bbox 1689 418 1696 444; x_wconf 90' lang='lat'>:</span> <span class='ocrx_word' id='word_1_19' title='bbox 1848 421 1861 445; x_wconf 71' lang='lat'>5</span> 
     </span>
     <span class='ocr_line' id='line_1_4' title="bbox 591 463 1617 529; baseline 0.008 -23"><span class='ocrx_word' id='word_1_20' title='bbox 591 464 723 520; x_wconf 87' lang='lat' dir='ltr'>Quod</span> <span class='ocrx_word' id='word_1_21' title='bbox 754 463 898 519; x_wconf 80' lang='lat' dir='ltr'>licuit,</span> <span class='ocrx_word' id='word_1_22' title='bbox 925 464 1093 521; x_wconf 82' lang='lat' dir='ltr'>lances,</span> <span class='ocrx_word' id='word_1_23' title='bbox 1115 467 1317 528; x_wconf 83' lang='lat' dir='ltr'>donaque</span> <span class='ocrx_word' id='word_1_24' title='bbox 1344 484 1455 529; x_wconf 84' lang='lat' dir='ltr'>saepe</span> <span class='ocrx_word' id='word_1_25' title='bbox 1487 469 1617 514; x_wconf 85' lang='lat' dir='ltr'>dedit.</span> 
     </span>
     <span class='ocr_line' id='line_1_5' title="bbox 520 536 1571 600; baseline 0.008 -24"><span class='ocrx_word' id='word_1_26' title='bbox 520 536 730 579; x_wconf 83' lang='lat' dir='ltr'>Inventus</span> <span class='ocrx_word' id='word_1_27' title='bbox 756 545 901 580; x_wconf 87' lang='lat' dir='ltr'>tamen</span> <span class='ocrx_word' id='word_1_28' title='bbox 934 546 998 579; x_wconf 88' lang='lat' dir='ltr'>est</span> <span class='ocrx_word' id='word_1_29' title='bbox 1029 537 1125 581; x_wconf 89' lang='lat' dir='ltr'>finis</span> <span class='ocrx_word' id='word_1_30' title='bbox 1152 538 1412 582; x_wconf 78' lang='lat' dir='ltr'>discriminis</span> <span class='ocrx_word' id='word_1_31' title='bbox 1438 541 1571 600; x_wconf 82' lang='lat' dir='ltr'>aequi3</span> 
     </span>
     <span class='ocr_line' id='line_1_6' title="bbox 590 607 1482 669; baseline 0.006 -21"><span class='ocrx_word' id='word_1_32' title='bbox 590 607 844 666; x_wconf 76' lang='lat' dir='ltr'>pugnavere</span> <span class='ocrx_word' id='word_1_33' title='bbox 871 623 1024 668; x_wconf 84' lang='lat' dir='ltr'>pares,</span> <span class='ocrx_word' id='word_1_34' title='bbox 1052 609 1319 652; x_wconf 78' lang='lat' dir='ltr'>succubuere</span> <span class='ocrx_word' id='word_1_35' title='bbox 1346 625 1482 669; x_wconf 84' lang='lat' dir='ltr'>pares.</span> 
     </span>
     <span class='ocr_line' id='line_1_7' title="bbox 518 676 1697 742; baseline 0.006 -24"><span class='ocrx_word' id='word_1_36' title='bbox 518 676 639 719; x_wconf 84' lang='lat' dir='ltr'>Misit</span> <span class='ocrx_word' id='word_1_37' title='bbox 667 678 840 737; x_wconf 78' lang='lat' dir='ltr'>utrique</span> <span class='ocrx_word' id='word_1_38' title='bbox 871 677 1026 732; x_wconf 82' lang='lat' dir='ltr'>rudes,</span> <span class='ocrx_word' id='word_1_39' title='bbox 1055 688 1098 721; x_wconf 87' lang='lat' dir='ltr'>et</span> <span class='ocrx_word' id='word_1_40' title='bbox 1128 678 1294 740; x_wconf 84' lang='lat' dir='ltr'>palmas</span> <span class='ocrx_word' id='word_1_41' title='bbox 1321 681 1466 724; x_wconf 79' lang='lat' dir='ltr'>Caesar</span> <span class='ocrx_word' id='word_1_42' title='bbox 1491 682 1664 742; x_wconf 84' lang='lat' dir='ltr'>utrique</span> <span class='ocrx_word' id='word_1_43' title='bbox 1690 700 1697 725; x_wconf 91' lang='lat'>:</span> 
     </span>
     <span class='ocr_line' id='line_1_8' title="bbox 587 748 1863 810; baseline 0.006 -21"><span class='ocrx_word' id='word_1_44' title='bbox 587 748 683 790; x_wconf 92' lang='lat' dir='ltr'>Hoc</span> <span class='ocrx_word' id='word_1_45' title='bbox 710 749 898 808; x_wconf 86' lang='lat' dir='ltr'>pretium</span> <span class='ocrx_word' id='word_1_46' title='bbox 927 749 1065 792; x_wconf 72' lang='lat' dir='ltr'>virtus</span> <span class='ocrx_word' id='word_1_47' title='bbox 1090 750 1314 810; x_wconf 83' lang='lat' dir='ltr'>ingeniosa</span> <span class='ocrx_word' id='word_1_48' title='bbox 1341 749 1449 793; x_wconf 88' lang='lat' dir='ltr'>tulit.</span> <span class='ocrx_word' id='word_1_49' title='bbox 1834 783 1863 797; x_wconf 62' lang='grc' dir='ltr'>ιο</span> 
     </span>
     <span class='ocr_line' id='line_1_9' title="bbox 518 817 1712 881; baseline 0.006 -22"><span class='ocrx_word' id='word_1_50' title='bbox 518 818 714 878; x_wconf 80' lang='lat' dir='ltr'>Contigit</span> <span class='ocrx_word' id='word_1_51' title='bbox 738 817 849 873; x_wconf 80' lang='lat' dir='ltr'>hoc,</span> <span class='ocrx_word' id='word_1_52' title='bbox 874 818 994 862; x_wconf 89' lang='lat' dir='ltr'>nullo</span> <span class='ocrx_word' id='word_1_53' title='bbox 1016 820 1097 863; x_wconf 87' lang='lat' dir='ltr'>nisi</span> <span class='ocrx_word' id='word_1_54' title='bbox 1121 830 1163 863; x_wconf 91' lang='lat' dir='ltr'>te</span> <span class='ocrx_word' id='word_1_55' title='bbox 1187 820 1266 864; x_wconf 91' lang='lat' dir='ltr'>sub</span> <span class='ocrx_word' id='word_1_56' title='bbox 1293 821 1510 881; x_wconf 76' lang='lat' dir='ltr'>principe⁷</span> <span class='ocrx_word' id='word_1_57' title='bbox 1535 823 1682 866; x_wconf 82' lang='lat' dir='ltr'>Caesar</span> <span class='ocrx_word' id='word_1_58' title='bbox 1705 840 1712 865; x_wconf 88' lang='lat'>:</span> 
     </span>
     <span class='ocr_line' id='line_1_10' title="bbox 588 888 1643 952; baseline 0.004 -21"><span class='ocrx_word' id='word_1_59' title='bbox 588 888 738 945; x_wconf 87' lang='lat' dir='ltr'>Quum</span> <span class='ocrx_word' id='word_1_60' title='bbox 764 888 852 932; x_wconf 91' lang='lat' dir='ltr'>duo</span> <span class='ocrx_word' id='word_1_61' title='bbox 877 900 1149 950; x_wconf 78' lang='lat' dir='ltr'>pugnarent,</span> <span class='ocrx_word' id='word_1_62' title='bbox 1174 893 1314 934; x_wconf 82' lang='lat' dir='ltr'>victor</span> <span class='ocrx_word' id='word_1_63' title='bbox 1343 900 1525 952; x_wconf 89' lang='lat' dir='ltr'>uterque</span> <span class='ocrx_word' id='word_1_64' title='bbox 1552 892 1643 936; x_wconf 84' lang='lat' dir='ltr'>fuit.</span> 
     </span>
    </p>
   </div>
   <div class='ocr_carea' id='block_1_3' title="bbox 586 1013 1437 1080">
    <p class='ocr_par' dir='ltr' id='par_1_3' title="bbox 586 1013 1437 1080">
     <span class='ocr_line' id='line_1_11' title="bbox 586 1013 1437 1080; baseline 0.004 -20"><span class='ocrx_word' id='word_1_65' title='bbox 586 1020 744 1078; x_wconf 78' lang='grc' dir='ltr'>Καῖσαρ</span> <span class='ocrx_word' id='word_1_66' title='bbox 774 1013 819 1061; x_wconf 70' lang='grc' dir='ltr'>δὲ</span> <span class='ocrx_word' id='word_1_67' title='bbox 849 1022 1040 1080; x_wconf 68' lang='grc' dir='ltr'>σφετέρης</span> <span class='ocrx_word' id='word_1_68' title='bbox 1069 1017 1197 1080; x_wconf 76' lang='grc' dir='ltr'>εἴχετο</span> <span class='ocrx_word' id='word_1_69' title='bbox 1224 1021 1437 1071; x_wconf 76' lang='grc' dir='ltr'>συνθεσίης.</span> 
     </span>
    </p>
   </div>
   <div class='ocr_carea' id='block_1_4' title="bbox 517 1088 1688 1223">
    <p class='ocr_par' dir='ltr' id='par_1_4' title="bbox 517 1088 1688 1223">
     <span class='ocr_line' id='line_1_12' title="bbox 517 1088 1688 1152; baseline 0.004 -22"><span class='ocrx_word' id='word_1_70' title='bbox 517 1089 687 1148; x_wconf 56' lang='lat' dir='ltr'>{vij-ny]</span> <span class='ocrx_word' id='word_1_71' title='bbox 712 1088 780 1143; x_wconf 73' lang='grc' dir='ltr'>ἦν,</span> <span class='ocrx_word' id='word_1_72' title='bbox 807 1094 955 1150; x_wconf 77' lang='grc' dir='ltr'>λαχμῷ</span> <span class='ocrx_word' id='word_1_73' title='bbox 980 1095 1154 1151; x_wconf 66' lang='grc' dir='ltr'>λιχανῶν</span> <span class='ocrx_word' id='word_1_74' title='bbox 1183 1093 1231 1135; x_wconf 79' lang='grc' dir='ltr'>τὸ</span> <span class='ocrx_word' id='word_1_75' title='bbox 1264 1089 1448 1152; x_wconf 60' lang='grc' dir='ltr'>βραὲεἴον</span> <span class='ocrx_word' id='word_1_76' title='bbox 1478 1096 1688 1152; x_wconf 75' lang='grc' dir='ltr'>ὁμαρτεῖν·</span> 
     </span>
     <span class='ocr_line' id='line_1_13' title="bbox 587 1156 1580 1223; baseline 0.002 -21"><span class='ocrx_word' id='word_1_77' title='bbox 587 1161 736 1202; x_wconf 51' lang='lat' dir='ltr'>Eaedem</span> <span class='ocrx_word' id='word_1_78' title='bbox 761 1159 811 1214; x_wconf 69' lang='grc' dir='ltr'>θ’,</span> <span class='ocrx_word' id='word_1_79' title='bbox 838 1163 919 1221; x_wconf 80' lang='grc' dir='ltr'>ὅρρ’</span> <span class='ocrx_word' id='word_1_80' title='bbox 946 1157 1049 1215; x_wconf 68' lang='grc' dir='ltr'>ἐξῆν,</span> <span class='ocrx_word' id='word_1_81' title='bbox 1078 1156 1189 1223; x_wconf 69' lang='grc' dir='ltr'>δῶρά</span> <span class='ocrx_word' id='word_1_82' title='bbox 1211 1180 1255 1205; x_wconf 78' lang='grc' dir='ltr'>τε</span> <span class='ocrx_word' id='word_1_83' title='bbox 1280 1163 1399 1206; x_wconf 79' lang='grc' dir='ltr'>πόλλ’</span> <span class='ocrx_word' id='word_1_84' title='bbox 1427 1157 1580 1206; x_wconf 69' lang='grc' dir='ltr'>ἐδίδου.</span> 
     </span>
    </p>
   </div>
   <div class='ocr_carea' id='block_1_5' title="bbox 515 1217 1575 1292">
    <p class='ocr_par' dir='ltr' id='par_1_5' title="bbox 515 1217 1575 1292">
     <span class='ocr_line' id='line_1_14' title="bbox 527 1217 542 1229; baseline 0 0"><span class='ocrx_word' id='word_1_85' title='bbox 527 1217 542 1229; x_wconf 78' lang='grc'>,,</span> 
     </span>
     <span class='ocr_line' id='line_1_15' title="bbox 515 1225 1575 1292; baseline 0.004 -20"><span class='ocrx_word' id='word_1_86' title='bbox 515 1233 660 1290; x_wconf 63' lang='grc' dir='ltr'>Ἐμπης</span> <span class='ocrx_word' id='word_1_87' title='bbox 689 1225 727 1273; x_wconf 66' lang='grc' dir='ltr'>δ’</span> <span class='ocrx_word' id='word_1_88' title='bbox 756 1228 1004 1292; x_wconf 61' lang='grc' dir='ltr'>οἱμφιῖόλους</span> <span class='ocrx_word' id='word_1_89' title='bbox 1031 1234 1147 1283; x_wconf 79' lang='grc' dir='ltr'>τέλος</span> <span class='ocrx_word' id='word_1_90' title='bbox 1178 1229 1360 1283; x_wconf 75' lang='grc' dir='ltr'>ἐξίσωσεν</span> <span class='ocrx_word' id='word_1_91' title='bbox 1391 1233 1575 1283; x_wconf 75' lang='grc' dir='ltr'>ἀέθλους·</span> 
     </span>
    </p>
   </div>
   <div class='ocr_carea' id='block_1_6' title="bbox 588 1302 1439 1363">
    <p class='ocr_par' dir='ltr' id='par_1_6' title="bbox 588 1302 1439 1363">
     <span class='ocr_line' id='line_1_16' title="bbox 588 1302 1439 1363; baseline 0.004 -20"><span class='ocrx_word' id='word_1_92' title='bbox 588 1302 779 1345; x_wconf 69' lang='grc' dir='ltr'>ἷσόπαλσι</span> <span class='ocrx_word' id='word_1_93' title='bbox 812 1303 1027 1362; x_wconf 67' lang='grc' dir='ltr'>μάρναντ’·</span> <span class='ocrx_word' id='word_1_94' title='bbox 1055 1304 1212 1363; x_wconf 71' lang='grc' dir='ltr'>ἤμυσαν</span> <span class='ocrx_word' id='word_1_95' title='bbox 1239 1303 1439 1347; x_wconf 79' lang='grc' dir='ltr'>ἰσόπαλοι.</span> 
     </span>
    </p>
   </div>
   <div class='ocr_carea' id='block_1_7' title="bbox 517 1368 1579 1435">
    <p class='ocr_par' dir='ltr' id='par_1_7' title="bbox 517 1368 1579 1435">
     <span class='ocr_line' id='line_1_17' title="bbox 517 1368 1579 1435; baseline 0.002 -21"><span class='ocrx_word' id='word_1_96' title='bbox 517 1370 655 1432; x_wconf 70' lang='grc' dir='ltr'>Πέμῲ’</span> <span class='ocrx_word' id='word_1_97' title='bbox 682 1375 817 1423; x_wconf 77' lang='grc' dir='ltr'>αὐτοῖς</span> <span class='ocrx_word' id='word_1_98' title='bbox 848 1368 1044 1433; x_wconf 61' lang='grc' dir='ltr'>ῥαῖἔδους,</span> <span class='ocrx_word' id='word_1_99' title='bbox 1074 1374 1140 1417; x_wconf 81' lang='grc' dir='ltr'>καὶ</span> <span class='ocrx_word' id='word_1_100' title='bbox 1167 1376 1378 1434; x_wconf 68' lang='grc' dir='ltr'>νικητήρια</span> <span class='ocrx_word' id='word_1_101' title='bbox 1404 1377 1579 1435; x_wconf 77' lang='grc' dir='ltr'>Καῖσαρ.</span> 
     </span>
    </p>
   </div>
   <div class='ocr_carea' id='block_1_8' title="bbox 587 1444 1455 1505">
    <p class='ocr_par' dir='ltr' id='par_1_8' title="bbox 587 1444 1455 1505">
     <span class='ocr_line' id='line_1_18' title="bbox 587 1444 1455 1505; baseline 0.023 -29"><span class='ocrx_word' id='word_1_102' title='bbox 587 1444 770 1502; x_wconf 67' lang='grc' dir='ltr'>Εὕςοχος</span> <span class='ocrx_word' id='word_1_103' title='bbox 797 1445 934 1502; x_wconf 74' lang='grc' dir='ltr'>ἠνορέη</span> <span class='ocrx_word' id='word_1_104' title='bbox 964 1447 1078 1487; x_wconf 74' lang='grc' dir='ltr'>τοῦτ’</span> <span class='ocrx_word' id='word_1_105' title='bbox 1108 1445 1298 1505; x_wconf 76' lang='grc' dir='ltr'>ἀπένεγκε</span> <span class='ocrx_word' id='word_1_106' title='bbox 1325 1446 1455 1505; x_wconf 76' lang='grc' dir='ltr'>γέρας-</span> 
     </span>
    </p>
   </div>
   <div class='ocr_carea' id='block_1_9' title="bbox 516 1508 1790 1576">
    <p class='ocr_par' dir='ltr' id='par_1_9' title="bbox 516 1508 1790 1576">
     <span class='ocr_line' id='line_1_19' title="bbox 516 1508 1790 1576; baseline 0.003 -22"><span class='ocrx_word' id='word_1_107' title='bbox 516 1516 576 1555; x_wconf 76' lang='grc' dir='ltr'>Οὐ</span> <span class='ocrx_word' id='word_1_108' title='bbox 604 1511 745 1561; x_wconf 63' lang='grc' dir='ltr'>συνέέη</span> <span class='ocrx_word' id='word_1_109' title='bbox 775 1508 894 1567; x_wconf 68' lang='grc' dir='ltr'>τόδε,</span> <span class='ocrx_word' id='word_1_110' title='bbox 924 1516 1104 1576; x_wconf 72' lang='grc' dir='ltr'>Καῖσαρ,</span> <span class='ocrx_word' id='word_1_111' title='bbox 1132 1517 1194 1559; x_wconf 78' lang='grc' dir='ltr'>ἐπ’</span> <span class='ocrx_word' id='word_1_112' title='bbox 1219 1510 1369 1571; x_wconf 63' lang='grc' dir='ltr'>οὐδενὶ,</span> <span class='ocrx_word' id='word_1_113' title='bbox 1395 1518 1498 1564; x_wconf 64' lang='grc' dir='ltr'>πλήν</span> <span class='ocrx_word' id='word_1_114' title='bbox 1523 1533 1606 1568; x_wconf 71' lang='grc' dir='ltr'>σοι,</span> <span class='ocrx_word' id='word_1_115' title='bbox 1633 1514 1790 1558; x_wconf 74' lang='grc' dir='ltr'>ἄνακτι·</span> 
     </span>
    </p>
   </div>
   <div class='ocr_carea' id='block_1_10' title="bbox 592 1580 1512 1645">
    <p class='ocr_par' dir='ltr' id='par_1_10' title="bbox 592 1580 1512 1645">
     <span class='ocr_line' id='line_1_20' title="bbox 592 1580 1512 1645; baseline 0.003 -20"><span class='ocrx_word' id='word_1_116' title='bbox 592 1587 753 1626; x_wconf 77' lang='grc' dir='ltr'>Δισσσῒν</span> <span class='ocrx_word' id='word_1_117' title='bbox 782 1586 1063 1645; x_wconf 72' lang='grc' dir='ltr'>μαρναμένων,</span> <span class='ocrx_word' id='word_1_118' title='bbox 1090 1592 1169 1628; x_wconf 86' lang='grc' dir='ltr'>τῶν</span> <span class='ocrx_word' id='word_1_119' title='bbox 1198 1580 1271 1628; x_wconf 66' lang='grc' dir='ltr'>δύο</span> <span class='ocrx_word' id='word_1_120' title='bbox 1298 1590 1403 1636; x_wconf 76' lang='grc' dir='ltr'>νῖκος</span> <span class='ocrx_word' id='word_1_121' title='bbox 1427 1587 1512 1644; x_wconf 74' lang='grc' dir='ltr'>ἔφυ.</span> 
     </span>
    </p>
   </div>
   <div class='ocr_carea' id='block_1_11' title="bbox 444 1723 1128 2725">
    <p class='ocr_par' dir='ltr' id='par_1_11' title="bbox 444 1723 1127 1982">
     <span class='ocr_line' id='line_1_21' title="bbox 445 1723 1124 1768; baseline -0.001 -10"><span class='ocrx_word' id='word_1_122' title='bbox 445 1726 548 1758; x_wconf 79' lang='lat' dir='ltr'>hatur</span> <span class='ocrx_word' id='word_1_123' title='bbox 566 1737 583 1756; x_wconf 81' lang='lat' dir='ltr'>a</span> <span class='ocrx_word' id='word_1_124' title='bbox 602 1723 761 1768; x_wconf 82' lang='lat' dir='ltr'>principe</span> <span class='ocrx_word' id='word_1_125' title='bbox 783 1724 837 1756; x_wconf 90' lang='lat' dir='ltr'>vel</span> <span class='ocrx_word' id='word_1_126' title='bbox 861 1725 1063 1757; x_wconf 83' lang='lat' dir='ltr'>munerario</span> <span class='ocrx_word' id='word_1_127' title='bbox 1084 1737 1124 1757; x_wconf 86' lang='lat' dir='ltr'>ex</span> 
     </span>
     <span class='ocr_line' id='line_1_22' title="bbox 446 1776 1125 1823; baseline -0.001 -12"><span class='ocrx_word' id='word_1_128' title='bbox 446 1777 596 1811; x_wconf 79' lang='lat' dir='ltr'>faventia</span> <span class='ocrx_word' id='word_1_129' title='bbox 617 1776 759 1823; x_wconf 84' lang='lat' dir='ltr'>populi,</span> <span class='ocrx_word' id='word_1_130' title='bbox 780 1789 886 1822; x_wconf 85' lang='lat' dir='ltr'>quam</span> <span class='ocrx_word' id='word_1_131' title='bbox 909 1776 1125 1822; x_wconf 86' lang='lat' dir='ltr'>significabat</span> 
     </span>
     <span class='ocr_line' id='line_1_23' title="bbox 446 1829 1125 1877; baseline -0.003 -13"><span class='ocrx_word' id='word_1_132' title='bbox 446 1844 565 1877; x_wconf 80' lang='lat' dir='ltr'>presso</span> <span class='ocrx_word' id='word_1_133' title='bbox 584 1831 734 1876; x_wconf 79' lang='lat' dir='ltr'>pollice3</span> <span class='ocrx_word' id='word_1_134' title='bbox 757 1829 856 1875; x_wconf 89' lang='lat' dir='ltr'>quod</span> <span class='ocrx_word' id='word_1_135' title='bbox 877 1830 1028 1875; x_wconf 82' lang='lat' dir='ltr'>accipio,</span> <span class='ocrx_word' id='word_1_136' title='bbox 1048 1831 1125 1876; x_wconf 88' lang='lat' dir='ltr'>pol-</span> 
     </span>
     <span class='ocr_line' id='line_1_24' title="bbox 444 1881 1127 1929; baseline -0.001 -12"><span class='ocrx_word' id='word_1_137' title='bbox 444 1884 546 1917; x_wconf 86' lang='lat' dir='ltr'>licem</span> <span class='ocrx_word' id='word_1_138' title='bbox 569 1884 660 1916; x_wconf 83' lang='lat' dir='ltr'>intra</span> <span class='ocrx_word' id='word_1_139' title='bbox 678 1884 829 1929; x_wconf 81' lang='lat' dir='ltr'>palmam</span> <span class='ocrx_word' id='word_1_140' title='bbox 852 1881 1054 1919; x_wconf 86' lang='lat' dir='ltr'>conditum,</span> <span class='ocrx_word' id='word_1_141' title='bbox 1076 1882 1127 1916; x_wconf 84' lang='lat' dir='ltr'>di-</span> 
     </span>
     <span class='ocr_line' id='line_1_25' title="bbox 446 1937 840 1982; baseline 0 -12"><span class='ocrx_word' id='word_1_142' title='bbox 446 1937 525 1982; x_wconf 73' lang='lat' dir='ltr'>gitis</span> <span class='ocrx_word' id='word_1_143' title='bbox 547 1938 652 1970; x_wconf 87' lang='lat' dir='ltr'>fuisse</span> <span class='ocrx_word' id='word_1_144' title='bbox 672 1949 840 1982; x_wconf 83' lang='lat' dir='ltr'>pressum.</span> 
     </span>
    </p>

    <p class='ocr_par' dir='ltr' id='par_1_12' title="bbox 448 1990 1127 2249">
     <span class='ocr_line' id='line_1_26' title="bbox 504 1990 1127 2034; baseline -0.003 -11"><span class='ocrx_word' id='word_1_145' title='bbox 504 1990 538 2023; x_wconf 84' lang='lat'>5.</span> <span class='ocrx_word' id='word_1_146' title='bbox 554 1991 613 2023; x_wconf 82' lang='lat' dir='ltr'>Ad</span> <span class='ocrx_word' id='word_1_147' title='bbox 629 1991 771 2034; x_wconf 69' lang='lat' dir='ltr'>digitium.</span> <span class='ocrx_word' id='word_1_148' title='bbox 789 1990 865 2023; x_wconf 90' lang='lat' dir='ltr'>Hoc</span> <span class='ocrx_word' id='word_1_149' title='bbox 879 1998 948 2030; x_wconf 79' lang='lat' dir='ltr'>est,</span> <span class='ocrx_word' id='word_1_150' title='bbox 969 2002 1127 2034; x_wconf 79' lang='lat' dir='ltr'>pugnare</span> 
     </span>
     <span class='ocr_line' id='line_1_27' title="bbox 448 2041 1125 2089; baseline -0.004 -12"><span class='ocrx_word' id='word_1_151' title='bbox 448 2043 522 2077; x_wconf 89' lang='lat' dir='ltr'>sine</span> <span class='ocrx_word' id='word_1_152' title='bbox 551 2056 610 2089; x_wconf 84' lang='lat' dir='ltr'>spe</span> <span class='ocrx_word' id='word_1_153' title='bbox 636 2043 827 2079; x_wconf 83' lang='lat' dir='ltr'>missionis,</span> <span class='ocrx_word' id='word_1_154' title='bbox 855 2042 968 2075; x_wconf 91' lang='lat' dir='ltr'>donec</span> <span class='ocrx_word' id='word_1_155' title='bbox 991 2041 1125 2087; x_wconf 85' lang='lat' dir='ltr'>gladia-</span> 
     </span>
     <span class='ocr_line' id='line_1_28' title="bbox 449 2094 1126 2140; baseline -0.003 -11"><span class='ocrx_word' id='word_1_156' title='bbox 449 2106 564 2130; x_wconf 87' lang='lat' dir='ltr'>torum</span> <span class='ocrx_word' id='word_1_157' title='bbox 583 2097 669 2129; x_wconf 88' lang='lat' dir='ltr'>alter</span> <span class='ocrx_word' id='word_1_158' title='bbox 689 2095 839 2140; x_wconf 84' lang='lat' dir='ltr'>digitum</span> <span class='ocrx_word' id='word_1_159' title='bbox 860 2096 979 2136; x_wconf 71' lang='lat' dir='ltr'>tollat,</span> <span class='ocrx_word' id='word_1_160' title='bbox 998 2094 1033 2128; x_wconf 88' lang='lat' dir='ltr'>id</span> <span class='ocrx_word' id='word_1_161' title='bbox 1056 2104 1105 2128; x_wconf 86' lang='lat' dir='ltr'>est</span> <span class='ocrx_word' id='word_1_162' title='bbox 1118 2121 1126 2137; x_wconf 90' lang='lat'><em>‚</em></span> 
     </span>
     <span class='ocr_line' id='line_1_29' title="bbox 448 2148 1127 2183; baseline -0.003 0"><span class='ocrx_word' id='word_1_163' title='bbox 448 2151 582 2183; x_wconf 79' lang='lat' dir='ltr'>victum</span> <span class='ocrx_word' id='word_1_164' title='bbox 601 2162 634 2183; x_wconf 89' lang='lat' dir='ltr'>se</span> <span class='ocrx_word' id='word_1_165' title='bbox 654 2150 810 2183; x_wconf 78' lang='lat' dir='ltr'>fateatur.</span> <span class='ocrx_word' id='word_1_166' title='bbox 831 2150 883 2182; x_wconf 84' lang='lat' dir='ltr'>Ita</span> <span class='ocrx_word' id='word_1_167' title='bbox 898 2148 995 2182; x_wconf 86' lang='lat' dir='ltr'>hunc</span> <span class='ocrx_word' id='word_1_168' title='bbox 1010 2148 1127 2181; x_wconf 81' lang='lat' dir='ltr'>locum</span> 
     </span>
     <span class='ocr_line' id='line_1_30' title="bbox 448 2202 933 2249; baseline -0.004 -13"><span class='ocrx_word' id='word_1_169' title='bbox 448 2203 595 2249; x_wconf 84' lang='lat' dir='ltr'>explicat</span> <span class='ocrx_word' id='word_1_170' title='bbox 616 2202 900 2235; x_wconf 86' lang='lat' dir='ltr'>Musambertius.</span> <span class='ocrx_word' id='word_1_171' title='bbox 928 2202 933 2206; x_wconf 81' lang='grc'><em>’</em></span> 
     </span>
    </p>

    <p class='ocr_par' dir='ltr' id='par_1_13' title="bbox 448 2254 1128 2725">
     <span class='ocr_line' id='line_1_31' title="bbox 504 2254 1126 2300; baseline -0.003 -11"><span class='ocrx_word' id='word_1_172' title='bbox 504 2259 537 2289; x_wconf 80' lang='grc'>6.</span> <span class='ocrx_word' id='word_1_173' title='bbox 561 2257 658 2300; x_wconf 75' lang='lat' dir='ltr'>Quod</span> <span class='ocrx_word' id='word_1_174' title='bbox 674 2257 771 2289; x_wconf 71' lang='lat' dir='ltr'>licuit.</span> <span class='ocrx_word' id='word_1_175' title='bbox 795 2256 928 2295; x_wconf 74' lang='lat' dir='ltr'>Caesar,</span> <span class='ocrx_word' id='word_1_176' title='bbox 945 2254 1036 2287; x_wconf 79' lang='lat' dir='ltr'>salva</span> <span class='ocrx_word' id='word_1_177' title='bbox 1053 2255 1126 2299; x_wconf 83' lang='lat' dir='ltr'>lege</span> 
     </span>
     <span class='ocr_line' id='line_1_32' title="bbox 451 2307 1126 2354; baseline -0.001 -13"><span class='ocrx_word' id='word_1_178' title='bbox 451 2322 555 2354; x_wconf 87' lang='lat' dir='ltr'>quam</span> <span class='ocrx_word' id='word_1_179' title='bbox 582 2318 764 2354; x_wconf 81' lang='lat' dir='ltr'>posuerat,</span> <span class='ocrx_word' id='word_1_180' title='bbox 798 2308 942 2341; x_wconf 82' lang='lat' dir='ltr'>obsonia</span> <span class='ocrx_word' id='word_1_181' title='bbox 970 2307 1064 2340; x_wconf 80' lang='lat' dir='ltr'>misit</span> <span class='ocrx_word' id='word_1_182' title='bbox 1090 2308 1126 2340; x_wconf 88' lang='lat' dir='ltr'>in</span> 
     </span>
     <span class='ocr_line' id='line_1_33' title="bbox 448 2360 1128 2407; baseline -0.003 -13"><span class='ocrx_word' id='word_1_183' title='bbox 448 2363 606 2395; x_wconf 83' lang='lat' dir='ltr'>lancibus</span> <span class='ocrx_word' id='word_1_184' title='bbox 629 2363 761 2407; x_wconf 81' lang='lat' dir='ltr'>quihus</span> <span class='ocrx_word' id='word_1_185' title='bbox 784 2362 874 2395; x_wconf 83' lang='lat' dir='ltr'>vires</span> <span class='ocrx_word' id='word_1_186' title='bbox 896 2360 1128 2394; x_wconf 83' lang='lat' dir='ltr'>reficerentur</span> 
     </span>
     <span class='ocr_line' id='line_1_34' title="bbox 449 2413 1127 2460; baseline 0 -13"><span class='ocrx_word' id='word_1_187' title='bbox 449 2414 679 2460; x_wconf 73' lang='lat' dir='ltr'>gladiatorum</span> <span class='ocrx_word' id='word_1_188' title='bbox 695 2441 704 2455; x_wconf 80' lang='grc'><em>,</em></span> <span class='ocrx_word' id='word_1_189' title='bbox 736 2414 897 2460; x_wconf 87' lang='lat' dir='ltr'>donaque</span> <span class='ocrx_word' id='word_1_190' title='bbox 922 2414 1052 2460; x_wconf 87' lang='lat' dir='ltr'>quibus</span> <span class='ocrx_word' id='word_1_191' title='bbox 1081 2413 1127 2447; x_wconf 84' lang='lat' dir='ltr'>ad</span> 
     </span>
     <span class='ocr_line' id='line_1_35' title="bbox 448 2475 1126 2513; baseline -0.003 -12"><span class='ocrx_word' id='word_1_192' title='bbox 448 2481 600 2513; x_wconf 75' lang='lat' dir='ltr'>pugnam</span> <span class='ocrx_word' id='word_1_193' title='bbox 624 2480 734 2500; x_wconf 82' lang='lat' dir='ltr'>acrius</span> <span class='ocrx_word' id='word_1_194' title='bbox 756 2475 958 2501; x_wconf 71' lang='lat' dir='ltr'>inritaretur</span> <span class='ocrx_word' id='word_1_195' title='bbox 981 2479 1126 2500; x_wconf 82' lang='lat' dir='ltr'>annnus.</span> 
     </span>
     <span class='ocr_line' id='line_1_36' title="bbox 451 2520 1126 2565; baseline 0.001 -12"><span class='ocrx_word' id='word_1_196' title='bbox 451 2542 505 2547; x_wconf 84' lang='lat'>-——</span> <span class='ocrx_word' id='word_1_197' title='bbox 522 2521 589 2553; x_wconf 76' lang='lat' dir='ltr'>Vel</span> <span class='ocrx_word' id='word_1_198' title='bbox 614 2521 765 2565; x_wconf 71' lang='lat' dir='ltr'>intellige</span> <span class='ocrx_word' id='word_1_199' title='bbox 791 2520 906 2554; x_wconf 86' lang='lat' dir='ltr'>edulia</span> <span class='ocrx_word' id='word_1_200' title='bbox 929 2529 963 2553; x_wconf 86' lang='lat' dir='ltr'>et</span> <span class='ocrx_word' id='word_1_201' title='bbox 983 2520 1126 2554; x_wconf 86' lang='lat' dir='ltr'>missilia</span> 
     </span>
     <span class='ocr_line' id='line_1_37' title="bbox 453 2573 1128 2619; baseline 0 -14"><span class='ocrx_word' id='word_1_202' title='bbox 453 2574 531 2606; x_wconf 81' lang='lat' dir='ltr'>data</span> <span class='ocrx_word' id='word_1_203' title='bbox 551 2573 656 2606; x_wconf 83' lang='lat' dir='ltr'>fuisse</span> <span class='ocrx_word' id='word_1_204' title='bbox 678 2575 811 2619; x_wconf 84' lang='lat' dir='ltr'>populo</span> <span class='ocrx_word' id='word_1_205' title='bbox 828 2587 897 2619; x_wconf 86' lang='lat' dir='ltr'>quo</span> <span class='ocrx_word' id='word_1_206' title='bbox 913 2573 1046 2607; x_wconf 77' lang='lat' dir='ltr'>facilius</span> <span class='ocrx_word' id='word_1_207' title='bbox 1062 2574 1128 2606; x_wconf 85' lang='lat' dir='ltr'>fer-</span> 
     </span>
     <span class='ocr_line' id='line_1_38' title="bbox 450 2625 1122 2671; baseline 0 -12"><span class='ocrx_word' id='word_1_208' title='bbox 450 2636 502 2659; x_wconf 80' lang='lat' dir='ltr'>ret</span> <span class='ocrx_word' id='word_1_209' title='bbox 520 2627 631 2671; x_wconf 76' lang='lat' dir='ltr'>longae</span> <span class='ocrx_word' id='word_1_210' title='bbox 644 2639 770 2671; x_wconf 77' lang='lat' dir='ltr'>pugnae</span> <span class='ocrx_word' id='word_1_211' title='bbox 786 2640 933 2660; x_wconf 80' lang='lat' dir='ltr'>morani.</span> <span class='ocrx_word' id='word_1_212' title='bbox 948 2625 1031 2659; x_wconf 79' lang='lat' dir='ltr'>Vid.</span> <span class='ocrx_word' id='word_1_213' title='bbox 1048 2639 1122 2671; x_wconf 85' lang='lat' dir='ltr'>sup.</span> 
     </span>
     <span class='ocr_line' id='line_1_39' title="bbox 449 2681 797 2725; baseline 0.003 -14"><span class='ocrx_word' id='word_1_214' title='bbox 449 2681 557 2725; x_wconf 57' lang='lat' dir='ltr'>epigr.</span> <span class='ocrx_word' id='word_1_215' title='bbox 579 2692 740 2720; x_wconf 65' lang='lat' dir='ltr'>xx1117v.</span> <span class='ocrx_word' id='word_1_216' title='bbox 765 2682 797 2712; x_wconf 70' lang='grc' dir='ltr'>(ἰ.</span> 
     </span>
    </p>
   </div>
   <div class='ocr_carea' id='block_1_12' title="bbox 1185 1724 1864 2711">
    <p class='ocr_par' dir='ltr' id='par_1_14' title="bbox 1186 1724 1864 1811">
     <span class='ocr_line' id='line_1_40' title="bbox 1240 1724 1864 1770; baseline 0.002 -13"><span class='ocrx_word' id='word_1_217' title='bbox 1240 1725 1273 1758; x_wconf 89' lang='grc'>8.</span> <span class='ocrx_word' id='word_1_218' title='bbox 1291 1724 1486 1757; x_wconf 77' lang='lat' dir='ltr'>Succubuere</span> <span class='ocrx_word' id='word_1_219' title='bbox 1493 1738 1599 1770; x_wconf 77' lang='lat' dir='ltr'>pares.</span> <span class='ocrx_word' id='word_1_220' title='bbox 1615 1724 1725 1758; x_wconf 87' lang='lat' dir='ltr'>Simul</span> <span class='ocrx_word' id='word_1_221' title='bbox 1737 1737 1864 1770; x_wconf 85' lang='lat' dir='ltr'>nempe</span> 
     </span>
     <span class='ocr_line' id='line_1_41' title="bbox 1186 1777 1651 1811; baseline 0.004 -2"><span class='ocrx_word' id='word_1_222' title='bbox 1186 1777 1272 1810; x_wconf 87' lang='lat' dir='ltr'>alter</span> <span class='ocrx_word' id='word_1_223' title='bbox 1289 1777 1332 1809; x_wconf 77' lang='lat' dir='ltr'>ab</span> <span class='ocrx_word' id='word_1_224' title='bbox 1350 1778 1458 1811; x_wconf 85' lang='lat' dir='ltr'>altero</span> <span class='ocrx_word' id='word_1_225' title='bbox 1474 1778 1574 1811; x_wconf 77' lang='lat' dir='ltr'>laesus</span> <span class='ocrx_word' id='word_1_226' title='bbox 1590 1786 1651 1811; x_wconf 89' lang='lat' dir='ltr'>est.</span> 
     </span>
    </p>

    <p class='ocr_par' dir='ltr' id='par_1_15' title="bbox 1185 1831 1864 2566">
     <span class='ocr_line' id='line_1_42' title="bbox 1241 1831 1863 1877; baseline 0.003 -15"><span class='ocrx_word' id='word_1_227' title='bbox 1241 1842 1275 1873; x_wconf 85' lang='lat'>9.</span> <span class='ocrx_word' id='word_1_228' title='bbox 1293 1831 1409 1864; x_wconf 79' lang='lat' dir='ltr'>Rudes.</span> <span class='ocrx_word' id='word_1_229' title='bbox 1431 1831 1612 1877; x_wconf 81' lang='lat' dir='ltr'>Scipiones</span> <span class='ocrx_word' id='word_1_230' title='bbox 1626 1856 1634 1871; x_wconf 84' lang='lat'>‚</span> <span class='ocrx_word' id='word_1_231' title='bbox 1657 1831 1783 1876; x_wconf 89' lang='lat' dir='ltr'>quibus</span> <span class='ocrx_word' id='word_1_232' title='bbox 1804 1843 1863 1864; x_wconf 86' lang='lat' dir='ltr'>ve-</span> 
     </span>
     <span class='ocr_line' id='line_1_43' title="bbox 1186 1883 1864 1929; baseline 0.001 -14"><span class='ocrx_word' id='word_1_233' title='bbox 1186 1883 1295 1915; x_wconf 87' lang='lat' dir='ltr'>terani</span> <span class='ocrx_word' id='word_1_234' title='bbox 1313 1883 1521 1928; x_wconf 82' lang='lat' dir='ltr'>gladiatores</span> <span class='ocrx_word' id='word_1_235' title='bbox 1537 1883 1657 1917; x_wconf 90' lang='lat' dir='ltr'>donati</span> <span class='ocrx_word' id='word_1_236' title='bbox 1672 1885 1709 1916; x_wconf 90' lang='lat' dir='ltr'>in</span> <span class='ocrx_word' id='word_1_237' title='bbox 1726 1885 1864 1929; x_wconf 86' lang='lat' dir='ltr'>signum</span> 
     </span>
     <span class='ocr_line' id='line_1_44' title="bbox 1185 1937 1863 1981; baseline 0.001 -13"><span class='ocrx_word' id='word_1_238' title='bbox 1185 1937 1372 1981; x_wconf 78' lang='lat' dir='ltr'>magisterii</span> <span class='ocrx_word' id='word_1_239' title='bbox 1388 1962 1397 1978; x_wconf 91' lang='lat'><strong><em>‚</em></strong></span> <span class='ocrx_word' id='word_1_240' title='bbox 1416 1937 1519 1969; x_wconf 85' lang='lat' dir='ltr'>liberi</span> <span class='ocrx_word' id='word_1_241' title='bbox 1539 1939 1581 1970; x_wconf 88' lang='lat' dir='ltr'>ab</span> <span class='ocrx_word' id='word_1_242' title='bbox 1600 1949 1702 1969; x_wconf 81' lang='lat' dir='ltr'>arena</span> <span class='ocrx_word' id='word_1_243' title='bbox 1725 1937 1761 1969; x_wconf 92' lang='lat' dir='ltr'>in</span> <span class='ocrx_word' id='word_1_244' title='bbox 1782 1937 1863 1970; x_wconf 85' lang='lat' dir='ltr'>reli-</span> 
     </span>
     <span class='ocr_line' id='line_1_45' title="bbox 1185 1990 1862 2035; baseline 0.001 -14"><span class='ocrx_word' id='word_1_245' title='bbox 1185 2002 1288 2033; x_wconf 86' lang='lat' dir='ltr'>quam</span> <span class='ocrx_word' id='word_1_246' title='bbox 1310 1990 1416 2022; x_wconf 82' lang='lat' dir='ltr'>vitain</span> <span class='ocrx_word' id='word_1_247' title='bbox 1439 1990 1769 2035; x_wconf 82' lang='lat' dir='ltr'>pronuntiabantur.</span> <span class='ocrx_word' id='word_1_248' title='bbox 1790 1990 1862 2022; x_wconf 86' lang='lat' dir='ltr'>Ru-</span> 
     </span>
     <span class='ocr_line' id='line_1_46' title="bbox 1186 2041 1862 2088; baseline 0.003 -14"><span class='ocrx_word' id='word_1_249' title='bbox 1186 2041 1239 2074; x_wconf 78' lang='lat' dir='ltr'>dis</span> <span class='ocrx_word' id='word_1_250' title='bbox 1259 2042 1376 2087; x_wconf 85' lang='lat' dir='ltr'>itaque</span> <span class='ocrx_word' id='word_1_251' title='bbox 1395 2042 1623 2088; x_wconf 85' lang='lat' dir='ltr'>distinguitur</span> <span class='ocrx_word' id='word_1_252' title='bbox 1640 2055 1657 2075; x_wconf 85' lang='lat' dir='ltr'>a</span> <span class='ocrx_word' id='word_1_253' title='bbox 1674 2042 1862 2076; x_wconf 85' lang='lat' dir='ltr'>missione:</span> 
     </span>
     <span class='ocr_line' id='line_1_47' title="bbox 1186 2094 1864 2141; baseline 0.001 -14"><span class='ocrx_word' id='word_1_254' title='bbox 1186 2095 1298 2128; x_wconf 77' lang='lat' dir='ltr'>Missio</span> <span class='ocrx_word' id='word_1_255' title='bbox 1323 2096 1415 2128; x_wconf 85' lang='lat' dir='ltr'>enim</span> <span class='ocrx_word' id='word_1_256' title='bbox 1437 2096 1609 2129; x_wconf 81' lang='lat' dir='ltr'>liberabat</span> <span class='ocrx_word' id='word_1_257' title='bbox 1637 2094 1864 2141; x_wconf 78' lang='lat' dir='ltr'>gladiatorem</span> 
     </span>
     <span class='ocr_line' id='line_1_48' title="bbox 1186 2147 1861 2190; baseline 0.003 -10"><span class='ocrx_word' id='word_1_258' title='bbox 1186 2148 1221 2180; x_wconf 89' lang='lat' dir='ltr'>in</span> <span class='ocrx_word' id='word_1_259' title='bbox 1249 2161 1328 2181; x_wconf 88' lang='lat' dir='ltr'>eum</span> <span class='ocrx_word' id='word_1_260' title='bbox 1359 2147 1474 2190; x_wconf 82' lang='lat' dir='ltr'>diem,</span> <span class='ocrx_word' id='word_1_261' title='bbox 1498 2149 1553 2182; x_wconf 85' lang='lat' dir='ltr'>vel</span> <span class='ocrx_word' id='word_1_262' title='bbox 1581 2149 1617 2182; x_wconf 91' lang='lat' dir='ltr'>in</span> <span class='ocrx_word' id='word_1_263' title='bbox 1648 2150 1683 2182; x_wconf 89' lang='lat' dir='ltr'>id</span> <span class='ocrx_word' id='word_1_264' title='bbox 1714 2161 1861 2189; x_wconf 86' lang='lat' dir='ltr'>munus;</span> 
     </span>
     <span class='ocr_line' id='line_1_49' title="bbox 1185 2200 1862 2247; baseline 0 -14"><span class='ocrx_word' id='word_1_265' title='bbox 1185 2201 1286 2233; x_wconf 77' lang='lat' dir='ltr'>Rudis</span> <span class='ocrx_word' id='word_1_266' title='bbox 1300 2201 1335 2234; x_wconf 89' lang='lat' dir='ltr'>in</span> <span class='ocrx_word' id='word_1_267' title='bbox 1354 2214 1494 2234; x_wconf 87' lang='lat' dir='ltr'>omnem</span> <span class='ocrx_word' id='word_1_268' title='bbox 1512 2202 1619 2236; x_wconf 73' lang='lat' dir='ltr'>vitam</span> <span class='ocrx_word' id='word_1_269' title='bbox 1636 2200 1862 2247; x_wconf 79' lang='lat' dir='ltr'>gladiatorem</span> 
     </span>
     <span class='ocr_line' id='line_1_50' title="bbox 1185 2255 1861 2300; baseline 0 -14"><span class='ocrx_word' id='word_1_270' title='bbox 1185 2255 1227 2287; x_wconf 88' lang='lat' dir='ltr'>ab</span> <span class='ocrx_word' id='word_1_271' title='bbox 1262 2267 1365 2288; x_wconf 82' lang='lat' dir='ltr'>arena</span> <span class='ocrx_word' id='word_1_272' title='bbox 1397 2255 1550 2288; x_wconf 87' lang='lat' dir='ltr'>liberum</span> <span class='ocrx_word' id='word_1_273' title='bbox 1587 2255 1838 2300; x_wconf 82' lang='lat' dir='ltr'>pronuntiabat</span> <span class='ocrx_word' id='word_1_274' title='bbox 1852 2279 1861 2294; x_wconf 90' lang='lat'>‚</span> 
     </span>
     <span class='ocr_line' id='line_1_51' title="bbox 1186 2307 1863 2354; baseline 0 -15"><span class='ocrx_word' id='word_1_275' title='bbox 1186 2307 1253 2340; x_wconf 88' lang='lat' dir='ltr'>nisi</span> <span class='ocrx_word' id='word_1_276' title='bbox 1271 2308 1392 2341; x_wconf 75' lang='lat' dir='ltr'>volens</span> <span class='ocrx_word' id='word_1_277' title='bbox 1415 2307 1504 2354; x_wconf 86' lang='lat' dir='ltr'>ipse,</span> <span class='ocrx_word' id='word_1_278' title='bbox 1523 2309 1579 2341; x_wconf 80' lang='lat' dir='ltr'>vel</span> <span class='ocrx_word' id='word_1_279' title='bbox 1600 2307 1772 2354; x_wconf 81' lang='lat' dir='ltr'>pecunia,</span> <span class='ocrx_word' id='word_1_280' title='bbox 1795 2319 1863 2352; x_wconf 90' lang='lat' dir='ltr'>pu-</span> 
     </span>
     <span class='ocr_line' id='line_1_52' title="bbox 1185 2360 1862 2405; baseline -0.003 -12"><span class='ocrx_word' id='word_1_281' title='bbox 1185 2370 1318 2405; x_wconf 87' lang='lat' dir='ltr'>gnaret.</span> <span class='ocrx_word' id='word_1_282' title='bbox 1344 2361 1436 2394; x_wconf 88' lang='lat' dir='ltr'>Tum</span> <span class='ocrx_word' id='word_1_283' title='bbox 1468 2361 1583 2394; x_wconf 85' lang='lat' dir='ltr'>missio</span> <span class='ocrx_word' id='word_1_284' title='bbox 1613 2360 1759 2394; x_wconf 85' lang='lat' dir='ltr'>dabatur</span> <span class='ocrx_word' id='word_1_285' title='bbox 1782 2360 1862 2393; x_wconf 84' lang='lat' dir='ltr'>laeso</span> 
     </span>
     <span class='ocr_line' id='line_1_53' title="bbox 1187 2413 1862 2457; baseline -0.003 -11"><span class='ocrx_word' id='word_1_286' title='bbox 1187 2423 1220 2447; x_wconf 80' lang='lat' dir='ltr'>et</span> <span class='ocrx_word' id='word_1_287' title='bbox 1247 2414 1364 2456; x_wconf 86' lang='lat' dir='ltr'>victo;</span> <span class='ocrx_word' id='word_1_288' title='bbox 1390 2413 1490 2447; x_wconf 88' lang='lat' dir='ltr'>rudis</span> <span class='ocrx_word' id='word_1_289' title='bbox 1519 2414 1645 2447; x_wconf 77' lang='lat' dir='ltr'>‘victori</span> <span class='ocrx_word' id='word_1_290' title='bbox 1665 2425 1674 2446; x_wconf 73' lang='grc' dir='ltr'><strong><em>ε</em></strong></span> <span class='ocrx_word' id='word_1_291' title='bbox 1693 2413 1776 2445; x_wconf 85' lang='lat' dir='ltr'>hinc</span> <span class='ocrx_word' id='word_1_292' title='bbox 1797 2424 1862 2457; x_wconf 90' lang='lat' dir='ltr'>per</span> 
     </span>
     <span class='ocr_line' id='line_1_54' title="bbox 1186 2465 1862 2512; baseline -0.004 -13"><span class='ocrx_word' id='word_1_293' title='bbox 1186 2467 1428 2512; x_wconf 84' lang='lat' dir='ltr'>metaphoram</span> <span class='ocrx_word' id='word_1_294' title='bbox 1461 2466 1589 2500; x_wconf 87' lang='lat' dir='ltr'>dicitur</span> <span class='ocrx_word' id='word_1_295' title='bbox 1621 2466 1696 2498; x_wconf 75' lang='lat' dir='ltr'>rude</span> <span class='ocrx_word' id='word_1_296' title='bbox 1727 2465 1862 2497; x_wconf 77' lang='lat' dir='ltr'>donatus</span> 
     </span>
     <span class='ocr_line' id='line_1_55' title="bbox 1186 2519 1748 2566; baseline -0.005 -14"><span class='ocrx_word' id='word_1_297' title='bbox 1186 2521 1245 2565; x_wconf 87' lang='lat' dir='ltr'>qui</span> <span class='ocrx_word' id='word_1_298' title='bbox 1267 2520 1385 2566; x_wconf 84' lang='lat' dir='ltr'>aliquo</span> <span class='ocrx_word' id='word_1_299' title='bbox 1405 2531 1550 2553; x_wconf 86' lang='lat' dir='ltr'>munere</span> <span class='ocrx_word' id='word_1_300' title='bbox 1569 2519 1748 2552; x_wconf 80' lang='lat' dir='ltr'>liberatur.</span> 
     </span>
    </p>

    <p class='ocr_par' dir='ltr' id='par_1_16' title="bbox 1185 2570 1863 2711">
     <span class='ocr_line' id='line_1_56' title="bbox 1244 2570 1863 2618; baseline -0.003 -13"><span class='ocrx_word' id='word_1_301' title='bbox 1244 2588 1254 2605; x_wconf 92' lang='lat'>1</span> <span class='ocrx_word' id='word_1_302' title='bbox 1267 2587 1297 2606; x_wconf 81' lang='lat'>2.</span> <span class='ocrx_word' id='word_1_303' title='bbox 1316 2575 1335 2605; x_wconf 82' lang='grc' dir='ltr'><em>Ι</em></span> <span class='ocrx_word' id='word_1_304' title='bbox 1345 2574 1430 2606; x_wconf 50' lang='lat' dir='ltr'>&#39;ictor</span> <span class='ocrx_word' id='word_1_305' title='bbox 1446 2581 1584 2618; x_wconf 78' lang='lat' dir='ltr'>utet-que.</span> <span class='ocrx_word' id='word_1_306' title='bbox 1599 2572 1675 2604; x_wconf 87' lang='lat' dir='ltr'>Hoc</span> <span class='ocrx_word' id='word_1_307' title='bbox 1688 2571 1784 2616; x_wconf 84' lang='lat' dir='ltr'>quasi</span> <span class='ocrx_word' id='word_1_308' title='bbox 1799 2570 1863 2603; x_wconf 89' lang='lat' dir='ltr'>mi-</span> 
     </span>
     <span class='ocr_line' id='line_1_57' title="bbox 1185 2623 1862 2659; baseline -0.004 0"><span class='ocrx_word' id='word_1_309' title='bbox 1185 2626 1343 2659; x_wconf 85' lang='lat' dir='ltr'>raculum</span> <span class='ocrx_word' id='word_1_310' title='bbox 1363 2626 1518 2659; x_wconf 86' lang='lat' dir='ltr'>felicitati</span> <span class='ocrx_word' id='word_1_311' title='bbox 1535 2624 1725 2658; x_wconf 80' lang='lat' dir='ltr'>Domitiani</span> <span class='ocrx_word' id='word_1_312' title='bbox 1739 2623 1862 2657; x_wconf 89' lang='lat' dir='ltr'>tribuit</span> 
     </span>
     <span class='ocr_line' id='line_1_58' title="bbox 1186 2679 1301 2711; baseline 0.009 -1"><span class='ocrx_word' id='word_1_313' title='bbox 1186 2679 1301 2711; x_wconf 88' lang='lat' dir='ltr'>Poeta.</span> 
     </span>
    </p>
   </div>
  </div>
 </body>
</html>
