2061 3288
442 258 595 285 xxviii
681 244 1153 289 DISSERTATIO
1192 248 1280 290 DE
1318 249 1621 291 INGENIO

510 330 693 373 Minime
712 330 803 390 jam
834 333 1126 376 necessarium
1153 343 1261 394 puto
1283 334 1350 379 his
1380 333 1587 396 exemplis
1610 351 1726 379 nova
1751 337 1852 381 sub-

439 399 560 461 jungi
579 417 587 443 :
609 416 709 444 nam
724 400 858 462 liquet
870 404 993 459 satis,
1017 403 1135 464 quod
1157 405 1200 447 in
1221 405 1287 448 his
1308 404 1502 466 legendis
1522 405 1655 449 modo
1673 406 1853 462 accidit,

439 469 533 514 fore
564 480 613 514 ut
638 488 774 532 usque
795 482 838 516 et
863 490 1000 534 usque
1023 473 1182 518 dehinc
1211 486 1464 532 renovetur,
1483 486 1527 520 et
1550 478 1854 522 caecutiturum

438 541 645 601 juvenem
671 543 715 586 in
737 544 979 588 istiusmodi
1001 546 1149 606 nugis,
1163 545 1303 590 donec
1331 563 1435 602 usu,
1459 547 1756 592 contuberniis
1777 564 1853 592 va-

436 613 531 669 riis,
552 612 920 658 ambulationibus
942 615 1119 659 tandem
1134 615 1358 675 doceatur,
1380 634 1476 679 quae
1498 618 1713 662 advenam
1733 618 1853 663 haud

437 681 594 727 callere
625 683 772 727 forsan
801 684 946 742 licuit,
976 686 1051 730 sed
1080 686 1268 732 incolam
1295 688 1494 732 didicisse
1521 690 1730 750 oportuit.

504 755 664 798 Nonne
686 756 822 811 enim,
840 773 1008 816 quaeso,
1033 759 1251 803 rusticitas
1278 768 1320 803 et
1345 759 1567 803 barbaries
1589 769 1653 803 est
1675 761 1720 803 in
1740 759 1851 803 urbe

438 826 635 869 omnium
668 827 922 883 vanissima,
942 827 1222 873 mobilissima
1258 839 1300 873 et
1332 828 1648 874 levissimarum
1681 846 1850 884 rerum,

436 896 554 956 quod
584 896 809 942 levissimae
838 908 958 950 sunt,
980 900 1273 944 amantissima
1289 935 1300 955 ,
1324 902 1512 956 nescire,
1534 910 1627 945 tum
1655 901 1846 945 theatro-

436 983 535 1011 rum
561 969 757 1012 omnium
790 970 969 1014 nomina
992 980 1035 1014 et
1067 970 1186 1015 locos
1215 981 1258 1014 et
1287 971 1476 1027 fabulas,
1504 972 1853 1032 histrionumque

436 1037 791 1100 saltatricumque
833 1040 1003 1094 vultus,
1038 1036 1188 1096 dotes,
1225 1052 1419 1099 aetatem⁷
1445 1044 1580 1098 rixas,
1610 1053 1703 1086 tum
1739 1042 1851 1087 aedes

437 1111 601 1171 regias,
621 1110 808 1172 templa,
840 1111 1159 1174 thermopolia‚
1186 1112 1340 1156 balnea
1359 1149 1369 1169 ‚
1393 1114 1504 1167 vias,
1534 1113 1750 1174 compita,
1776 1129 1850 1157 ce-

437 1179 692 1225 leberrimos
721 1191 762 1225 et
788 1181 1100 1227 famosissimos
1130 1183 1270 1238 locos,
1296 1194 1425 1245 atque
1454 1185 1652 1245 inprimis
1680 1201 1849 1240 mores,

436 1251 598 1308 cultus,
621 1252 763 1296 studia
792 1263 835 1296 et
864 1253 1203 1310 oblectamenta,
1234 1272 1418 1316 quarum
1451 1272 1599 1298 rerum
1629 1256 1736 1299 mira
1764 1254 1850 1298 late

436 1322 670 1368 efflorescit
692 1323 906 1368 varietas?
924 1326 1056 1382 Quod
1074 1327 1107 1369 si
1128 1326 1327 1370 homines
1351 1343 1375 1369 a
1392 1327 1567 1370 Lutetia
1588 1335 1738 1369 nostra
1762 1342 1850 1368 non

436 1394 590 1455 procul
609 1395 814 1456 (legentes
835 1395 927 1439 haec
946 1396 1035 1440 fere
1055 1398 1201 1440 omnia
1222 1407 1509 1458 praetereunt,
1527 1413 1633 1440 num
1652 1396 1745 1440 haec
1765 1395 1851 1440 cal-

437 1464 606 1521 lebunt,
623 1467 696 1526 qui
711 1466 958 1510 Thamesim
976 1477 1051 1511 aut
1063 1470 1228 1528 Tagum
1246 1477 1420 1529 potant⁷
1437 1469 1511 1528 qui
1525 1466 1757 1528 Neapolim
1778 1476 1853 1510 aut

435 1536 703 1598 Petropolim
729 1536 904 1581 colunt?
923 1554 1171 1599 quanquam
1198 1539 1269 1583 hic
1297 1538 1451 1583 saltem
1479 1554 1683 1599 proceres
1705 1537 1850 1581 videas

438 1609 572 1651 nostri
595 1610 741 1652 simios
774 1618 816 1652 et
846 1610 1185 1655 Gallicizames.
1215 1611 1259 1653 Si
1283 1627 1361 1653 nos
1391 1609 1520 1653 hodie
1547 1609 1757 1652 hodierna
1785 1608 1850 1651 la-

437 1688 551 1735 tent7
572 1696 677 1722 num
703 1689 804 1740 post
826 1696 964 1724 annos
989 1679 1128 1735 mille,
1146 1697 1251 1724 num
1277 1690 1376 1741 post
1396 1679 1511 1723 mille
1534 1690 1577 1723 et
1603 1680 1849 1740 septingen-

437 1759 503 1793 tos
533 1751 744 1811 vigebunt
774 1749 843 1794 illa
875 1752 916 1794 in
943 1751 1172 1795 hominum
1204 1752 1399 1795 omnium
1431 1749 1677 1794 memoria?

504 1821 801 1865 Revolx'amur
836 1839 953 1865 nunc
985 1822 1040 1865 ad
1071 1822 1318 1866 Martialem
1356 1831 1567 1865 nostrum.
1602 1821 1667 1863 Ab
1700 1837 1751 1863 eo
1787 1820 1847 1863 di-

437 1902 600 1936 stamus
634 1902 677 1936 ct
709 1892 814 1936 locis
851 1892 977 1936 simul
1012 1903 1055 1937 et
1095 1894 1378 1954 temporibus.
1411 1893 1532 1949 Quot
1565 1908 1708 1946 casus⁷
1744 1900 1851 1950 quot

436 1973 627 2025 strages,
663 1974 769 2025 quot
806 1964 1098 2008 humanarum
1138 1981 1283 2007 rerum
1322 1963 1477 2008 subitae
1514 1962 1776 2005 mutationes
1807 1962 1850 2003 in

435 2035 541 2078 orbe
569 2031 808 2078 terrarum!
838 2051 1023 2095 quarum
1061 2045 1207 2079 tamen
1242 2035 1430 2096 gravitas
1463 2032 1596 2076 ltaliae
1629 2033 1851 2094 praecipue

433 2106 642 2150 incubuit.
672 2107 734 2149 Ut
766 2107 881 2150 enim
914 2106 967 2149 de
996 2107 1152 2150 amissa
1182 2107 1378 2150 omnium
1410 2113 1623 2165 potestate
1657 2103 1848 2147 contice-

436 2193 550 2221 scam
566 2213 576 2232 ,
594 2176 766 2233 incolae,
785 2178 1022 2238 principes,
1041 2175 1289 2238 reipublicae
1306 2176 1462 2229 forma,
1475 2175 1663 2218 Etlmica
1683 2172 1849 2234 religio,

438 2265 581 2292 mores
602 2248 676 2292 ubi
702 2247 833 2292 sunt?
852 2257 894 2292 et
919 2265 1014 2308 quae
1037 2248 1195 2292 horum
1223 2246 1367 2291 locum
1397 2243 1699 2307 occupavere?
1717 2244 1850 2304 Atqui

436 2318 490 2362 de
520 2319 567 2362 iis
592 2318 733 2363 solum
759 2318 1019 2380 loquebatur
1044 2317 1255 2362 Martialis
1284 2335 1378 2378 qum
1404 2318 1544 2378 magis
1571 2317 1687 2360 fluxa
1709 2324 1750 2358 et
1778 2330 1848 2357 va-

434 2390 603 2432 riationi
634 2390 833 2433 obnoxia.
857 2390 996 2447 Quid,
1025 2407 1158 2450 quum
1187 2406 1235 2433 ea
1258 2388 1328 2432 illa
1359 2389 1485 2432 etiam
1519 2405 1612 2447 quae
1638 2395 1847 2430 aeternum

432 2476 655 2515 mansura,
684 2478 780 2520 quae
807 2470 1056 2521 temporum
1084 2460 1195 2521 fugae
1223 2459 1485 2504 reluctatum
1517 2457 1796 2508 videbantur,

645 2547 851 2597 Imperium
876 2548 955 2584 sinc
980 2550 1051 2584 line
1067 2554 1091 2589 ¹,

432 2619 473 2650 vt

490 2709 516 2728 1.
536 2696 657 2739 Virgil.
678 2694 812 2728 AEneid.
833 2695 890 2727 lib.
910 2696 940 2728 l.
957 2708 1004 2726 vs.
1028 2695 1109 2727 283.
