2061 3288
400 194 846 239 TESTIMONIA
886 194 975 239 DE
1015 190 1401 235 MARTIALE.
1564 204 1619 231 Lv

323 277 477 319 Coenat‚
500 275 675 326 propinat
691 305 700 322 ,
722 276 870 326 poscit,
890 283 1025 326 negat,
1046 272 1193 317 innuit3
1215 284 1289 307 una
1309 280 1365 308 est

375 336 506 374 Naevia
525 352 532 373 :
549 337 580 373 si
597 350 672 373 non
688 337 735 374 sit
750 337 897 384 Naevia,
917 345 1043 374 mutus
1061 335 1145 372 orit.

192 448 286 493 Lib.
311 451 356 506 I,
382 450 516 511 epigr.
545 465 709 494 vam.

589 591 728 635 Idem.
759 591 831 635 lib.
867 593 1014 646 VIII,
1035 606 1136 651 cap.
1169 587 1212 632 6.

260 727 518 790 Peregrinos
535 730 691 775 odores
709 747 797 774 non
819 731 899 774 nisi
924 727 1146 774 dissolutis
1169 738 1211 772 et
1230 725 1499 771 amatoribus
1516 741 1615 768 con-

188 799 360 855 venire,
386 801 594 845 Comicus
625 812 668 845 et
696 804 875 863 Coquus
907 801 1079 845 docent.

599 954 730 997 Idem.
754 954 826 997 lc'l).
855 953 952 997 eod.
975 969 1078 1014 cap.
1114 950 1185 996 13.

258 1093 373 1136 Nam
392 1091 643 1148 foenerator,
664 1102 711 1136 ut
732 1091 829 1153 plus
852 1093 1052 1153 recipiat,
1071 1090 1292 1135 interdum
1318 1089 1479 1151 aliquid
1502 1107 1610 1150 prae·

188 1160 383 1223 largitur.
413 1163 543 1206 Unde
571 1164 750 1224 Coquus
773 1181 779 1206 :

452 1282 614 1316 Munera
630 1280 734 1329 quod
754 1279 908 1316 senibus
925 1280 1126 1329 viduisque
1139 1309 1148 1325 7
1166 1287 1237 1315 ete.

186 1391 283 1435 Lib.
313 1393 394 1448 IV,
415 1394 549 1453 epigr.
583 1409 673 1436 Lvi.

560 1551 604 1591 V
604 1558 700 1592 etus
724 1550 1004 1592 Glossarium
1026 1549 1227 1591 latitarem.

255 1687 411 1731 Petaso
426 1723 437 1742 ,
468 1687 716 1743 Petasoni53
747 1705 882 1750 perna
897 1726 908 1745 ,
930 1690 1120 1733 haconis.
1154 1685 1366 1730 Martialis
1392 1687 1571 1747 Coquus
1594 1705 1602 1728 z

344 1807 391 1840 Et
409 1804 554 1854 pultem
572 1803 727 1841 dubiam
746 1818 831 1841 cum
850 1814 1032 1855 petasone
1053 1817 1177 1840 voras.

256 1918 409 1960 Exstat
430 1915 499 1960 lib.
527 1918 595 1960 ΠΙ
615 1953 626 1973 ‚
647 1918 780 1978 epigr.
809 1933 969 1961 Lxxvn
989 1953 999 1972 ,
1024 1916 1098 1960 ubi
1118 1914 1251 1976 vulgo
1269 1951 1279 1970 ‚
1307 1936 1327 1956 <c
1352 1917 1405 1960 Et
1425 1914 1605 1975 pulpam

187 1985 324 2030 dubis.
353 2006 374 2028 >³
402 1987 631 2031 Laudatur
653 1988 708 2031 ab
731 1987 885 2032 eodem
911 1987 1227 2048 glossographo
1255 1987 1385 2030 etiam
1408 1985 1534 2038 alibi,
1562 1995 1605 2028 et

187 2056 267 2099 sub
300 2058 511 2103 Martialis
543 2060 685 2120 Coqui
714 2059 890 2103 nomine
919 2069 1128 2120 praeterea
1162 2058 1393 2118 funginum
1424 2057 1508 2100 hoc
1540 2056 1604 2099 di-

188 2127 358 2171 stichon
381 2146 389 2171 :

344 2244 511 2295 Defungi
531 2246 653 2296 fungis
671 2247 861 2292 homines,
879 2246 1049 2283 Macrine
1063 2274 1072 2291 ‚
1087 2244 1251 2295 negabas
1269 2260 1274 2279 2

428 2306 548 2343 Boleti
567 2307 634 2343 leti
652 2321 763 2344 causa
785 2308 890 2344 fuere
911 2308 976 2346 tui.

399 2451 605 2510 Angelus
628 2451 907 2503 Pohstamm,
939 2450 1192 2493 miscellan.
1216 2464 1314 2510 cap.
1342 2448 1387 2492 6.

258 2591 398 2635 Nimis
424 2593 536 2636 enim
561 2592 673 2636 foret
698 2593 920 2637 insubidus
944 2594 1075 2636 Poeta
1096 2611 1103 2635 ε
1128 2592 1243 2653 quod
1266 2591 1385 2635 nefas
1413 2582 1601 2635 ere‘dore.

1311 2679 1365 2722 (Γ
