2061 3288
453 246 544 310 196

821 246 887 289 M.
908 246 1048 289 VAL.
1087 245 1476 288 MARTIALIS

583 335 773 380 Coccina
799 350 889 377 non
914 332 1064 376 laesum
1088 333 1221 392 cingit
1245 331 1361 376 aluta
1388 333 1564 394 pede1n3

514 409 570 451 Et
597 421 829 449 numerosa
853 403 995 447 linunt
1021 401 1261 446 stellantem
1289 403 1453 464 splenia
1476 403 1679 447 frontem.

582 479 765 538 Ignoras
789 476 884 536 quis
911 473 994 518 sit?
1017 473 1182 536 splenia
1207 473 1308 517 tolle
1323 510 1334 530 ‚
1358 474 1484 535 leges.
1822 503 1853 518 η,

446 621 583 652 Lunata.
595 617 736 650 Patricii
751 624 926 649 senatores
939 615 1030 647 lunae
1047 626 1120 647 cre-

445 672 573 706 scentis
606 678 725 703 notam
759 668 881 702 calceis
913 667 1097 701 assuebant
1112 693 1122 709 ‚

445 726 529 772 quia
540 732 677 758 senatus
688 723 773 756 olim
784 735 802 755 e
812 734 874 755 cen
880 730 953 755 tum
965 721 1122 766 patribus

447 792 464 812 a
477 778 630 812 Romulo
640 777 737 809 lectis
747 776 941 815 constabat;
955 775 1055 807 litera
1067 787 1123 807 au-

446 841 515 865 tem
535 831 565 864 C
582 839 661 863 nota
684 839 733 862 est
750 829 890 862 numeri
910 828 1123 868 centenarii,

445 884 640 929 eademque
668 884 785 915 lunam
808 890 1019 915 crescentem
1050 881 1124 913 imi-

447 948 552 972 tatur.
571 938 654 969 Erat
675 937 738 969 ista
754 936 876 968 lunula
887 935 995 967 talare
1013 933 1124 979 quod·

446 991 526 1024 «lam
546 992 758 1027 eburneum,
778 997 862 1021 teste
885 988 1097 1020 Philostrato
1113 1013 1121 1028 ‚

448 1044 492 1078 de
513 1044 603 1076 vitiis
625 1042 860 1088 sophistarum
875 1067 883 1081 ,
910 1041 944 1073 in
964 1040 1033 1073 vita
1053 1040 1123 1073 He-

445 1097 541 1130 rodis
560 1096 661 1128 Attici
676 1109 683 1137 ;
701 1095 757 1140 qui
779 1093 947 1138 ejusmodi
964 1093 1124 1126 homines

448 1151 560 1183 aiebat
580 1150 708 1182 habere
729 1147 948 1180 nobilitatem
979 1147 1014 1178 in
1038 1147 1124 1178 mal-

446 1204 543 1236 leolis
559 1201 702 1248 pedum.
722 1199 805 1234 Vid.
823 1200 886 1232 lib.
907 1201 940 1239 1,
961 1199 1071 1244 epigr.
1091 1212 1122 1240 L,

446 1270 480 1290 v.
501 1256 518 1289 3
530 1270 541 1289 1
553 1283 559 1289 .
584 1277 636 1281 —
661 1255 796 1297 Lingula
810 1280 819 1293 ‚
846 1265 908 1285 seu
926 1253 1037 1296 ligula.
1055 1253 1123 1284 Lo-

447 1322 525 1343 ium
539 1335 547 1349 ‚
570 1322 586 1341 a
607 1309 715 1341 verbo
732 1308 808 1351 ligo.
832 1305 900 1338 Alii
924 1305 1123 1349 intelligunt

447 1370 643 1408 argenteam
674 1361 727 1393 vel
748 1372 889 1392 auream
915 1359 1056 1391 fibulam
1081 1358 1125 1391 ad

449 1417 596 1449 sormam
619 1414 771 1458 lingulae.

503 1470 535 1502 8.
560 1465 769 1500 Beverlandi
789 1465 863 1498 MS.
884 1467 988 1508 pingit
1010 1464 1098 1496 aluta
1113 1490 1122 1503 ,

451 1521 486 1555 id
506 1529 576 1564 est,
604 1528 704 1553 ornat
724 1531 731 1551 τ
755 1527 833 1551 sunt
863 1526 895 1549 et
915 1518 974 1562 qui
997 1519 1126 1560 stringit

450 1576 574 1619 legant.
588 1594 638 1598 —
659 1572 806 1605 Cot-cina.
829 1570 961 1604 Coecus
980 1582 1123 1614 granum

450 1626 630 1674 quoddam
646 1634 695 1658 est
709 1637 750 1657 ex
765 1637 834 1669 quo
851 1636 939 1668 aqua
954 1631 1125 1655 macerato

451 1685 489 1713 lit
518 1680 613 1714 color
641 1677 758 1711 eximii
790 1676 941 1709 ruboris.
969 1698 1020 1702 —
1052 1675 1126 1708 Non

450 1735 567 1766 loesum.
588 1732 725 1764 Etenim
750 1730 799 1762 illi
824 1729 884 1774 qui
905 1727 1010 1774 pedes
1028 1729 1125 1761 laesos

449 1786 625 1821 habebant
653 1784 726 1817 sine
754 1781 1025 1828 reprehensione
1047 1794 1124 1814 coc-

449 1841 527 1873 cina
554 1839 643 1871 alum
673 1837 723 1869 nti
755 1843 927 1881 poterant.
956 1834 1126 1867 Parthicae

451 1893 544 1925 enim
559 1891 665 1937 pelles
679 1903 718 1922 ex
733 1889 860 1934 quibus
873 1887 1007 1921 coccini
1020 1887 1125 1920 calcei

452 1944 756 1979 concinnabantur
778 1941 989 1974 mollissimae
1007 1948 1123 1980 erant,

452 2008 556 2044 atque
575 1996 654 2030 ideo
680 1995 768 2029 laesis
789 1993 938 2040 pedibus
957 1994 1127 2039 aptiores;

452 2051 610 2098 quamvis
627 2058 746 2095 postea
756 2074 764 2089 ,
776 2060 884 2093 quum
898 2048 1128 2092 Imperatores

451 2105 516 2137 soli
546 2102 774 2137 vindicarunt
792 2101 856 2134 sibi
875 2100 1034 2133 coceinos
1061 2099 1129 2132 cal-

454 2170 532 2191 ceos
549 2182 559 2198 ‚
592 2156 666 2189 aliis
702 2154 864 2187 omnibus
900 2151 1128 2185 interdictum

454 2210 560 2243 fuerit
579 2221 699 2242 earum
719 2220 793 2240 usn.
805 2227 857 2233 --
870 2205 1004 2238 Coccina
1031 2207 1131 2249 cingit

456 2264 544 2296 aluta
568 2262 687 2307 perlem.
712 2261 896 2293 Senatores
920 2258 1035 2303 primo
1060 2258 1128 2290 cal-

457 2317 526 2349 ceis
542 2328 582 2348 ex
598 2316 690 2347 aluta
704 2313 819 2357 nigra,
833 2325 912 2345 mox
930 2306 1129 2353 (crescente

457 2367 561 2406 luxu)
583 2380 680 2401 cerea
695 2392 703 2407 ‚
721 2366 820 2412 galba
833 2391 841 2406 ,
860 2365 1005 2405 mullea‚
1022 2363 1128 2396 hede-

458 2433 580 2461 racca‚
610 2420 767 2453 coccinea
796 2417 900 2464 pedes
932 2421 1129 2450 cinxerunt.

456 2495 508 2500 --
536 2474 637 2507 Aluta
657 2482 707 2505 est
727 2472 825 2517 pellis
846 2470 980 2516 agnina.
998 2470 1130 2503 Gallice

454 2527 580 2559 basone.

512 2592 545 2622 9.
560 2579 697 2623 Lipsius
713 2578 796 2621 legit
807 2590 814 2609 ε
827 2578 996 2609 stillantem
1011 2577 1129 2621 splenia

1174 615 1337 656 s1·orzlem,·
1357 615 1412 647 cui
1436 614 1640 660 astipulatur
1658 614 1800 646 Ramires
1817 614 1856 646 de

1182 667 1304 700 Prado.
1323 667 1392 700 Alii
1408 667 1576 700 stellatam.
1592 689 1644 693 —
1659 667 1854 700 Stellantem.

1181 719 1249 753 Seu
1272 720 1352 765 quia
1384 720 1514 766 splenia
1541 729 1639 753 erant
1667 720 1853 766 emplastra

1182 773 1298 806 tenuia
1312 785 1388 818 quae
1402 774 1551 806 frontem
1566 772 1857 806 discriminabant

1182 835 1221 859 ut
1243 827 1348 860 stellae
1370 827 1515 868 caelum3
1539 839 1600 859 seu
1628 826 1707 871 quia
1737 825 1856 859 eadem

1182 879 1218 912 in
1249 879 1364 912 radios
1388 887 1498 920 secta,
1530 880 1637 912 instar
1665 879 1854 912 stellarum.

1182 954 1233 958 —
1253 933 1321 965 Vel
1343 933 1513 966 nitentem
1531 958 1539 974 ‚
1561 941 1593 965 et
1616 931 1857 977 splendentem

1181 994 1327 1030 propter
1361 985 1548 1019 candorem
1580 985 1690 1019 fasciae
1718 997 1726 1018 ς
1752 985 1806 1018 vel
1839 997 1857 1017 a

1182 1039 1289 1072 stellis
1332 1039 1443 1072 fasciae
1483 1051 1543 1071 seu
1582 1038 1716 1083 splenio
1754 1051 1856 1071 orna-

1183 1099 1237 1124 tus
1260 1104 1362 1125 causa
1390 1091 1540 1125 attextis.
1575 1091 1657 1124 Haec
1688 1090 1855 1123 Raderus,

1182 1145 1319 1189 Legunt
1355 1145 1410 1177 alii
1449 1145 1619 1176 stillantem
1640 1171 1648 1183 ‚
1686 1144 1753 1176 hoc
1785 1152 1859 1185 est,

1183 1197 1333 1230 frontem
1354 1197 1529 1231 madidam
1550 1197 1740 1230 fluentibus
1759 1197 1858 1230 stillis

1183 1250 1353 1294 unguenti
1387 1251 1597 1283 Marceliani.
1618 1272 1669 1276 ——
1702 1250 1829 1295 Splem'a
1848 1277 1855 1289 ‚

1182 1304 1302 1348 gallice
1324 1305 1460 1336 mouche.
1478 1304 1674 1348 Emplastra
1697 1302 1853 1348 quaedam

1182 1357 1282 1401 nigra
1314 1369 1354 1389 ex
1387 1358 1595 1402 unguemis,
1622 1356 1675 1389 vel
1705 1355 1856 1389 medica-

1183 1410 1277 1442 mine
1306 1410 1421 1455 aliquo
1441 1436 1449 1451 ‚
1478 1409 1663 1443 artificiose
1691 1408 1858 1454 disposita

1185 1461 1226 1494 ad
1247 1463 1369 1506 capitis
1391 1461 1549 1494 dolorem
1563 1488 1571 1501 ,
1597 1462 1650 1495 vel
1674 1462 1857 1494 oculorum

1183 1515 1349 1548 morbum
1366 1516 1416 1547 vel
1432 1515 1655 1560 rugositatem
1672 1514 1796 1548 frontis
1809 1527 1860 1548 ce-

1184 1566 1322 1600 landam
1348 1567 1519 1601 adbibita:
1542 1577 1581 1602 ut
1600 1576 1715 1601 autem
1736 1567 1860 1602 frontis

1183 1621 1299 1654 honor
1330 1629 1363 1653 et
1392 1621 1560 1666 elegantia
1590 1629 1787 1661 constaret,
1810 1622 1860 1653 fa-

1184 1674 1253 1707 scia
1282 1673 1431 1707 candida
1464 1672 1715 1711 adhibebatur,
1744 1674 1860 1719 inquit

1185 1726 1354 1760 Raderus.
1373 1727 1483 1759 Porro
1502 1735 1535 1760 ct
1551 1725 1692 1772 quidam
1710 1727 1859 1760 frontem

1184 1780 1355 1814 liniebant
1393 1788 1576 1825 unguento
1610 1780 1665 1812 vel
1701 1792 1820 1814 cerusa
1854 1792 1862 1813 :

1186 1832 1315 1866 deinde
1351 1834 1576 1878 panniculum
1615 1833 1686 1865 sive
1717 1833 1857 1866 fasciam

1187 1887 1376 1931 ponebant.
1396 1885 1547 1927 Quidam
1562 1885 1757 1919 existimant
1771 1886 1861 1931 sple-

1187 1939 1243 1972 nia
1259 1951 1331 1972 esse
1345 1939 1528 1972 oculorum
1544 1938 1802 1984 operimentum
1816 1937 1860 1972 ad

1187 1991 1372 2025 arcendam
1383 1992 1527 2024 nimiam
1538 1992 1668 2033 lucem,
1683 1991 1743 2025 sed
1757 1992 1859 2025 false:

1187 2044 1258 2077 vid.
1278 2045 1441 2089 B6ttiger.
1467 2045 1503 2077 in
1531 2044 1648 2077 Sabin.
1668 2057 1745 2090 pag.
1772 2045 1859 2079 362.

1189 2097 1268 2130 Lib.
1291 2098 1341 2138 X,
1357 2097 1464 2144 epigr.
1489 2109 1576 2130 xx11.

1247 2164 1300 2183 ιο.
1324 2151 1433 2195 Leges,
1452 2151 1504 2183 Ex
1525 2150 1633 2183 literis
1659 2150 1768 2183 fronti
1788 2151 1860 2195 ejus

1188 2203 1312 2236 inustis
1326 2215 1511 2248 cognosces
1523 2216 1602 2237 eum
1614 2203 1716 2236 fuisse
1723 2216 1859 2236 servum

1188 2256 1438 2301 stigmaticum‚
1471 2257 1498 2289 si
1526 2257 1704 2290 sustuleris
1728 2256 1860 2302 splenia

1188 2322 1264 2355 qnae
1286 2309 1482 2355 stigmatum
1508 2308 1734 2343 celandorum
1762 2321 1860 2342 causa

1189 2361 1360 2395 adhibuit.
1379 2363 1510 2404 Servis,
1528 2362 1721 2408 praesertim
1740 2361 1862 2406 fugiti-

1188 2416 1261 2455 vis,
1292 2416 1386 2448 inuri
1413 2416 1569 2449 solebant
1597 2415 1632 2447 in
1658 2415 1772 2447 fronte
1796 2427 1861 2447 no-

1191 2478 1234 2502 tae
1256 2468 1417 2514 quaedam
1445 2477 1483 2502 ut
1509 2475 1794 2512 agnoscerentur3
1814 2468 1860 2499 ita

1190 2523 1331 2555 Plautus
1357 2534 1496 2555 servum
1529 2521 1600 2554 istis
1632 2519 1739 2552 literis
1774 2520 1863 2552 male

1190 2584 1348 2608 notatum
1370 2582 1469 2608 vocat
1491 2574 1596 2607 facete
1615 2573 1781 2605 literatum.
