2061 3288
431 196 1014 240 EPIGRAMMATUM
1056 198 1175 240 LIB.
1217 199 1311 241 ΙΙΙ.

1485 215 1573 260 291

753 353 1002 409 XXIX.

431 510 485 539 ΙΝ
527 509 743 540 SERVUM
782 509 1025 546 EQUITEM
1064 489 1324 539 FACTUM.qt

314 637 410 679 HAS
435 651 533 679 cum
560 636 731 696 gemina
753 634 963 695 compede
987 633 1158 679 dedicat
1178 645 1373 693 catenas,

313 707 499 751 Saturne
513 741 524 762 ‚
545 706 621 750 tibi
643 705 810 760 Zoilus,
835 703 1018 749 annulos
1041 706 1221 767 priores.

224 847 238 862 ⁴'
258 832 374 886 Zdilus
388 878 399 894 .‚
420 865 438 886 e
467 864 565 886 servo
594 851 820 897 ergastulario
836 877 844 890 ,

171 918 276 951 eques
290 906 399 939 factus
416 906 537 939 fuerat.
556 905 659 938 Hunc
675 912 714 937 ut
734 904 850 950 pristi-

172 971 224 992 nae
260 958 470 992 conditionis
503 957 688 992 admoneat
720 957 825 991 Poeta
839 982 848 999 ‚

172 1011 271 1058 fingit
301 1024 380 1045 eum
406 1025 482 1045 suas
508 1012 661 1045 Saturno
687 1009 848 1044 dedicare

172 1074 307 1098 catenas
327 1077 336 1105 ;
357 1074 392 1098 et
413 1064 504 1099 ludit
535 1065 569 1097 in
598 1076 684 1097 voce
714 1065 847 1097 annulos

171 1117 270 1163 quod
302 1117 345 1151 ad
377 1126 513 1151 catenas
548 1118 700 1164 pertinet
734 1125 767 1150 et
804 1115 847 1150 ad

171 1179 367 1216 equestrem
389 1170 602 1217 dignitatem.
623 1171 691 1204 En.

224 1225 324 1257 —In
338 1224 513 1270 plerisque
527 1225 567 1257 In
580 1224 712 1257 Zoilum
726 1251 734 1264 ‚
751 1221 846 1268 quod

171 1277 393 1311 mutavimus.

230 1342 259 1364 1.
277 1330 413 1364 Gemina
428 1329 582 1375 compede.
599 1329 697 1362 Servi
716 1329 847 1375 impro-

171 1383 219 1425 bi,
231 1382 459 1429 compedibus
469 1382 589 1424 vincti,
601 1395 688 1428 opus
701 1382 736 1415 in
748 1394 846 1427 erga-

171 1437 263 1469 stulo
285 1437 465 1470 faciebant.
484 1456 536 1462 -—
550 1435 689 1468 Dedicat
706 1443 845 1468 catenas.

174 1489 272 1524 Servi
290 1490 450 1523 libertate
466 1487 586 1522 donati
609 1487 793 1534 compedes
814 1497 847 1521 et

170 1551 305 1576 catenas
326 1543 573 1576 consecrabant
594 1541 763 1581 Satur1103
784 1542 846 1586 qui

171 1594 312 1641 quidem
332 1595 437 1637 deus,
456 1595 492 1628 in
514 1593 699 1640 compedes
721 1594 804 1627 olim
828 1607 844 1627 :i

171 1649 244 1681 filio
262 1649 349 1682 Jove
369 1650 561 1693 conjectus,
586 1646 733 1693 adeptus
751 1646 847 1680 dein-

173 1700 217 1734 de
231 1701 426 1734 libertatem
439 1727 446 1741 ‚
460 1713 576 1733 servos
593 1701 629 1732 in
650 1700 846 1733 clientelam

172 1767 268 1787 suam
290 1753 473 1787 videbatur
492 1753 662 1798 accepisse
677 1766 685 1793 ;
701 1753 818 1798 itaque
835 1779 842 1791 ,

172 1815 213 1840 nt
238 1806 473 1852 Apollodorus
496 1807 558 1841 ait,
590 1806 758 1838 Saturnus
784 1818 847 1850 per

172 1868 285 1892 totum
306 1873 434 1892 annum
453 1859 553 1892 laneo
575 1859 716 1891 vinculo
734 1858 848 1903 alliga-

173 1914 294 1954 batur,
316 1925 389 1958 quo
412 1924 529 1945 mense
559 1911 734 1944 decembri
770 1919 846 1944 tan-

173 1974 246 1998 tum
258 1965 458 1998 solvebatur
468 1977 477 2006 3
486 1977 595 2010 quum
608 1976 672 2009 per
682 1963 845 1997 Saturna-

908 850 993 883 lium
1007 850 1082 884 dies
1094 851 1184 885 servi
1195 851 1390 886 libertatem
1402 851 1519 899 adepti
1532 853 1583 887 in-

907 903 1071 937 cederent
1087 917 1151 950 per
1165 906 1290 938 urbem
1310 905 1442 951 pileati.
1457 906 1581 942 Horat.

906 965 969 991 sat.
979 958 1011 1000 I,
1023 956 1243 991 5:«donasset
1253 960 1370 1004 jamne
1381 967 1576 992 catenam.»

963 1023 994 1043 2.
1014 1011 1160 1043 Annulos
1182 1011 1267 1045 olim
1288 1012 1419 1045 ferreos
1439 1014 1582 1058 gerebat

905 1063 940 1096 in
959 1062 1130 1109 pedibus;
1156 1077 1251 1098 nunc
1276 1065 1364 1111 gerit
1390 1078 1513 1100 aurcos
1543 1066 1580 1099 in

906 1115 1036 1161 digitis.
1069 1117 1148 1150 Lib.
1171 1118 1244 1159 XI,
1272 1118 1380 1164 epigr.
1412 1131 1580 1153 xxxvur:

909 1187 922 1199 ιι
939 1169 1056 1210 Zoile,
1083 1169 1170 1216 quid
1198 1179 1272 1204 tota
1299 1184 1469 1216 gemmam
1491 1185 1581 1218 prae-

905 1223 1044 1268 cingere
1057 1223 1146 1257 libra
1162 1224 1213 1257 Te
1225 1225 1322 1270 juvat
1335 1251 1344 1266 ,
1364 1233 1397 1258 et
1415 1225 1582 1258 miserum

904 1275 1051 1321 perdere
1071 1276 1317 1322 sardonycha?
1336 1278 1496 1311 Annulus
1518 1279 1581 1313 iste

905 1329 973 1362 tuis
1000 1329 1113 1362 fuerat
1136 1329 1244 1363 modo
1269 1330 1431 1364 cruribus
1459 1340 1581 1377 aptus;

905 1381 985 1414 Non
1006 1381 1126 1415 eadem
1149 1382 1267 1429 digitis
1288 1382 1443 1429 pondera
1461 1396 1583 1418 conve-

905 1435 1022 1468 niunt.
1042 1453 1054 1464 n
1077 1457 1129 1461 ——
1150 1437 1210 1469 Est
1232 1437 1320 1470 alter
1336 1438 1434 1482 jocus
1454 1436 1499 1470 de
1521 1451 1582 1471 an-

904 1488 999 1521 nulis
1010 1514 1019 1528 ‚
1038 1488 1098 1522 lib.
1110 1489 1219 1530 VIII,
1234 1490 1341 1535 epigr.
1356 1503 1388 1522 v.
1405 1512 1456 1516 —
1470 1490 1582 1536 Hujus

905 1541 1162 1586 epigrammatis
1192 1554 1333 1575 carmen
1361 1551 1411 1576 est
1438 1556 1456 1576 e
1483 1543 1580 1577 Sota-

904 1593 982 1627 (lico
1005 1607 1152 1640 genere,
1182 1604 1220 1628 ut
1250 1594 1401 1629 diximus
1429 1596 1489 1629 lib.
1516 1598 1551 1630 II
1569 1621 1579 1637 ,

905 1648 1014 1693 epigr.
1044 1659 1193 1689 Lxxxv1‚
1215 1661 1247 1681 v.
1274 1662 1306 1682 2.
1335 1650 1399 1682 Hic
1421 1662 1538 1683 versus
1562 1663 1581 1683 a

904 1701 1089 1745 phaleucio
1100 1714 1161 1733 seu
1179 1700 1470 1747 hendecasyllabo
1487 1703 1522 1736 in
1539 1716 1581 1736 eo

905 1761 1041 1786 tantum
1069 1752 1264 1799 discrepat.
1287 1754 1380 1800 quod
1413 1762 1491 1788 aute
1520 1755 1580 1788 da·

904 1807 1038 1850 ctylum
1053 1832 1060 1845 ‚
1079 1807 1138 1851 qui
1155 1806 1307 1839 mediam
1324 1808 1485 1841 versiculi
1499 1821 1579 1853 par-

906 1867 973 1891 tem
1005 1859 1163 1899 obtinet,
1188 1859 1313 1893 habeat
1341 1870 1579 1906 anapaestum3

904 1911 952 1944 ita
981 1920 1115 1944 constat
1148 1916 1191 1951 14
1223 1913 1381 1957 syllabis,
1415 1925 1493 1957 quae
1523 1926 1579 1946 sex

905 1962 1009 2009 pedes
1025 1964 1192 1997 efficiunt.

773 2105 977 2162 XXX.

319 2263 382 2292 AD
422 2260 841 2299 GARGILIANUM,
877 2261 1156 2289 CLIENTFM
1196 2263 1434 2291 EGENUM.

243 2390 494 2432 SPORTULA
519 2385 635 2429 nulla
656 2385 806 2439 datum
833 2387 964 2446 gratis
987 2387 1171 2430 conviva
1197 2388 1436 2432 recumbis:

231 2537 260 2558 1.
281 2524 430 2569 Sportula
450 2523 555 2561 nulla,
584 2530 647 2554 etc.
677 2521 844 2553 Domitia-

175 2592 238 2612 nus
268 2586 377 2611 rectas
409 2588 521 2609 coenas
553 2574 706 2608 restituit
731 2575 742 2613 <
766 2573 846 2607 vide

175 2644 271 2676 supr.
292 2631 401 2676 epigr.
427 2627 529 2669 x·11);
552 2628 639 2660 nihil
659 2626 760 2660 datur
776 2629 845 2671 jam

906 2522 1060 2567 pecuniae
1071 2523 1275 2557 clientibus:
1290 2525 1468 2570 quomodo
1481 2537 1579 2571 pote-

907 2575 953 2607 ris
968 2576 1037 2618 jam
1061 2576 1178 2609 Romae
1197 2577 1313 2610 vivere
1326 2605 1334 2618 ‚
1351 2580 1480 2625 qnippe
1498 2582 1577 2613 nnl-

907 2628 973 2661 lam
997 2637 1104 2661 artem
1133 2629 1233 2663 calles
1248 2657 1256 2671 ‚
1281 2631 1376 2664 unde
1398 2633 1460 2665 tihi
1483 2646 1578 2666 com-

1252 2701 1335 2764 19²
