2061 3288
461 208 557 269 296

815 208 876 250 M.
916 208 1057 250 VAL.
1097 208 1486 251 MARTIALIS

1008 360 1329 415 XXXVI.

535 517 593 546 IN
632 515 952 555 FABIANUM,
991 515 1391 544 ARROGANTEM
1430 494 1789 544 PATRONUMf

525 642 666 697 QUOD
691 655 832 684 novus
855 649 898 683 et
920 655 1062 699 nuper
1089 638 1228 683 factus
1257 639 1334 682 tibi
1359 648 1537 700 praestat
1560 640 1747 695 amicus,

595 713 692 754 Hoc
720 719 927 771 praestare
953 709 1079 770 jubes
1109 726 1201 766 me,
1232 710 1442 764 Fabiane,
1469 710 1558 753 tibi.

525 781 740 824 Horridus
771 790 819 824 ut
847 782 990 841 primo
1015 797 1187 841 semper
1217 790 1259 823 te
1289 796 1417 824 mane
1445 779 1653 835 salutem,

594 853 676 894 Per
702 850 980 911 mediumque
1000 850 1147 894 trahat
1167 867 1236 894 me
1258 860 1331 894 tua
1357 850 1459 894 sella
1479 849 1618 894 lutum
1640 867 1650 893 :

525 925 686 966 Lassus
712 931 759 965 ut
790 923 834 965 in
863 921 1054 964 thermas
1079 920 1270 977 decima,
1293 920 1361 964 vel
1390 922 1549 976 serius,
1575 921 1684 964 hora
1851 940 1864 963 5

590 994 651 1036 Te
678 1008 833 1052 sequar
853 992 1079 1052 Agrippae,
1105 1008 1238 1052 quum
1265 991 1384 1034 laver
1411 993 1501 1052 ipse
1523 992 1620 1034 Titi.

523 1066 618 1106 Hoc
642 1080 720 1124 per
740 1063 916 1123 triginta
942 1063 1102 1116 merui,
1128 1061 1339 1117 Fabiane,
1366 1061 1658 1116 Decembres,

503 1203 518 1217 '¹
532 1210 583 1241 De
601 1208 757 1240 Fabiano
772 1207 1013 1253 conqueritur,
1030 1207 1130 1253 quod

454 1273 564 1306 quum
577 1269 676 1294 vetus
690 1269 777 1294 esset
792 1260 900 1306 ipsius
914 1260 1061 1301 amicus,
1075 1260 1129 1292 ni-

453 1313 646 1347 hilominus
665 1313 800 1347 easdem
821 1325 958 1358 semper
981 1326 999 1345 a
1016 1326 1050 1346 se
1070 1325 1130 1358 po-

455 1375 566 1400 sceret
586 1366 863 1400 anteambulonis
890 1377 1031 1411 operas,
1045 1378 1129 1411 quas

454 1431 471 1451 a
496 1420 668 1453 tironibus
688 1419 873 1453 clientibus
888 1444 896 1459 ‚
919 1420 992 1464 ejus
1009 1419 1128 1451 amici-

450 1473 535 1506 tiam
547 1472 700 1518 primum
711 1472 948 1518 captantibus,
959 1472 1127 1516 exigebat.

506 1525 537 1558 3.
556 1526 726 1558 Horridus.
744 1525 918 1557 Matutino
935 1524 1063 1569 frigore
1079 1524 1127 1557 ri-

453 1590 548 1623 gens.
582 1578 761 1611 Juvenalis
778 1603 787 1617 ,
819 1577 888 1611 Sat.
911 1578 956 1618 V,
985 1589 1016 1609 v.
1053 1589 1098 1609 20
1118 1589 1125 1609 ε

450 1646 464 1657 «
485 1630 661 1663 Sollicitus
681 1643 724 1663 ne
753 1631 841 1663 Tota
860 1630 1039 1663 salutatrix
1055 1631 1126 1674 jam

450 1684 553 1716 turba
580 1683 754 1729 peregerit
781 1684 902 1716 orbem
917 1708 926 1724 ,
946 1681 1127 1715 Sideribus

451 1735 581 1777 dubiis,
598 1746 655 1769 aut
670 1736 732 1769 illo
747 1745 905 1781 tempore
923 1748 991 1780 quo
1003 1748 1037 1768 se
1051 1735 1127 1768 Fri-

447 1788 526 1834 gida
538 1790 778 1834 circumagunt
790 1789 879 1834 pigri
894 1801 1027 1821 sarraca
1040 1788 1127 1820 Boo-

446 1850 501 1875 tae.
528 1860 540 1871 »ι
572 1864 618 1867 -
640 1842 707 1875 Vel
740 1842 886 1874 horridus
912 1841 1126 1886 intelligatur

449 1896 545 1928 cultu
583 1895 758 1939 neglectus
778 1919 787 1934 ,
820 1907 932 1940 quum
959 1903 1126 1939 properat

447 1947 612 1981 Martialis
640 1949 731 1980 iuter
760 1948 892 1992 primos
920 1948 1125 1980 salutatores

446 2001 576 2034 venire.

496 2058 529 2092 4.
549 2054 612 2085 Per
629 2054 820 2098 mediamque
835 2079 843 2091 ,
862 2061 927 2086 etc.
950 2054 1008 2085 He
1021 2053 1123 2096 jubes

439 2106 477 2139 in
496 2106 577 2140 sella
596 2107 822 2139 recubantem
846 2113 878 2138 te
898 2105 1095 2150 praecedere
1112 2132 1120 2145 ,

442 2160 627 2199 comitari,
655 2160 709 2191 xel
740 2158 857 2203 sequi,
889 2158 987 2203 quasi
1021 2170 1037 2189 a
1066 2166 1119 2198 te,

440 2213 491 2244 tui
520 2212 664 2244 honoris
696 2224 797 2244 causa
811 2237 819 2252 ,
851 2211 1019 2244 traherer.
1050 2210 1116 2243 En.

438 2284 491 2289 —
513 2265 610 2297 Sella.
635 2265 772 2298 Lectica
788 2291 797 2303 ,
823 2263 986 2296 cathedra
1007 2271 1117 2307 gesta-

435 2318 538 2351 toria.
557 2338 609 2343 -ν-
630 2318 755 2349 Lutwn.
773 2317 987 2349 Miserorum
1007 2316 1117 2348 clicu-

439 2370 527 2402 tium
544 2369 769 2403 incommoda
784 2370 893 2402 multa
905 2376 1001 2401 erant
1017 2394 1025 2408 ,
1041 2376 1115 2401 tum

436 2422 475 2454 in
507 2422 629 2468 primis
664 2421 760 2468 quod
789 2435 879 2466 saepe
900 2435 962 2467 per
982 2422 1114 2463 lutum,

440 2483 637 2519 occupante
648 2476 739 2508 viam
750 2476 873 2507 lectica
883 2500 891 2515 ,
902 2474 1057 2507 eundum
1070 2487 1114 2507 es-

435 2537 496 2561 set.
509 2526 600 2560 Vide
616 2527 675 2560 lib.
692 2529 742 2567 X,
755 2528 957 2573 epigramm.
973 2540 1010 2569 x,
1022 2539 1111 2561 vers.

435 2592 456 2625 7
472 2589 505 2614 et
518 2582 555 2622 83
571 2589 604 2613 et
617 2580 677 2613 lib.
692 2581 761 2613 XII
774 2605 783 2619 ,
800 2580 1004 2625 epigramm.
1016 2593 1110 2622 xxvr,

434 2645 535 2669 versu
563 2634 597 2667 8.
618 2633 670 2665 De
689 2632 763 2666 aliis
788 2633 905 2666 multis
931 2633 1109 2666 clientium

1188 1206 1422 1241 incommodis
1444 1206 1525 1240 vide
1550 1207 1571 1240 J
1575 1219 1678 1240 uven.
1700 1213 1763 1240 sat.
1784 1206 1840 1238 III

1188 1272 1221 1292 v.
1243 1260 1314 1304 239
1336 1268 1370 1293 et
1391 1273 1462 1306 seq.
1488 1269 1522 1293 et
1538 1260 1622 1294 infr.
1643 1260 1752 1305 epigr.
1768 1271 1862 1292 XLVI.

1245 1314 1277 1346 5.
1310 1314 1432 1358 Lapsus
1466 1311 1674 1346 Beverlandi
1703 1311 1776 1345 MS.
1812 1332 1865 1337 —-

1190 1366 1320 1398 Decima
1334 1393 1343 1406 ‚
1364 1366 1420 1398 vel
1438 1368 1534 1398 serlus
1545 1392 1555 1406 ,
1585 1366 1674 1398 liora.
1696 1364 1772 1398 Hoc
1791 1372 1841 1397 est
1854 1389 1863 1405 ‚

1187 1417 1322 1451 duabus
1338 1418 1433 1452 horis
1454 1418 1587 1451 tardius
1605 1418 1706 1452 solito
1722 1430 1731 1458 ;
1750 1425 1864 1451 aestate

1186 1471 1279 1503 enim
1308 1479 1427 1504 octava
1453 1471 1540 1505 hora
1560 1471 1744 1512 lavabant,
1769 1482 1863 1503 nona

1185 1536 1269 1556 vero
1296 1524 1488 1558 coenabant.
1516 1526 1568 1557 De
1588 1523 1683 1557 horis
1702 1522 1775 1557 vid.
1798 1523 1860 1556 lib.

1185 1576 1249 1617 IV,
1270 1577 1378 1622 epigr.
1398 1589 1481 1610 vnt.

1241 1631 1273 1661 6.
1306 1629 1512 1662 Beverlandi
1543 1629 1617 1662 MS.
1652 1641 1744 1675 quum
1777 1629 1863 1661 labar

1185 1683 1248 1725 ipse
1271 1684 1348 1721 citi,
1376 1683 1422 1715 ob
1450 1681 1715 1715 similitudinem
1743 1681 1860 1714 litera-

1184 1746 1263 1766 rum
1284 1742 1296 1766 t
1318 1743 1351 1767 et
1382 1749 1399 1766 c
1425 1736 1460 1768 in
1485 1734 1667 1768 codicibus
1697 1735 1858 1780 antiquis.

1185 1786 1307 1820 Codex
1332 1788 1543 1822 Pulmanni:
1566 1801 1657 1834 quum
1685 1788 1770 1819 lat-ez·
1797 1790 1859 1832 ipse

1184 1840 1264 1873 lacu.
1300 1862 1352 1866 —
1390 1841 1434 1873 Te
1469 1854 1590 1887 sequar.
1623 1840 1860 1885 Conqueritur

1183 1892 1372 1931 Martialis,
1401 1893 1494 1939 quod
1522 1895 1592 1939 jam
1620 1894 1747 1933 lassus,
1773 1892 1859 1926 hora

1183 1944 1316 1979 decima
1335 1946 1389 1979 vel
1408 1947 1537 1987 scrius,
1554 1944 1694 1991 quando
1709 1947 1780 1990 jam
1795 1958 1860 1978 coe-

1183 1998 1337 2031 nandum
1353 2007 1440 2032 esset
1450 2025 1458 2039 ,
1473 2008 1653 2043 cogeretur
1666 1998 1856 2031 Fabianum

1181 2050 1225 2083 ad
1243 2051 1393 2084 thermas
1408 2053 1589 2097 Agrippae,
1610 2051 1756 2084 honoris
1776 2063 1857 2084 eau-

1181 2116 1216 2137 sa
1228 2129 1236 2144 ,
1255 2104 1414 2136 comitari
1430 2117 1439 2145 3
1458 2105 1517 2137 ubi
1540 2117 1580 2136 eo
1598 2104 1720 2137 relicto
1733 2129 1741 2145 ,
1761 2103 1857 2148 quod

1179 2157 1309 2189 scilicet
1338 2156 1440 2189 simul
1470 2157 1575 2189 lavari
1611 2157 1752 2190 clientes
1784 2169 1855 2189 non

1178 2209 1308 2242 sineret
1323 2218 1488 2254 patronus
1503 2210 1561 2242 ille
1575 2222 1740 2254 arrogans
1754 2235 1763 2251 ,
1776 2221 1857 2254 pro-

1176 2263 1319 2306 perabat
1340 2262 1412 2307 ipse
1431 2262 1475 2295 ad
1489 2263 1561 2295 Titi
1580 2263 1730 2296 thermas
1746 2286 1756 2301 ,
1779 2274 1855 2306 quae

1176 2316 1281 2360 longo
1296 2315 1407 2360 spatio
1420 2314 1549 2348 dissitae
1563 2323 1660 2348 erant
1677 2315 1718 2347 ab
1734 2315 1855 2359 Agrip-

1176 2380 1228 2413 pae
1246 2368 1400 2401 thermis.
1419 2390 1471 2395 —
1489 2368 1655 2412 Agrippae.
1675 2366 1758 2399 Vid.
1775 2379 1851 2411 sup.

1174 2421 1282 2466 epigr.
1303 2434 1364 2462 xx,
1382 2434 1414 2453 v.
1436 2420 1488 2453 15.
1508 2440 1559 2445 —
1581 2421 1658 2453 Titi.
1672 2418 1755 2452 Vid.
1776 2432 1850 2464 sup.

1173 2474 1284 2518 epigr.
1304 2487 1369 2514 xx,
1391 2487 1422 2506 v.
1452 2473 1508 2507 15.

1227 2539 1260 2570 7.
1278 2526 1471 2559 Decembres.
1488 2528 1619 2559 Annos.
1638 2524 1851 2558 Ramiresius

1171 2588 1269 2623 putat
1288 2579 1370 2612 hinc
1391 2579 1489 2623 argui
1507 2578 1686 2612 avaritiam
1706 2577 1848 2610 Fabiani

1169 2644 1239 2664 non
1268 2644 1413 2665 munera
1447 2631 1636 2664 clientibus
1658 2655 1667 2668 ,
1702 2638 1741 2662 ut
1773 2642 1849 2663 mos
