2061 3288
547 219 638 261 DE
677 214 1165 261 SPECTACULIS.
1539 224 1568 268 9

291 309 346 351 Et
371 305 526 351 Cilices
552 305 710 349 nimbis
736 304 806 348 hic
830 303 1037 347 maduere
1061 302 1164 345 suis.

223 377 428 423 Crinibus
454 378 495 420 in
520 376 685 420 nodum
712 376 837 419 tortis
860 391 1019 418 venere
1044 371 1277 422 Sicambri,

294 450 436 509 Atque
459 446 582 491 aliter
606 447 730 490 tortis
753 445 946 490 crinibus
970 444 1208 504 AEthiopes.

224 521 324 563 Vox
347 519 519 562 diversa
545 527 673 561 sonat
699 534 707 561 :
735 515 1001 578 populorum
1030 524 1095 559 est
1120 530 1206 558 vox
1232 522 1378 555 tamen
1406 524 1491 553 una
1509 545 1518 562 ,

296 592 447 647 Quum
476 605 606 632 verus
637 604 818 633 PATRIAE
848 587 1004 631 diceris
1029 602 1121 629 esse
1147 599 1312 629 PATER.

297 721 401 769 Τοὺς
431 717 602 768 Κίλικας
630 717 787 779 ῥάνανθ’
818 712 890 774 (ᾖδ’
917 711 1019 760 ἴδιαι
1045 708 1228 765 λιὲοἱδες.

231 777 386 833 ἤλυθον
413 789 625 845 Αἰθίοπες,
657 787 908 836 τηλεκλειτοί
932 805 977 831 τε
1003 782 1257 848 Σόγαμὲροι,

301 859 375 903 Τοὶ
402 861 472 920 μὲν
499 860 778 920 ὀπισθοκόμαι·
806 859 870 902 τοὶ
896 853 940 902 δὲ
966 858 1034 901 καὶ
1059 857 1297 918 ἀκροκόμαι.

234 933 406 974 mecca
433 932 501 992 μὲν
529 932 713 979 ἀλλ-ἥλων
741 932 933 991 μεμέριςο
959 923 1173 988 διάνδιχα·
1203 927 1315 988 θροῦς
1338 921 1377 968 δ’
1402 923 1454 976 εἷς

304 1001 478 1044 Πάντων
510 999 567 1055 ἦν,
596 1004 685 1050 ὁτιὴ
713 996 914 1062 πατρίδος
941 1000 1026 1043 ἐσσὶ
1053 1001 1203 1059 πατήρ.

166 1140 203 1174 id
226 1148 276 1174 est
304 1141 450 1182 Petrea;
473 1149 507 1174 et
532 1140 681 1178 Sceniti,
706 1139 744 1173 id
772 1149 846 1181 est,

166 1195 311 1228 Deserta
329 1194 468 1227 Arabia.
485 1193 666 1227 —Sahcei.
693 1194 720 1226 E
740 1193 847 1227 Felici

168 1247 306 1280 Arabia.
337 1247 445 1280 Sabaei
475 1259 494 1280 a
529 1247 642 1279 thuris
670 1247 848 1280 fertilitate

169 1300 396 1345 scriptoribus
412 1300 644 1333 celebrantur.
660 1300 849 1346 Virgilius,

170 1353 301 1398 Georg.
316 1354 332 1385 I
345 1378 354 1394 ,
376 1354 420 1398 57
438 1364 446 1386 :
469 1370 482 1382 ιι
498 1352 600 1385 India
616 1353 726 1386 mittit
741 1353 829 1386 ebur
841 1378 850 1393 ‚

174 1406 296 1439 molles
313 1418 373 1439 sua
393 1407 496 1439 thura
516 1406 638 1451 §abath
659 1424 672 1436 υ

227 1460 261 1493 8.
287 1459 411 1492 Cilices.
435 1460 579 1500 Cilicia,
601 1459 690 1493 Asiae
706 1459 853 1492 minoris

173 1512 270 1557 regio
285 1538 293 1554 ‚
324 1511 431 1546 hodie
464 1521 610 1546 vocatur
642 1514 854 1546 Tun-omnm

174 1574 209 1599 et
227 1566 376 1599 Finit-hia
391 1592 399 1607 ‚
416 1565 477 1598 ubi
490 1574 541 1599 est
553 1578 675 1599 crocus
693 1574 857 1612 praestan·

175 1619 327 1652 tissimus
343 1644 352 1659 ‚
375 1619 432 1652 cui
460 1620 610 1664 primam
635 1620 857 1653 nobilitatem

177 1672 299 1705 tribuit
318 1671 477 1714 Plinius,
502 1673 563 1706 lib.
587 1673 694 1715 XXI,
720 1686 798 1719 cap.
821 1675 857 1706 6.

178 1725 363 1758 -Nimln's
375 1726 423 1757 laic
433 1725 587 1758 maduere.
602 1727 721 1768 Quum
737 1727 773 1761 in
790 1739 858 1759 am-

179 1778 380 1824 phitheatro
403 1779 527 1812 Cilices
547 1778 668 1812 sedere
686 1787 859 1825 spectato-

181 1844 253 1872 res,
269 1829 425 1864 odoratis
447 1831 544 1877 quasi
559 1833 690 1865 nimbis
702 1858 711 1873 s
731 1833 862 1866 scilicet

181 1897 287 1918 croco
306 1897 347 1917 ex
373 1885 520 1926 Cilicia,
542 1886 603 1919 uhi
625 1886 862 1919 nobilissimus

183 1945 274 1977 erat,
291 1946 466 1983 asportato
484 1946 517 1971 et
535 1939 617 1972 vino
637 1938 733 1972 dulci
752 1939 862 1972 mixto

183 1990 315 2036 perfusi
341 1991 460 2032 fuere;
486 2004 567 2024 nam
594 2005 668 2024 mos
692 2001 766 2026 erat
792 1993 862 2025 Ro-

186 2043 298 2076 manis
323 2056 400 2077 aera
422 2045 628 2090 refrigerare
645 2045 720 2079 istis
745 2057 864 2091 asper-

187 2096 344 2129 sionibus
357 2123 365 2137 ,
391 2098 519 2142 quibus
540 2106 751 2144 spectatores
770 2098 866 2132 velut

188 2150 299 2182 imbre
318 2150 572 2184 irrorabantur.
593 2152 660 2184 ΕΙ).

244 2216 278 2247 9.
297 2203 470 2248 Sygambri
492 2204 714 2238 scribendum
742 2205 865 2250 praefe-

189 2264 275 2288 runt
291 2256 356 2288 viri
375 2254 482 2290 docti.
494 2256 587 2290 Vide
600 2258 809 2303 interpretes
825 2257 868 2291 ad

192 2308 298 2341 Ovid.
314 2310 392 2341 Am.
404 2310 420 2341 I
431 2335 439 2350 ,
456 2314 496 2348 14
512 2334 521 2349 ‚
543 2313 587 2353 ⁴²³9
602 2336 611 2351 ,
625 2319 658 2343 et
672 2311 868 2351 Valesima,

192 2374 270 2407 pag.
301 2375 361 2406 91.
388 2383 439 2388 —
465 2362 631 2395 Sicambri.
654 2365 758 2396 Teste
777 2364 870 2396 Stra-

194 2415 286 2450 bone
301 2415 422 2448 Galliae
435 2424 517 2449 sunt
533 2416 677 2461 populi,
689 2417 751 2449 ubi
766 2416 872 2450 hodie

905 1138 1085 1173 Gueldriae
1109 1137 1276 1177 ducatus;
1300 1138 1389 1170 sicut
1410 1135 1586 1168 Martiano

906 1193 1044 1239 placet,
1074 1204 1231 1237 nempe,
1264 1191 1355 1224 inter
1386 1190 1523 1222 Mosam
1555 1196 1590 1221 et

908 1247 1084 1279 Rhenum.
1106 1243 1307 1283 Secundum
1334 1244 1418 1276 alios
1446 1243 1591 1275 fuerunt

909 1300 952 1332 ab
975 1300 1082 1332 altera
1111 1288 1370 1344 part'etheni,
1393 1296 1455 1329 ubi
1482 1294 1590 1328 hodie

909 1352 1115 1398 Zutphaniae
1146 1351 1344 1385 comitatus.
1380 1351 1421 1382 In
1454 1347 1589 1382 nodum

910 1413 1076 1451 torquere
1090 1405 1206 1439 crines
1215 1405 1374 1438 solebant
1387 1403 1439 1435 illi
1454 1401 1590 1448 populi.

911 1459 991 1492 Lib.
1019 1460 1073 1500 V,
1104 1459 1224 1504 Epigr.
1260 1458 1319 1501 39.
1364 1474 1376 1486 «
1408 1456 1594 1500 Rhenique

913 1512 1037 1546 nodos.
1058 1529 1072 1542 n
1094 1513 1236 1545 Tacitus
1247 1537 1255 1553 ,
1270 1510 1314 1543 de
1329 1510 1490 1542 moribus
1506 1509 1595 1541 Ger-

914 1578 1125 1607 manorum,
1153 1565 1249 1598 hunc
1273 1564 1381 1597 ritum
1414 1562 1595 1608 speciatim

916 1619 1041 1653 tribuit
1073 1618 1196 1652 Suevis
1218 1645 1227 1660 ,
1265 1633 1277 1645 «ι
1304 1617 1446 1661 Insigne
1483 1614 1595 1661 gentis

916 1673 1099 1718 obliquare
1127 1672 1263 1705 crinem
1280 1697 1288 1713 ‚
1316 1669 1483 1715 nodoque
1515 1669 1598 1701 sub-

918 1726 1088 1772 stringere
1109 1743 1138 1759 ».
1160 1724 1340 1758 Juvenalis
1357 1751 1366 1766 ‚
1391 1724 1461 1756 Sat.
1490 1722 1578 1754 XIII
1592 1746 1602 1762 ‚

918 1793 1006 1812 vers.
1043 1782 1113 1819 164
1133 1791 1140 1812 ε
1169 1793 1182 1805 ⁸1
1205 1778 1345 1812 Caerula
1368 1776 1444 1822 quis
1466 1774 1602 1820 stupuit

920 1833 1089 1867 Germani
1128 1832 1264 1864 lumina
1282 1858 1290 1871 ‚
1324 1830 1450 1863 flavam
1491 1828 1603 1861 Caesa-

919 1886 1030 1924 riem,
1056 1894 1090 1918 et
1112 1883 1257 1919 madido
1283 1892 1507 1929 torquentem
1528 1894 1604 1915 cor-

924 1952 995 1972 nua
1014 1938 1135 1972 cirro?
1157 1955 1171 1967 a

982 2004 1034 2025 10.
1052 1991 1162 2037 Atque
1174 1991 1269 2023 aliter
1278 1991 1378 2022 tortis.
1394 1988 1603 2034 sEthiopuin

923 2058 1031 2078 comae
1048 2053 1173 2077 natura
1191 2052 1225 2076 et
1241 2042 1367 2077 ardore
1385 2042 1465 2075 solis
1481 2041 1605 2086 crispae

924 2106 1026 2138 sunt,
1053 2097 1313 2130 Germanorum
1333 2108 1417 2129 vero
1445 2094 1606 2127 artificio.

982 2163 995 2184 1
1008 2163 1038 2184 1.
1058 2150 1145 2184 Cod.
1167 2149 1269 2184 Bodl.
1289 2150 1360 2182 l'ot·
1376 2149 1498 2181 diversa
1515 2155 1609 2180 sonat

922 2205 1109 2250 populorum
1130 2218 1141 2237 :
1157 2212 1189 2236 et
1209 2217 1276 2236 vox
1290 2230 1298 2244 ,
1326 2210 1384 2235 etc.
1409 2202 1507 2234 Junt.
1534 2200 1608 2233 Voae

927 2259 1049 2290 diversa
1081 2265 1174 2289 sonat
1202 2256 1416 2302 populorum,
1448 2262 1515 2294 est,
1548 2261 1607 2286 etc.

929 2311 1068 2344 Thuan.
1089 2323 1145 2356 ap.
1169 2310 1406 2344 Gronovium,
1430 2316 1493 2340 tum
1508 2315 1609 2338 tamen

931 2377 994 2396 una
1013 2372 1069 2396 est.
1092 2385 1144 2389 —
1159 2363 1234 2395 Voas
1250 2363 1382 2395 diver-sa.
1402 2361 1538 2406 Lingua
1556 2373 1611 2392 va-

932 2417 1001 2458 ria,
1016 2417 1216 2450 acclamatio
1229 2429 1312 2450 vero
1322 2424 1357 2449 et
1366 2427 1464 2449 mens
1477 2412 1610 2447 eadem.
