2061 3288
389 214 470 256 ET
507 208 863 254 OPERIBUS
904 207 1310 250 MARTIALIS.
1456 221 1579 249 XLVI(

171 312 259 358 tes,
291 301 326 344 si
357 301 453 361 quis
484 300 682 342 invectus
712 297 754 339 in
780 295 950 356 turpia,
982 310 1061 355 per
1090 292 1296 354 ambages
1322 302 1365 336 et
1392 310 1583 353 περιφρα-

166 377 312 422 στικῶς
341 371 434 414 liaec
456 369 688 430 designans
703 403 715 420 ,
741 366 1071 427 grapliicissime
1088 374 1235 408 tamen
1261 373 1304 407 et
1323 362 1582 424 depinxissel

166 453 209 486 ct
243 441 455 486 illecebris
484 440 609 483 novis
641 435 914 482 ornavisset?

236 515 301 556 Ne
326 513 458 573 igitur
490 511 655 555 Nostro
696 509 980 552 vehementer
1007 507 1134 549 nimis
1165 505 1508 558 stomaclicmur‚
1552 507 1582 548 si

166 599 274 644 quas
299 581 556 643 elegantias,
583 596 692 641 quos
720 580 843 640 jocos
872 579 915 621 in
943 577 1118 621 eroticis
1144 586 1298 620 nactus
1324 586 1407 630 est,
1431 592 1583 619 eorum

166 655 360 697 imitator
390 653 577 707 exstitit,
599 661 642 694 et.
672 650 725 693 de
747 649 1080 710 Lampsacenis‚
1115 646 1369 701 Gaditanis,
1398 646 1584 690 Alexan--

166 724 300 768 drinis
322 723 524 784 nequitiis
545 738 594 765 ea
617 721 790 766 licentia
809 722 920 781 egit,
940 721 1010 763 cui
1031 717 1255 762 invidisset
1266 717 1585 762 Alexandrinus

166 795 388 856 pathicus,
422 793 641 838 Gaditana
668 790 888 844 saltatrix,
913 800 956 834 et
982 789 1213 850 Lampsaci
1244 789 1376 833 sacris
1407 798 1587 850 operata

167 864 334 908 mulier.
355 864 475 908 Nihil
502 865 664 924 quippe
688 878 740 905 ex
770 862 860 905 istis
887 859 1112 905 obstaculo
1141 860 1248 914 fuit,
1279 860 1386 920 quin
1414 858 1587 920 publice

168 934 401 996 legeretur,
431 952 519 978 non
545 935 589 977 in
613 933 723 976 urbe
750 932 890 977 solum
916 941 965 975 ut
989 931 1233 975 vastissima
1263 940 1306 974 et
1336 930 1585 992 potentissi-

166 1022 258 1062 ma,
280 1007 342 1049 ita
363 1005 716 1066 corruptissima,
747 1012 791 1047 at
815 1004 859 1046 in
882 1003 1140 1064 provinciis,
1161 1001 1236 1045 ubi
1264 1002 1435 1045 rusticae
1465 1018 1585 1044 verc-

165 1076 334 1121 cundiae
360 1075 559 1120 nonnihil
590 1083 880 1128 remanserat,
907 1073 983 1117 ubi
1008 1073 1152 1117 adhuc
1177 1073 1354 1133 vigebat
1377 1073 1586 1116 Patavina

166 1147 393 1192 modestia.
427 1149 558 1191 Certe
589 1146 680 1207 ipse
713 1145 766 1188 de
783 1146 954 1189 Vienna
980 1143 1293 1205 Allobrogum:

324 1264 389 1298 Me
409 1261 498 1310 legit
518 1260 640 1296 omnis
661 1259 713 1296 ibi
733 1259 872 1305 senior,
887 1259 1136 1309 juvenisque,
1157 1272 1347 1309 puerque,

378 1328 427 1362 Et
449 1337 577 1362 coram
602 1324 734 1361 tetrico
756 1333 857 1360 casta
875 1323 1002 1373 puella
1022 1323 1120 1359 viro.
1135 1331 1144 1345 ¹

169 1448 212 1482 et
239 1437 351 1482 infra
376 1436 594 1499 paullum:

326 1569 384 1603 Tu
406 1578 561 1615 quoque
581 1565 771 1615 nequitias
791 1564 911 1601 nostri
934 1566 1114 1615 lususque
1136 1564 1255 1602 libelli

379 1630 466 1668 Uda
486 1631 614 1681 puella
637 1631 758 1681 leges,
781 1630 831 1667 sis
847 1630 1028 1667 Patavina
1049 1631 1173 1667 licet.²

240 1751 296 1792 At
330 1748 479 1792 forsan
511 1764 697 1809 repones
719 1748 850 1791 :Non
887 1757 976 1791 tam
1011 1747 1145 1791 verba
1177 1748 1270 1809 ipsa
1309 1748 1352 1790 in
1384 1749 1586 1810 improbo

170 1819 550 1880 reprehendimus,
569 1835 700 1879 quam
728 1818 978 1862 Sotadicum
1002 1819 1225 1879 ingenium
1243 1836 1254 1874 3
1275 1834 1463 1880 namque
1490 1831 1586 1864 tur-

170 1890 376 1951 pitudinis
406 1906 586 1934 summae
613 1898 733 1950 gesta
765 1905 970 1940 narrans,
996 1889 1063 1933 his
1093 1889 1274 1949 gaudet,
1303 1890 1370 1934 his
1400 1892 1586 1945 invidet,

170 1960 237 2004 his
274 1961 434 2016 hoeret,
468 1959 654 2014 arridet,
686 1959 930 2015 blanditur,
952 1960 1046 2004 haec
1078 1960 1404 2020 quodammodo
1436 1962 1585 2005 suadet

171 2040 221 2074 ut
246 2040 289 2074 et
319 2040 363 2074 tu
393 2031 539 2075 facias.
570 2031 832 2090 Aquinatem
855 2040 995 2086 certe,
1024 2031 1077 2074 de
1103 2048 1190 2091 quo
1222 2031 1354 2074 modo
1382 2031 1586 2092 loqueba-

172 2117 286 2156 mur,
304 2101 539 2144 identidem
554 2101 787 2145 credideris
802 2102 944 2145 minus
959 2103 1003 2145 in
1023 2102 1249 2145 rhetorum
1264 2102 1441 2146 officina
1457 2120 1586 2163 quam

172 2172 216 2214 in
235 2173 490 2215 meretriciis
513 2171 658 2215 lustris
685 2173 902 2216 cecinisse.
926 2173 983 2216 At
1002 2173 1045 2216 in
1071 2173 1187 2229 haec,
1209 2190 1304 2233 quae
1330 2174 1526 2218 nominat
1546 2185 1588 2218 et

173 2241 402 2294 describit,
424 2243 634 2286 acerrime
651 2243 889 2298 invehitur,
908 2243 1002 2288 haec
1023 2245 1065 2286 vi
1087 2260 1255 2286 summa
1277 2255 1527 2288 exsecratur
1547 2256 1588 2289 et

173 2311 461 2373 deprecatum
494 2328 570 2366 ac,
604 2313 638 2356 si
666 2313 841 2372 quando
870 2313 1004 2367 ridet,
1028 2314 1122 2374 quis
1152 2311 1285 2357 risus!
1312 2331 1442 2374 quam
1471 2332 1587 2359 ama-

174 2399 248 2426 rus
270 2392 313 2426 et
333 2379 536 2426 mordax!
567 2399 662 2443 quae
688 2383 928 2443 indignatio
950 2383 1024 2427 tali
1044 2385 1135 2428 risu
1164 2384 1348 2429 «fortius
1367 2402 1418 2429 ac
1437 2386 1588 2430 melius

176 2462 293 2496 secat
311 2452 631 2497 wsb—Esto
654 2469 783 2507 sanc;
810 2454 883 2497 sed
907 2456 1070 2498 Satiras
1095 2455 1266 2515 scripsit
1284 2457 1523 2515 Juvenalis,
1547 2459 1588 2501 in

234 2605 264 2624 1.
284 2592 360 2625 Lib.
374 2593 458 2632 VII,
477 2593 588 2638 epigr.
608 2606 780 2627 Lxxxvnl.

234 2657 264 2677 2.
281 2644 358 2677 Lib.
377 2646 446 2686 XI,
467 2646 575 2691 epigr,
594 2659 664 2679 xvr.
