2061 3288
421 251 516 278 220

797 234 855 277 Μ.
884 235 1019 277 VAL.
1059 234 1451 278 MARTIALIS

1097 385 1159 442 L.

950 531 1005 559 ΙΝ
1054 530 1306 560 LESBIAM.

493 657 636 713 QUOD
663 652 782 698 fellas
798 689 810 709 ,
833 663 877 697 et
900 669 1058 714 aquam
1087 663 1238 715 potas,
1264 652 1350 709 nil,
1377 654 1558 709 Lesbia,
1584 669 1753 715 peccas.

564 727 665 783 Qua
695 725 771 768 tibi
804 734 928 786 parte
959 741 1070 786 opus
1101 735 1192 779 est,
1219 724 1403 781 Lesbia,
1434 725 1567 769 sumis
1593 740 1765 785 aquam.

483 877 511 899 1.
526 864 714 909 Nilpeccas.
727 864 802 897 Hoc
817 871 867 896 est
878 889 887 906 ,
907 863 981 897 Non
996 877 1082 896 erras
1092 877 1102 896 :

425 930 533 963 quum
543 918 636 951 enim
652 917 827 950 fellatione
840 929 902 950 ora
912 917 1080 962 pollueris
1095 942 1104 958 ‚

425 969 505 1004 ideo
529 979 623 1004 recte
644 970 749 1011 facis,
777 970 805 1003 si
832 983 957 1016 aquam
982 979 1104 1016 potaS‚

426 1033 460 1057 et
484 1037 525 1058 ex
554 1036 652 1057 more
682 1023 829 1057 aliarum
854 1023 1074 1057 foeminarum
1097 1049 1106 1064 ‚

428 1090 506 1122 quae
533 1089 550 1109 a
578 1077 674 1111 coitu
696 1077 813 1110 lavant
839 1076 880 1111 τὰ
903 1074 1024 1110 αἰδοῖα.
1048 1078 1108 1110 Est

428 1143 573 1164 acumen
604 1130 639 1163 in
671 1130 897 1176 ambiguitate
928 1130 1026 1164 verbi
1053 1143 1109 1164 su-

428 1195 525 1217 mere
540 1196 667 1229 aquam
679 1209 689 1226 ‚
707 1184 790 1217 hinc
810 1184 844 1217 in
866 1184 1084 1229 potationem
1102 1209 1111 1224 ‚

430 1237 525 1271 illinc
542 1237 576 1270 in
593 1237 831 1271 ablutionem:
851 1237 1019 1271 abstemia
1040 1246 1111 1271 erat

1164 863 1289 897 Lesbia
1303 888 1313 904 ‚
1334 871 1367 897 et
1385 875 1511 909 aquam
1531 871 1670 896 tantum
1688 862 1842 909 potabat.

1221 930 1254 950 2.
1286 917 1361 962 Qua
1391 917 1449 950 tibi
1477 924 1568 962 parte
1604 916 1690 949 decet
1725 929 1843 948 sumere

1166 978 1288 1015 oportet
1320 983 1433 1016 aquam
1468 970 1489 1002 J
1492 969 1615 1003 untina
1655 977 1772 1003 nostra
1809 969 1845 1002 in

1166 1023 1324 1069 margine
1340 1037 1350 1066 ;
1372 1021 1432 1056 sed
1450 1023 1518 1056 hoc
1534 1022 1672 1068 jugulat
1685 1034 1823 1056 sensum
1836 1047 1845 1062 ,

1169 1089 1273 1122 quem
1286 1077 1436 1122 intelligi
1454 1076 1532 1109 vult
1544 1075 1726 1110 Martialis.
1739 1075 1846 1108 Nem-

1170 1143 1213 1176 pe
1246 1143 1318 1163 non
1352 1130 1403 1163 illi
1427 1128 1567 1171 suadet,
1587 1136 1625 1162 ut
1650 1140 1712 1162 ore
1733 1135 1847 1162 sumat

1172 1196 1315 1230 aquan13
1331 1182 1392 1217 sed
1412 1183 1506 1216 illam
1530 1190 1623 1216 recte
1644 1182 1714 1216 hoc
1736 1180 1848 1215 facere

1173 1238 1336 1271 affirmat.

1091 1374 1194 1428 LI.

973 1530 1028 1557 IN
1068 1529 1311 1558 HYLLUM.

505 1656 641 1699 UNUS
670 1671 782 1715 saepe
815 1654 892 1698 tibi
923 1664 1015 1698 tota
1046 1654 1250 1698 denarius
1281 1670 1383 1697 arca

578 1726 727 1782 Quum
762 1727 836 1781 sit,
863 1735 906 1769 et
930 1725 1001 1769 hie
1025 1724 1124 1769 culo
1152 1726 1315 1781 tritior⁷
1343 1723 1492 1785 Hylle,
1519 1734 1618 1778 tuo3

506 1797 607 1840 Non
632 1806 779 1840 tamen
806 1797 923 1841 hune
946 1798 1106 1857 pistor,
1129 1812 1217 1839 non
1247 1796 1416 1840 auferet
1441 1796 1560 1839 hune
1586 1796 1663 1838 tibi
1688 1811 1854 1855 caupo;

580 1866 663 1911 Sed
694 1868 727 1910 si
758 1868 854 1928 quis
885 1868 1018 1911 nimio
1047 1884 1158 1929 pene
1189 1867 1405 1928 superbus
1437 1867 1530 1909 erit.

508 1937 663 1982 Infelix
690 1947 843 1982 venter
870 1948 1037 1999 spectat
1063 1938 1263 1982 convivia
1289 1936 1396 1993 culi,
1843 1955 1856 1977 ε,

579 2010 631 2052 Et
665 2025 837 2070 semper
865 2009 996 2053 miser
1022 2009 1093 2052 hie
1118 2009 1277 2063 esurit,
1304 2007 1373 2051 ille
1400 2017 1536 2051 vorat.

499 2160 527 2180 ι.
551 2148 637 2181 Unus
658 2162 750 2193 nepe.
776 2148 919 2192 Hyllum
938 2148 1119 2193 pathicum

443 2202 645 2241 insectatur,
654 2200 749 2247 quod
757 2201 1000 2247 pauperrimus
1011 2214 1121 2246 quum

444 2264 552 2294 esset,
577 2255 668 2289 bene
696 2263 830 2289 vasatos
864 2255 1056 2300 quaerebat,
1088 2261 1121 2287 et

445 2308 506 2349 iis,
527 2307 553 2340 si
575 2320 676 2352 quam
696 2307 918 2353 pecuniolam
942 2307 1092 2340 hahebat
1111 2333 1120 2346 ‚

444 2360 676 2404 largiebatur,
699 2370 733 2395 et
754 2361 828 2406 ipse
859 2361 948 2394 fame
972 2361 1122 2406 peribat.

446 2413 649 2448 RamiJ-esius.

503 2479 535 2499 2.
573 2468 703 2500 Tritior.
730 2467 829 2500 Trita
857 2475 995 2500 moneta
1021 2466 1124 2499 vilior

446 2527 545 2560 erat3
583 2519 663 2553 ideo
696 2519 834 2554 laudata
863 2533 983 2566 aspera
999 2546 1007 2562 ,
1030 2518 1126 2565 quod

448 2584 555 2610 nova,
579 2585 643 2606 nec
660 2585 828 2606 manuum
854 2573 981 2607 tritura
1000 2573 1123 2606 levior.

451 2625 545 2658 [clem.

505 2682 536 2717 j.
559 2678 639 2711 Ald.
657 2679 757 2711 ι111111.
777 2679 889 2711 Colin.
907 2693 1005 2721 pentec
1024 2692 1125 2721 ,ςιψυνι

1181 2149 1235 2180 hus
1258 2149 1327 2180 erit.
1347 2147 1481 2189 Caetera
1495 2171 1504 2187 ‚
1525 2145 1620 2178 nulla
1640 2144 1786 2177 varietas
1809 2151 1860 2176 est

1181 2201 1217 2234 in
1236 2199 1496 2244 exemplaribus
1512 2207 1570 2232 aut
1590 2210 1694 2231 manu
1713 2196 1858 2231 exaratis

1182 2262 1239 2288 aut
1258 2253 1356 2299 prelo
1376 2252 1522 2286 excusis.

1240 2308 1271 2341 5.
1294 2307 1424 2352 Spectat
1436 2333 1444 2345 ,
1466 2313 1530 2338 etc.
1550 2305 1628 2350 Ipse
1645 2316 1716 2336 non
1735 2301 1860 2343 edens,

1183 2360 1361 2401 esuriens,
1385 2358 1572 2392 famelicus.
1598 2357 1676 2390 Lib.
1697 2357 1730 2399 I,
1751 2355 1860 2401 epigr.

1183 2426 1282 2455 XLIV,
1301 2421 1421 2445 tantum
1438 2413 1640 2457 spectavimus
1659 2422 1772 2442 onmes.

1240 2469 1273 2500 6.
1300 2467 1366 2499 Hic
1388 2468 1507 2505 esurit„
1542 2463 1606 2496 ille.
1629 2459 1862 2494 Animadver-

1185 2519 1334 2553 tendum
1355 2528 1404 2552 est
1420 2520 1469 2551 hic
1487 2516 1528 2550 ad
1548 2515 1773 2549 remotiorem
1788 2526 1864 2545 rven-

1188 2582 1262 2605 trem
1281 2572 1469 2618 respiciens
1481 2596 1490 2612 ,
1510 2579 1544 2603 et
1563 2569 1615 2601 ille
1634 2566 1676 2600 ad
1696 2566 1861 2612 proprio-

1187 2639 1260 2659 rem
1276 2626 1377 2658 calum
1388 2652 1396 2665 ,
1416 2631 1537 2657 contra
1553 2633 1725 2654 normam.
1746 2620 1859 2652 Voma.

1188 2678 1269 2710 Vid.
1298 2678 1354 2710 lib.
1391 2678 1454 2709 XII
1469 2703 1475 2715 ,
1496 2675 1603 2720 epigr.
1623 2686 1748 2715 Lxxw,
1772 2686 1803 2705 v.
1831 2672 1862 2704 3*
