2061 3288
850 234 912 276 M.
935 233 1077 275 VAL.
1116 233 1507 278 MARTIALIS

1029 371 1297 427 XXXVI
1312 417 1324 427 .

940 521 1013 549 AD
1052 520 1412 552 CORNELIUM.

678 644 865 686 VERSUS
891 638 1079 684 scribere
1105 655 1175 681 me
1201 655 1357 700 parum
1385 657 1581 698 severos,

674 714 769 757 Nec
797 727 906 771 quos
927 708 1134 771 praelegat
1159 709 1203 752 in
1225 709 1376 754 schola
1397 715 1624 774 magister,

678 781 880 837 Corneli,
904 781 1097 842 quereris
1123 796 1131 822 :
1160 780 1234 824 sed
1259 781 1305 825 hi
1328 780 1485 839 libelli,

674 857 901 914 Tanquam
926 849 1186 911 conjugibus
1210 852 1296 895 suis
1320 854 1486 909 mariti,

672 925 774 969 Non
804 932 988 985 possunt
1015 923 1106 966 sine
1131 921 1325 966 mentula
1351 923 1534 984 placere.

674 995 794 1053 Quid
820 995 854 1038 si
881 1010 951 1037 me
973 993 1125 1054 jubeas
1148 992 1475 1039 Thalassionem

673 1066 832 1111 Verbis
857 1065 1002 1109 dicere
1026 1080 1115 1108 non
1135 1063 1459 1109 Thalassionis?

675 1139 785 1195 Quis
813 1135 997 1180 Floralia
1023 1135 1172 1189 vestit,
1196 1145 1239 1178 et
1265 1134 1469 1180 stolatum

670 1208 889 1254 Permittit
911 1205 1212 1250 meretricibus
1238 1206 1480 1267 pudorem?

672 1282 766 1324 Lex
790 1279 885 1322 hoec
911 1276 1177 1322 carminibus
1206 1275 1307 1321 data
1333 1287 1397 1322 est
1419 1279 1603 1338 jocosis;

519 1423 552 1443 2.
571 1408 639 1442 Nec
657 1419 732 1453 quos
751 1405 897 1450 perlegat
917 1404 954 1437 in
976 1401 1140 1436 omnihus

463 1462 567 1498 codd.
598 1470 632 1494 et
655 1459 737 1493 edd.
762 1466 847 1492 vett.
873 1458 928 1490 Sic
946 1457 1009 1489 lib.
1030 1457 1140 1497 VIII,

464 1517 572 1563 epigr.
596 1526 643 1548 111
655 1540 665 1554 ‚
678 1512 763 1546 olim
777 1511 957 1556 legebatur
971 1510 1118 1554 perlegat
1130 1535 1139 1550 ,

465 1583 531 1616 pro
556 1568 726 1614 pm‘legat.
746 1587 797 1592 —-
813 1564 988 1608 Proelegat.
1019 1563 1139 1603 Quum

459 1624 555 1657 enim
572 1632 691 1654 versus
708 1616 850 1664 quidam
870 1617 940 1650 sint
962 1616 1114 1649 obscoeni
1130 1641 1138 1659 ‚

457 1688 531 1710 non
559 1674 676 1707 omnia
702 1672 950 1718 epigrammata
972 1670 1138 1714 leguntur

460 1731 495 1764 in
509 1728 640 1762 schola.
652 1724 738 1759 Vid.
751 1725 813 1758 lib.
824 1724 933 1765 VIII,
947 1723 1055 1768 epigr.
1069 1734 1115 1755 111
1128 1748 1136 1763 ‚

456 1796 492 1818 v.
518 1794 572 1815 10.

514 1835 546 1868 3.
567 1835 666 1867 Junt.
696 1831 779 1865 anni
811 1830 903 1864 1512
930 1829 1059 1868 habet,
1082 1829 1140 1861 sed

460 1892 483 1923 ii
502 1887 622 1926 lz‘belli;
644 1886 746 1919 male.

514 1945 546 1975 6.
576 1940 824 1974 Thalassionem.
848 1934 942 1968 Vide
963 1935 1033 1968 Tit.
1057 1934 1134 1968 Liv.

458 1996 520 2029 lib.
538 1995 577 2035 I,
594 2005 669 2038 cap.
685 2004 705 2036 ς)
723 2004 732 2034 ;
756 2009 768 2020 ιι
787 1990 904 2023 Unam
921 1983 981 2032 (ex
998 1988 1136 2021 Sabinis

459 2048 664 2082 mulieribus
681 2041 809 2091 raptis)
827 2043 928 2087 louge
951 2050 1029 2075 aute
1053 2041 1135 2075 alias

459 2102 573 2148 specie
588 2113 626 2133 ac
645 2095 910 2144 pulchritudine
927 2095 1097 2140 insignem
1116 2107 1135 2127 a

458 2156 562 2201 globo
589 2151 760 2186 Thalassii
785 2148 966 2193 cujusdam
997 2156 1134 2194 raptam

461 2210 594 2249 ferunt3
604 2206 792 2249 multisque
801 2202 1055 2235 sciscitantibus
1066 2200 1136 2234 cui-

460 2275 542 2295 nam
573 2272 648 2293 eam
676 2259 810 2291 ferrent
822 2281 831 2297 ,
861 2253 1055 2288 identidem
1089 2267 1134 2287 ne

461 2315 540 2360 quis
565 2313 730 2351 violaret,
753 2308 932 2343 Thalassio
957 2308 1041 2341 ferri
1064 2307 1134 2340 cla-

461 2368 621 2400 mitatum
638 2378 645 2399 ε
666 2363 748 2398 inde
764 2361 959 2408 nuptialem
971 2361 1063 2394 hanc
1076 2374 1135 2394 vo-

460 2433 536 2454 cem
563 2420 699 2453 factam.
721 2435 734 2447 „
755 2415 935 2450 Thalassio
953 2427 1034 2459 ergo
1059 2426 1133 2447 car-

459 2486 540 2506 men
564 2480 637 2506 erat
657 2471 800 2504 solenne
812 2468 978 2502 conviciis
991 2467 1135 2500 Fescen-

459 2526 553 2559 ninis
571 2524 774 2571 joculariter
794 2523 958 2568 plenum,
979 2519 1075 2566 quod
1096 2521 1133 2554 in

460 2579 611 2624 nuptiis,
631 2577 727 2610 omni
741 2589 818 2609 cum
833 2575 1022 2608 verborum
1038 2574 1134 2608 lasci-

459 2634 535 2673 xia,
560 2631 634 2664 cani
660 2630 803 2662 solebat.
833 2629 900 2661 En.
928 2649 980 2653 —
1009 2628 1132 2672 Itaque

460 2687 603 2730 ineptus
627 2681 826 2721 videretur,
852 2681 911 2726 qui
938 2680 1132 2714 Thalassio-

1200 1414 1280 1435 nem
1304 1404 1418 1436 verbis
1444 1404 1601 1438 honestis
1627 1405 1794 1439 celebrari
1817 1409 1872 1453 ju-

1198 1455 1297 1489 beret
1324 1468 1332 1489 :
1362 1455 1486 1490 eodem
1517 1456 1624 1491 modo
1654 1458 1793 1504 ineptus
1823 1469 1875 1494 est

1197 1507 1278 1549 ille,
1308 1510 1367 1555 qui
1393 1510 1469 1543 vult
1499 1511 1745 1556 epigrammata
1767 1513 1873 1547 scribi

1196 1562 1312 1595 verbis
1336 1575 1409 1596 non
1435 1563 1593 1604 lascivis-‚3
1622 1564 1870 1609 epigrammata

1197 1615 1290 1647 enim
1314 1624 1430 1649 amant
1443 1617 1551 1649 verba
1569 1617 1694 1650 lasciva
1707 1644 1716 1659 ‚
1735 1627 1852 1663 aperta
1863 1646 1872 1661 ,

1196 1675 1229 1700 et
1239 1666 1468 1703 dominantia.
1482 1669 1575 1703 Vide
1585 1670 1646 1703 lib.
1658 1670 1730 1703 XII
1740 1698 1748 1713 ‚
1760 1672 1872 1717 epigr.

1194 1732 1289 1763 XL113
1309 1721 1476 1755 Senecam
1498 1723 1534 1755 in
1551 1721 1675 1756 Medea
1689 1749 1697 1764 ‚
1719 1724 1817 1758 chor.
1833 1726 1871 1767 I,

1194 1785 1283 1807 vers.
1300 1773 1368 1816 583
1392 1776 1569 1809 Catullum
1586 1776 1624 1809 in
1644 1777 1869 1822 epithalamio

1196 1826 1338 1868 Manlii,
1357 1837 1421 1861 etc.

1249 1892 1283 1924 7.
1299 1880 1375 1913 Non
1396 1882 1427 1913 T
1426 1882 1621 1916 halassionis.
1635 1882 1669 1916 N
1671 1895 1716 1915 on
1729 1883 1871 1917 Thalas-

1194 1932 1285 1965 sioni
1305 1934 1608 1968 convenientibus.

1249 1987 1283 2020 8.
1303 1987 1382 2031 Quis
1391 1988 1554 2028 Floralia,
1575 1996 1641 2021 etc.
1660 1987 1695 2020 Si
1713 1988 1791 2034 quis
1808 2001 1870 2035 po-

1192 2047 1265 2072 scat
1281 2065 1290 2082 ‚
1311 2047 1351 2072 ut
1371 2040 1408 2072 in
1429 2040 1623 2074 Floralibus
1642 2037 1711 2080 (de
1741 2042 1868 2088 quibus

1192 2104 1295 2136 supra
1308 2117 1316 2132 ‚
1339 2093 1448 2138 epigr.
1467 2091 1535 2134 111)
1552 2107 1623 2127 non
1644 2093 1747 2128 nudae
1767 2104 1868 2141 agant

1191 2145 1422 2179 meretricula:
1430 2159 1438 2187 ;
1447 2147 1473 2179 si
1489 2146 1565 2192 quis
1575 2147 1611 2181 in
1621 2148 1745 2193 togatis
1753 2160 1867 2182 mere-

1191 2198 1339 2231 tricibus
1362 2200 1516 2245 requirat
1539 2199 1713 2245 pudorem
1736 2209 1865 2234 matro-

1190 2263 1316 2284 narum
1329 2277 1337 2293 ‚
1356 2265 1503 2298 quarum
1520 2253 1665 2299 propria
1687 2262 1738 2287 est
1752 2254 1837 2288 stola
1855 2267 1865 2296 ;

1192 2313 1251 2337 aut
1264 2305 1292 2338 si
1308 2305 1385 2350 quis
1398 2306 1483 2339 stola
1499 2307 1683 2339 matronali
1698 2307 1765 2351 tegi
1780 2307 1865 2340 velit

1191 2358 1389 2391 meretrices
1403 2372 1412 2401 ;
1429 2358 1602 2392 desideret
1619 2358 1713 2392 idem
1732 2360 1768 2392 in
1788 2360 1864 2405 epi-

1191 2411 1389 2456 grammatis
1407 2411 1670 2454 verecundiam,
1689 2411 1785 2458 quod
1800 2413 1866 2446 uti-

1191 2476 1258 2509 que
1284 2463 1474 2498 absurdum
1495 2477 1592 2511 aeque
1613 2465 1690 2498 erit.
1712 2480 1764 2487 —·
1788 2465 1864 2498 Sto-

1192 2518 1288 2549 latum
1307 2518 1469 2562 pudorem.
1495 2517 1539 2551 Id
1561 2526 1612 2551 est
1633 2518 1754 2551 stolam
1767 2543 1777 2559 ‚
1796 2531 1862 2564 pu-

1190 2569 1285 2603 doris
1304 2570 1473 2611 indicem,
1494 2583 1570 2617 quae
1585 2571 1689 2604 vestis
1705 2579 1777 2604 erat
1795 2583 1863 2604 ma-

1189 2633 1395 2664 tronarum,
1423 2632 1456 2657 et
1484 2636 1550 2669 qua
1579 2624 1628 2658 uti
1656 2624 1862 2659 vetabantur

1190 2676 1399 2710 meretrices.
