2061 3288
435 249 586 276 vallI
675 233 1142 277 DISSERTATIO
1182 236 1271 277 DE
1310 234 1619 282 INGENIO

435 321 592 381 quibus
627 320 752 364 decet
799 322 1054 382 scriptorem
1093 323 1228 366 iratus
1274 322 1441 380 vultus,
1482 326 1675 371 minaces
1713 329 1849 387 oculi,

434 401 560 435 torva
598 390 718 435 frons
759 402 801 436 et
841 393 884 435 in
919 408 1051 435 manu
1082 392 1301 454 flagellum
1336 395 1655 441 immisericors.
1690 400 1746 443 At
1776 403 1850 461 qui

433 463 747 523 epigrammata
774 462 904 517 ludit,
931 479 1035 506 num
1067 480 1166 506 eum
1198 480 1373 509 necesse
1397 468 1583 511 Zenonis
1609 479 1684 513 aut
1709 471 1846 515 Cato-

433 535 500 577 nis
521 534 655 577 instar
673 533 998 577 dominantibus
1017 533 1107 594 jam
1129 535 1242 579 vitiis
1262 535 1433 580 hostem
1457 554 1570 593 sese,
1592 537 1692 583 hui!
1713 557 1848 601 quan-

433 603 573 649 tulum
595 601 787 648 hostem!
820 621 1071 665 opponere,
1097 615 1139 649 et
1168 621 1218 649 ea
1244 607 1287 649 in
1319 607 1512 652 naeniolis
1537 611 1846 656 commendare

430 692 526 736 quae
559 674 812 719 Aristoteles
842 676 884 718 in
915 675 1104 730 Ethicis‚
1135 693 1229 737 quae
1266 677 1309 720 in
1347 678 1600 723 Enchiridio
1636 682 1846 727 Arrianus

430 745 657 808 praecipit?
685 749 782 790 Hoc
814 746 946 790 habet
972 747 1112 791 satirae
1137 748 1431 808 epigramma,
1463 766 1657 811 pungere
1697 761 1739 795 et
1774 768 1844 796 ca-

428 817 593 873 villari;
619 827 662 860 at
696 834 784 861 non
820 833 1006 879 semper,
1035 835 1175 878 neque
1207 818 1278 862 illa
1304 820 1579 880 potissimum
1607 838 1702 882 quae
1736 824 1844 866 invi-

428 889 497 932 dia
529 889 665 949 magis
697 888 826 950 digna
858 899 981 938 sunt,
1013 905 1153 949 neque
1181 891 1356 942 acriter,

637 1012 736 1046 Ense
761 1010 865 1045 velut
886 1010 1037 1046 stricto.
1056 1038 1063 1044 .
1083 1038 1088 1043 .
1109 1039 1115 1043 .
1144 1010 1312 1046 Lucilius
1332 1010 1469 1047 ardens
1482 1040 1491 1057 ‚

640 1074 832 1117 Infrcmit3
855 1083 861 1096 ¹

427 1199 495 1243 ille
532 1199 766 1260 scalptorio
805 1198 934 1254 eaelo,
967 1215 1071 1253 acu,
1106 1197 1173 1241 vel
1200 1199 1234 1241 si
1271 1199 1375 1259 quid
1406 1215 1487 1244 acu
1530 1199 1691 1255 levius,
1728 1219 1837 1263 pun·

426 1272 526 1315 etim
560 1270 669 1314 ferit.
702 1272 824 1331 Saepe
855 1279 1065 1331 praeterea
1095 1270 1513 1330 Epigraxmnatarius
1545 1272 1726 1316 minime
1757 1290 1836 1317 cu-

425 1343 488 1403 pit
509 1340 665 1385 vulnus
688 1340 872 1396 inferre,
892 1351 935 1384 et
957 1340 1251 1384 delectaturus
1277 1341 1474 1384 innocuis
1493 1341 1606 1401 jocis
1632 1344 1835 1398 otiantes,

424 1415 547 1474 piper
571 1429 701 1456 omne
732 1422 774 1455 et
800 1411 860 1455 sal
888 1413 977 1472 ipse
1004 1421 1200 1465 amovet,
1224 1412 1367 1471 virgas
1397 1411 1580 1472 frangit,
1610 1414 1835 1474 cuspidem

423 1484 614 1527 hebetat.
646 1481 760 1526 Talis
791 1499 904 1543 saepe
938 1483 1120 1535 Noster;
1150 1492 1193 1525 at
1220 1483 1327 1524 iram
1355 1499 1505 1525 rursus
1537 1485 1834 1544 concepisset,

421 1556 540 1615 quis,
567 1554 744 1608 amabo,
777 1553 945 1597 tulisset
977 1554 1229 1614 gravissime
1251 1569 1350 1596 eum
1377 1552 1560 1596 disticha
1592 1564 1667 1598 aut
1702 1564 1832 1599 tetra-

419 1626 584 1679 sticha,
619 1625 758 1669 ethica
790 1634 866 1668 aut
891 1624 1220 1685 metliaphysica
1249 1623 1498 1676 effundere,
1530 1634 1659 1685 atque
1690 1642 1833 1670 emen-

419 1696 585 1740 dandos
612 1698 726 1739 cives
748 1706 791 1739 ct
810 1699 1019 1740 Astraeam
1052 1711 1323 1739 reversuram
1351 1695 1578 1738 somniare.
1605 1697 1831 1742 Somniare

418 1784 499 1828 ego
521 1767 634 1822 dixi3
657 1768 737 1811 etsi
760 1767 873 1810 enim
893 1768 935 1810 in
956 1767 1040 1810 hoc
1058 1783 1138 1827 pro
1161 1764 1271 1810 mili
1287 1774 1410 1826 parte
1428 1765 1699 1820 desudasset,
1720 1768 1763 1809 in
1782 1769 1830 1811 ir-

416 1840 499 1883 rito
520 1839 660 1882 omnis
685 1837 809 1882 labor
831 1837 996 1882 effusus
1017 1836 1140 1881 foret.
1160 1839 1225 1881 Eo
1245 1837 1450 1879 nimirum
1478 1835 1681 1892 licentiae,
1704 1854 1827 1898 spur—

416 1910 549 1965 citiae‚
579 1910 767 1953 infamiae
792 1908 1029 1969 degeneres
1063 1908 1212 1969 populi
1243 1907 1476 1967 aliquando
1507 1924 1585 1967 per
1612 1907 1825 1953 luxuriam

414 1981 674 2035 deveniunt,
693 1991 742 2024 ut
762 1997 851 2024 non
867 1980 956 2039 jam
986 1996 1063 2041 per
1091 1977 1317 2023 intervalla
1347 1994 1397 2022 ac
1428 1979 1692 2038 spiramenta
1718 1988 1824 2023 tem-

416 2070 570 2112 porum
596 2052 799 2113 pudenda
821 2050 1018 2112 quaedam
1035 2051 1269 2111 adspicias,
1292 2048 1365 2092 sed
1380 2065 1530 2092 omnes
1548 2065 1626 2109 per
1649 2066 1824 2094 omnem

414 2125 545 2167 vitam
574 2125 618 2166 in
648 2123 769 2167 nefas
797 2138 927 2166 omne
950 2131 1099 2175 ruant,
1124 2122 1245 2181 quasi
1271 2120 1323 2163 de
1350 2120 1606 2163 meretriciae
1635 2121 1824 2165 scicntiae

412 2197 589 2256 praemio
623 2194 801 2239 sceleste
827 2193 1136 2253 disputaretur.
1153 2193 1263 2249 Quis
1289 2200 1432 2234 autem
1451 2201 1595 2251 pater
1622 2191 1818 2246 arbilam,

410 2269 543 2310 immo
573 2267 668 2326 quis
695 2282 717 2309 e
748 2262 853 2309 caelo
883 2263 1084 2324 delapsus
1113 2264 1258 2316 Deus,
1284 2272 1388 2305 tunc
1418 2262 1639 2322 cupidita&
1662 2278 1822 2322 praece

408 2339 629 2381 elementa
653 2334 925 2380 erasurus²9
943 2333 1329 2391 Quemadmodum
1355 2332 1549 2376 humano
1572 2333 1613 2375 in
1637 2349 1820 2393 corpore

409 2410 443 2452 si
472 2418 547 2452 aut
572 2423 840 2451 venenorum
868 2416 960 2450 ater
997 2406 1177 2457 humor,
1203 2414 1278 2448 aut
1310 2419 1438 2464 quam
1468 2403 1710 2464 γαγγραίναν
1743 2420 1817 2446 vo—

408 2489 522 2533 cant,
550 2488 778 2539 postquam
809 2476 1000 2538 singulos
1025 2486 1144 2520 artus
1171 2474 1377 2535 populata
1404 2483 1493 2527 est,
1519 2472 1645 2516 altior
1664 2473 1752 2532 jam
1775 2475 1817 2517 in

466 2632 495 2651 1.
517 2618 571 2651 Sic
594 2618 664 2650 fere
681 2617 839 2649 Juvenal.
859 2616 927 2648 Sat.
948 2616 978 2653 Ι,
1000 2628 1047 2648 VS.
1075 2616 1155 2648 1155.

462 2686 492 2704 z.
511 2671 631 2703 Horat.
651 2670 709 2702 lib.
728 2670 799 2709 ΙΙΙ,
814 2667 882 2701 Od.
902 2681 995 2707 xxxv,
1018 2670 1072 2700 51.
