2061 3288
421 240 1011 294 EP1GRAMMATUM
1050 240 1174 282 Lm.
1216 241 1313 282 Ill.

304 331 584 391 Opimianum
614 328 885 372 morionibus
910 337 1060 371 nectar

303 399 657 461 Crystallinisque
688 399 1008 459 myrrhiuisque
1033 399 1250 459 propinat.

302 473 358 514 Et
384 471 626 515 Cosmianis
658 472 749 532 ipsc.
780 469 899 513 fusus
928 467 1153 530 ampullis,

302 543 402 585 Non
432 541 649 585 erubescit
678 542 842 584 murice
868 556 1000 583 aureo
1027 539 1154 583 nobis

301 612 509 655 Dividere
535 612 717 656 moechae
744 611 946 672 pauperis
978 609 1192 671 capillare.

301 684 521 743 Septunce
546 682 685 726 multo
711 681 866 725 deinde
889 681 1083 742 perditus
1112 682 1253 725 stertit
1275 698 1283 723 :

298 754 392 797 Nos
420 753 708 807 accubamus,
735 762 801 807 et,
824 751 1042 795 silentium
1065 751 1240 795 ronchis
1546 775 1577 797 ἶ.»

160 880 384 914 Massilitanis.
409 879 450 912 ld
480 889 554 921 est,
584 880 664 913 vina
689 879 838 913 Massili-

163 942 240 966 tana
275 934 372 966 fumo
403 941 573 966 maturata
590 946 598 973 ;
632 933 712 966 vina
745 933 837 965 enim

160 986 334 1031 asperiora
349 987 446 1019 fumo
466 987 748 1026 maturabamur‚
765 986 838 1018 Ho-

160 1047 225 1071 rat.
258 1039 317 1072 lib.
352 1040 426 1080 llI,
455 1039 514 1072 od.
547 1042 591 1073 8:
620 1057 631 1068 u
650 1039 839 1084 Amphorae

162 1091 297 1124 fumum
327 1092 448 1124 bibere
482 1093 650 1125 institutae
686 1092 839 1125 Consule

160 1145 276 1178 Tullo.
294 1162 307 1173 n
327 1145 519 1178 Columella
535 1172 543 1186 ‚
563 1146 623 1177 lib.
642 1146 657 1177 I
670 1170 679 1186 ‚
699 1158 774 1190 cap.
789 1147 808 1177 6
830 1158 836 1177 :

167 1215 178 1225 n
208 1197 399 1242 Apothecae
435 1206 527 1231 recte
557 1207 840 1243 superponentur

161 1250 214 1283 his
243 1251 348 1290 locis;
379 1250 462 1283 inde
489 1251 698 1296 plerumque
725 1251 840 1283 fumus

161 1315 280 1336 carum
301 1305 473 1344 exoritur,
493 1304 660 1348 quoniam
683 1304 762 1336 vina
784 1316 839 1337 ce-

162 1356 269 1388 lerius
285 1365 521 1389 vetustescunt
533 1383 541 1397 ‚
559 1369 634 1401 quae
648 1357 735 1389 fumi
753 1369 840 1401 quo-

161 1407 241 1440 dam
259 1418 381 1442 tenore
398 1421 587 1453 prsccocem
605 1411 840 1442 maturitatem

162 1462 317 1495 trahunt.
344 1480 357 1491 »
389 1461 497 1502 Quod
529 1462 839 1495 insaluberrimum

161 1527 233 1547 esse
250 1523 393 1548 testatur
410 1514 502 1548 Plin.
516 1515 576 1548 lib.
592 1516 717 1548 XXIII
732 1540 742 1556 ,
765 1527 839 1560 cap.

169 1579 199 1601 Ι.
216 1567 300 1600 Vid.
321 1568 425 1601 lib.X
443 1595 450 1608 ‚
473 1568 582 1613 epigr.
602 1581 707 1601 xxxv1
723 1595 731 1609 ,
751 1581 784 1601 v,
805 1581 842 1608 13

163 1621 223 1654 lil).
246 1621 335 1660 ΧΠ,
358 1621 467 1666 epigr.
491 1633 635 1662 Lxxnv,
656 1634 687 1654 v,
718 1633 783 1662 11;
809 1630 843 1655 et

163 1673 222 1705 lib.
242 1674 348 1713 XIH,
371 1675 478 1718 epigr.
499 1686 628 1707 cxxut.

220 1730 278 1765 ),4.
300 1726 514 1771 Opimianum.
532 1726 614 1759 Vid.
636 1726 695 1758 lib.
717 1727 733 1758 I
746 1751 755 1767 ,
773 1727 844 1771 epi-

163 1791 307 1822 gramm.
338 1791 435 1811 xxvn
451 1805 459 1819 ,
486 1793 518 1811 v.
555 1792 597 1823 73
632 1787 666 1812 et
698 1779 758 1812 lib.
787 1780 844 1822 II,

164 1831 273 1876 epigr.
293 1845 354 1871 aL,
378 1845 410 1864 v.
435 1833 467 1864 5.

221 1886 279 1918 25.
332 1885 594 1930 Caystallitzisque
643 1887 845 1931 myrtinisque

163 1936 331 1970 mendose
354 1938 391 1970 iu
416 1937 625 1971 Beverlaudi
655 1938 729 1970 MS.
749 1938 843 1970 Illur—

170 1991 308 2036 rlzeisquu
323 1991 469 2023 Juntina
487 1999 604 2024 nostra
622 1990 657 2022 in
677 1990 844 2036 margine.

166 2043 355 2089 Ᾱζγινῆἱηα,
393 2044 534 2076 murt-lieu
548 2071 556 2083 ‚
586 2057 706 2076 mimz-ea
723 2067 733 2083 ,
765 2057 846 2090 myr-

168 2097 239 2127 rhea
256 2123 264 2135 ,
287 2096 358 2129 sive
373 2109 450 2129 vasa
468 2123 476 2137 ,
502 2099 573 2129 sive
592 2097 735 2142 pocula.
757 2097 845 2138 Qui-

166 2148 314 2181 busdam
344 2150 471 2194 myrrha
502 2148 641 2183 videtur
667 2162 739 2183 esse
767 2163 844 2195 cry-

168 2202 327 2240 stallum,
346 2215 363 2234 a
381 2214 450 2247 quo
469 2210 584 2235 tamen
600 2203 634 2235 h.
659 2203 682 2236 l.
703 2211 736 2235 et
754 2202 847 2248 apud

168 2255 260 2287 Ptin.
274 2255 468 2293 XXXVII,
487 2269 502 2287 2
516 2282 524 2296 ,
536 2256 662 2288 Juven.
674 2257 746 2294 Vl,
764 2257 846 2296 155,

173 2309 244 2340 15ίί
261 2334 269 2347 ,
299 2315 332 2340 et
357 2307 476 2340 Senec.
502 2308 603 2353 epist.
633 2309 695 2341 ult.
723 2307 847 2341 distin-

168 2361 309 2403 guitur;
326 2360 399 2392 aliis
410 2361 607 2406 porcella-na
621 2360 756 2401 Si11ica3
774 2363 848 2394 aliis

168 2425 265 2458 onyx
278 2438 287 2452 ,
306 2426 436 2457 spemes
451 2426 651 2453 marmoris,
668 2426 740 2446 non
757 2427 849 2459 gem-

170 2478 245 2499 mae.
262 2465 346 2497 Vid.
364 2466 520 2511 Interpp.
538 2466 580 2499 ad
599 2467 756 2512 Propert.
771 2469 824 2500 III
838 2495 847 2509 ,

175 2530 217 2550 10
232 2544 241 2558 ,
265 2520 420 2559 2231V,
440 2520 474 2558 5,
493 2521 557 2559 263
580 2519 704 2552 Senec.
725 2520 847 2554 Benef.

170 2571 242 2603 ΥΠ
256 2597 264 2611 ,
281 2585 299 2613 ς)
311 2597 320 2611 ,
341 2580 373 2603 et
385 2572 487 2616 epist.
505 2572 566 2605 ult.
584 2572 743 2605 Juvenal.
760 2574 848 2614 VII,

175 2636 186 2655 1
201 2624 245 2656 33
261 2650 269 2663 ,
284 2624 352 2656 etl.
376 2637 405 2657 c.
425 2624 518 2658 Plin.
538 2625 559 2656 l.
581 2637 612 2657 c.
633 2633 666 2657 et
691 2625 849 2666 XXVII,

174 2688 190 2706 2
209 2689 216 2715 ;
240 2676 428 2717 XXXVII,
451 2690 463 2710 1
475 2689 513 2718 23
531 2677 672 2711 Suetou.
688 2680 774 2722 Aug.
789 2692 806 2723 7
819 2692 849 2719 1;

901 880 987 912 Stat.
1015 879 1128 912 Theb.
1153 880 1187 920 I,
1220 878 1301 913 330.
1326 877 1425 911 Adde
1441 879 1580 913 Ernesti

900 933 1074 965 Archaeol.
1095 933 1203 966 Liter.
1219 933 1256 965 P.
1274 933 1290 964 I
1307 958 1314 972 ,
1335 944 1364 965 c.
1388 933 1406 965 3
1420 960 1429 974 ,
1448 929 1466 971 ὃ
1485 946 1503 978 7
1522 944 1577 975 ;et

900 986 1041 1019 Salmas.
1063 985 1214 1018 Exercit.
1238 985 1330 1018 Plin.
1352 998 1388 1031 p.
1410 987 1580 1020 1063.—

901 1039 1166 1085 Crystallinisque
1212 1039 1439 1084 ιηγνιἸεὶΙῑῐΜμισ
1459 1065 1467 1079 ,
1513 1049 1577 1073 etc.

898 1092 1058 1133 Poculis,
1087 1093 1147 1124 lib.
1179 1092 1284 1132 XIII,
1313 1091 1423 1137 epigr.
1454 1105 1511 1125 cxl
1546 1102 1579 1126 et

899 1157 1001 1178 exul.

955 1200 1011 1231 26.
1034 1199 1075 1230 In
1094 1197 1301 1230 Beverlandi
1319 1198 1392 1231 MS.
1405 1199 1580 1240 ficu-is·—

901 1250 1090 1284 Cosmianis.
1113 1251 1260 1284 Cosmus
1284 1251 1343 1284 ille
1371 1252 1554 1297 myropola
1570 1278 1579 1293 ‚

899 1302 942 1336 de
960 1317 1031 1348 quo
1054 1306 1123 1348 jam
1146 1304 1254 1336 multa
1281 1304 1414 1336 mentio
1436 1304 1580 1346 incidit,

899 1357 1069 1401 ampullas
1091 1355 1259 1402 quasdam
1288 1357 1470 1390 invenerat
1498 1371 1577 1391 ven-

900 1408 1084 1455 debatque,
1099 1422 1175 1455 quae
1188 1412 1260 1455 ejus
1271 1411 1414 1443 nomine
1429 1410 1580 1444 Cosmia-

899 1475 952 1495 nae
981 1463 1223 1503 vocabantur,
1253 1471 1292 1496 ut
1319 1472 1414 1508 patet
1449 1477 1487 1496 ex
1519 1465 1578 1497 lib.

900 1516 989 1548 XIV
1028 1516 1138 1561 epigr.
1170 1529 1221 1549 cx.
1255 1517 1442 1561 Unguenta
1477 1518 1511 1549 in
1540 1518 1582 1550 iis

900 1577 1034 1602 servata
1047 1594 1055 1608 ,
1070 1578 1104 1602 et
1123 1582 1198 1613 quse
1211 1569 1400 1614 aliquando
1414 1571 1580 1603 bibeban-

901 1630 958 1654 tur
978 1619 1072 1661 (vid.
1094 1621 1184 1654 idem
1209 1621 1353 1668 epigr.),
1374 1624 1581 1657 exhauserat

900 1675 937 1708 in
949 1688 983 1708 se
1000 1674 1163 1720 ungendo
1175 1676 1300 1710 Zoilus.
1315 1677 1382 1710 Ei).
1399 1698 1451 1702 —--
1466 1677 1580 1710 Fusus.

900 1728 1087 1768 Perfusus,
1111 1727 1301 1762 delibutus.
1329 1751 1380 1755 —
1408 1730 1580 1775 Ampullis.

900 1781 1084 1826 Ampulla,
1108 1782 1258 1814 vitreum
1283 1794 1341 1815 vas
1363 1782 1555 1815 rotundum
1573 1796 1579 1816 :

902 1833 961 1866 sed
981 1834 1038 1866 hic
1061 1834 1191 1878 largam
1218 1835 1333 1868 innuit
1361 1836 1497 1881 copiam
1519 1849 1581 1869 un-

902 1886 1021 1931 guenti
1038 1899 1055 1918 a
1069 1886 1167 1919 Zoilo
1186 1886 1355 1928 adhibiti,
1376 1887 1461 1920 dum
1478 1901 1583 1934 parce

903 1947 1024 1972 contra
1043 1939 1197 1971 convivis
1219 1939 1317 1973 claret
1334 1941 1403 1974 vile
1424 1954 1583 1986 unguen·

904 2001 1000 2032 tum,
1025 1992 1115 2025 sicut
1143 1993 1223 2026 satis
1243 2001 1388 2038 apparet
1408 2006 1450 2027 ex
1479 2007 1581 2028 versu

904 2046 1078 2090 sequenti.
1098 2046 1164 2078 En.

961 2111 1020 2142 27.
1046 2099 1168 2131 Mam-e
1198 2112 1303 2132 αιινιό.
1329 2099 1445 2133 Illures
1472 2114 1584 2134 oureus

905 2152 1038 2184 concha
1055 2159 1128 2184 erat
1146 2153 1200 2184 vel
1216 2160 1331 2185 aurata
1343 2178 1351 2192 ,
1368 2154 1421 2186 vel
1439 2166 1480 2186 ex
1497 2167 1583 2187 auro

906 2205 995 2237 facta
1006 2231 1014 2244 ,
1031 2217 1098 2250 qua
1115 2214 1335 2250 unguentum
1349 2218 1452 2250 parce
1468 2220 1583 2240 sume-

905 2258 1021 2291 batur.
1045 2258 1166 2291 Horat.
1185 2259 1240 2298 II,
1266 2258 1324 2291 od.
1351 2272 1370 2303 7
1392 2271 1399 2292 :
1429 2277 1442 2289 «
1462 2260 1585 2293 Funde

906 2311 1088 2355 capacibus
1111 2312 1301 2355 Unguenta
1328 2311 1371 2344 de
1393 2314 1546 2348 conchis.
1567 2332 1580 2343 υ

966 2364 1023 2396 28.
1042 2364 1083 2396 In
1107 2363 1313 2396 Beverlandi
1337 2365 1412 2398 MS.
1440 2368 1584 2412 capitale.

908 2437 957 2442 -
982 2416 1152 2460 Capillare.
1175 2417 1404 2462 Unguentum
1419 2418 1463 2452 ad
1480 2421 1588 2466 capit»

909 2469 959 2502 los
982 2468 1163 2514 ungendos
1178 2496 1186 2510 ‚
1203 2470 1296 2514 quali
1320 2472 1511 2506 utebantur
1532 2475 1587 2506 vel

909 2522 1142 2567 pauperrimae
1160 2523 1313 2556 moechae.

967 2588 1024 2618 τις).
1051 2575 1204 2619 Septunce
1227 2577 1345 2617 mullo,
1377 2586 1442 2611 etc.
1467 2579 1588 2612 Multis

911 2628 1044 2671 cyathis
1074 2637 1206 2673 septem
1235 2630 1373 2662 sextarii
1395 2640 1510 2676 partes
1535 2645 1589 2664 ca-

913 2681 1099 2724 pientibus.
1117 2703 1168 2707 —
1189 2682 1347 2715 PeJ-dzms.
1372 2684 1548 2728 Sepultus.
