2061 3288
449 201 548 257 [416
834 206 893 247 M.
921 207 1059 250 VAL.
1101 208 1487 252 MARTIALIS

970 358 1341 416 XXXVIII.

997 515 1061 542 AD
1094 496 1324 544 GALLAM.*

525 639 716 694 GALLA,
739 655 850 700 nega
876 657 882 681 :
913 640 1092 684 satiatur
1117 657 1259 697 amor,
1286 642 1365 685 nisi
1390 642 1546 702 gaudia
1570 652 1794 704 torquent:

596 709 680 753 Sed
708 709 796 754 noli
820 711 1000 754 nimium
1016 746 1026 764 ,
1051 710 1200 766 Galla,
1227 729 1386 773 negare
1408 712 1493 756 diu.

511 860 526 874 '¹
547 864 671 897 Monet
687 864 839 903 Gallam,
863 872 901 897 ut
917 863 1133 910 aliquamdiu

459 926 580 964 neget,
607 930 651 950 ne
682 917 816 951 scilicet
838 917 986 951 satietur
1011 930 1109 951 amor
1125 944 1134 960 ,

460 984 531 1004 non
564 978 679 1004 tamen
716 979 902 1016 perneget,
936 983 981 1004 ne
1014 970 1135 1005 odium

459 1025 581 1069 pariat.
612 1024 707 1057 Lena
739 1022 912 1056 Ovidiana
929 1049 938 1065 ‚
965 1024 1050 1069 eleg.
1083 1026 1103 1059 8
1125 1051 1135 1067 ,

458 1078 519 1110 lib.
537 1079 656 1110 Amor.
669 1077 705 1109 I:
730 1093 742 1106 α
765 1076 863 1122 Saepe
879 1089 966 1122 nega
979 1085 1136 1119 noctem,

461 1139 525 1164 etc.
558 1131 640 1163 Mox
674 1130 815 1176 recipe,
846 1138 885 1163 ut
912 1130 1051 1164 nullum
1074 1143 1135 1176 pa-

460 1182 569 1217 tiendi
608 1184 746 1227 colligat
777 1195 901 1225 usum;
925 1201 937 1213 »
975 1192 1009 1216 et
1041 1182 1136 1217 idem

462 1245 565 1283 poeta
582 1261 592 1277 ,
612 1237 664 1269 III
686 1236 730 1269 (le
752 1237 836 1269 Arte
855 1249 862 1270 :
888 1254 901 1265 «
921 1237 1043 1270 Dulcia
1065 1250 1136 1270 non

459 1290 622 1330 ferimus,
633 1302 734 1324 succo
748 1302 960 1324 renovamur
973 1303 1091 1324 amaro
1106 1304 1135 1331 »3

1194 865 1276 898 vide
1293 874 1327 899 et
1346 866 1491 899 Ausonii
1511 866 1620 912 epigr.
1636 879 1797 909 xxxvnt,
1816 876 1866 901 at-

1194 930 1263 965 que
1274 919 1495 965 Anthologiae
1511 920 1573 953 lib.
1584 921 1655 953 VII
1664 946 1674 962 ‚
1695 921 1866 966 epigram-

1198 984 1252 1005 ma
1271 974 1456 1018 Κιγχλίζεις
1472 998 1482 1014 ,
1500 981 1568 1006 etc.

1249 1044 1299 1050 —
1309 1025 1351 1058 In
1364 1025 1467 1071 hujus
1482 1025 1737 1071 epigrammatis
1752 1026 1870 1060 lectio-

1195 1091 1240 1111 ne
1263 1078 1362 1111 nulla
1384 1087 1435 1112 est
1457 1079 1604 1112 varietas
1624 1079 1661 1112 in
1681 1079 1780 1113 libris
1804 1079 1869 1112 im-

1198 1131 1342 1177 pressis,
1366 1140 1425 1165 aut
1446 1132 1596 1177 scriptis.

1254 1197 1285 1218 1.
1312 1184 1434 1225 Galla,
1464 1198 1557 1228 nega.
1580 1184 1745 1230 Ejusdem
1771 1198 1870 1230 argu-

1196 1237 1306 1272 menti
1334 1246 1383 1271 est
1411 1238 1473 1271 lib.
1500 1238 1538 1279 I,
1563 1237 1670 1284 epigr.
1702 1250 1815 1279 Lvn1,
1837 1246 1871 1271 et

1198 1291 1309 1336 epigr.
1330 1303 1448 1325 Lxxxn
1468 1291 1571 1324 infra.

1004 1430 1324 1485 XXXIX.

934 1588 999 1615 AD
1051 1566 1408 1615 CHAR1N11M.*

679 1716 707 1757 A
718 1729 888 1758 RGENTI
921 1730 944 1774 g

949 1730 1055 1756 enus
1081 1729 1210 1756 omne
1241 1714 1527 1773 comparasti,

677 1786 733 1827 Et
764 1783 879 1828 solus
909 1793 1076 1827 veteres
1104 1784 1301 1844 Myronis
1324 1793 1436 1827 artes
1453 1820 1463 1837 ,

678 1854 803 1898 Solus
826 1853 1049 1898 Praxitelis
1078 1870 1232 1898 manus
1250 1890 1261 1910 ,
1282 1855 1542 1915 Scopaeque,
1566 1913 1569 1917 Ι

523 1997 536 2010 '¹
559 2000 751 2034 Charinum
775 1998 936 2033 eumdem
956 2001 1054 2043 cujus
1075 2001 1145 2044 jum

470 2055 706 2101 impuritatem
730 2053 864 2086 notavit
893 2053 952 2085 lib.
974 2054 990 2084 I
1004 2077 1013 2093 ,
1036 2052 1144 2097 epigr.

471 2119 608 2141 Lxxvnt
625 2133 633 2148 ,
659 2105 783 2140 eodem
807 2106 896 2139 vitio
922 2105 1049 2139 tectius
1076 2105 1144 2138 hoc

471 2162 717 2206 epigrammate
728 2168 836 2200 taxat,
851 2157 975 2191 ludens
987 2159 1022 2191 in
1035 2158 1145 2190 verbo

471 2223 634 2259 argentam
667 2226 782 2257 purum
802 2239 811 2251 ‚
849 2211 946 2257 quod
976 2211 1146 2256 significat

472 2268 575 2301 simul
594 2274 756 2311 argentum
770 2278 832 2298 non
849 2266 992 2297 caelatum
1009 2291 1018 2305 ,
1041 2273 1074 2297 et
1092 2277 1145 2295 ω·-

469 2329 597 2364 gentum
615 2333 677 2352 non
696 2321 950 2351 contaminatum.
973 2318 1040 2350 ΕΒ.

529 2386 559 2406 1.
574 2374 724 2417 Argenti.
747 2372 891 2417 Argenti
906 2371 986 2404 facti
999 2396 1007 2411 ,
1027 2369 1061 2403 id
1077 2378 1146 2410 est,

472 2435 714 2471 argenteorum
733 2437 904 2459 vasorum.
920 2423 975 2457 Sic
988 2424 1050 2456 lib.
1064 2423 1147 2463 VII,

471 2480 582 2524 epigr.
616 2491 741 2511 Lxxxw
756 2504 765 2517 ‚
792 2491 841 2511 vs.
875 2490 920 2522 73
944 2477 1006 2510 lib.
1029 2476 1117 2508 VIII
1134 2499 1145 2515 ‚

473 2532 580 2577 epigr.
601 2544 681 2564 an
696 2555 703 2567 ,
724 2544 770 2564 vs.
800 2544 829 2564 1.

529 2599 559 2617 2.
581 2586 626 2617 Et
648 2585 730 2616 solus
748 2611 754 2623 ,
778 2593 841 2616 etc.
861 2582 1028 2616 Gloriaris
1042 2589 1074 2614 te
1091 2581 1147 2613 lia-

474 2640 575 2677 bere,
601 2638 651 2670 vel
682 2637 865 2679 diligenter
895 2644 927 2668 et
959 2635 1058 2666 anxie
1082 2634 1143 2666 tibi

1204 1998 1411 2043 comparasti
1440 2009 1516 2031 vasa
1547 1997 1733 2043 archetypa
1761 1999 1878 2031 caelata

1204 2059 1238 2084 et
1256 2051 1431 2084 elaborata
1456 2052 1499 2083 ab
1521 2051 1574 2083 his
1592 2051 1773 2084 nobilibus
1796 2052 1878 2085 arti·

1203 2104 1347 2145 ficibus,
1364 2104 1530 2148 Myrone,
1547 2103 1732 2145 Praxitele,
1752 2112 1817 2137 etc'.
1834 2103 1878 2137 de

1204 2157 1331 2202 quibus
1350 2157 1503 2197 Plinius,
1524 2157 1586 2190 lib.
1609 2157 1779 2198 XXXIV,
1802 2169 1876 2203 cap.

1207 2212 1240 2244 8.
1261 2232 1313 2236 --
1333 2211 1489 2255 [Myronis.
1517 2209 1678 2242 Praeclari
1700 2209 1750 2242 illi
1771 2210 1878 2242 artifi-

1205 2275 1260 2295 ces
1275 2288 1284 2304 ,
1312 2263 1477 2308 operibus
1501 2262 1572 2296 suis
1601 2274 1729 2295 nomen
1751 2262 1880 2296 inscul-

1205 2316 1336 2361 pebaut
1364 2329 1477 2349 suum.
1507 2315 1653 2355 Seneca,
1681 2315 1741 2348 lib.
1770 2316 1806 2354 I,
1836 2314 1880 2348 de

1205 2369 1402 2414 Tranquill.
1423 2369 1502 2402 vitae
1517 2394 1525 2410 ,
1549 2381 1624 2413 cap.
1650 2381 1664 2401 1
1690 2381 1697 2398 z
1725 2385 1738 2397 α
1762 2368 1881 2401 Placet

1206 2422 1366 2455 minister
1384 2422 1536 2454 incultus
1555 2429 1588 2454 et
1605 2419 1702 2453 rudis
1717 2421 1878 2460 vernula,

1206 2483 1386 2519 argentum
1407 2487 1509 2519 grave
1528 2473 1648 2506 rustici
1666 2473 1793 2519 patris,
1807 2473 1880 2505 sine

1207 2528 1278 2560 ullo
1313 2540 1418 2573 opere
1446 2537 1479 2560 et
1506 2526 1649 2560 nomine
1683 2526 1832 2559 artificis.
1863 2544 1874 2553 υ

1207 2581 1342 2614 Ileraltl.

1262 2634 1293 2665 3.
1317 2634 1471 2677 Copwqm:
1488 2630 1691 2665 Beverlandi
1712 2631 1784 2663 MS?

2054 3239 2061 3288 a*
2057 3191 2061 3210 „-
