2061 3288
479 227 1062 273 EPIGRAMMATUM
1099 227 1222 269 LIB.
1263 227 1298 269 Ι.

1501 241 1587 286 117

252 317 433 368 (joenat,
464 317 688 376 propinat,
720 316 881 376 poscit,
912 323 1061 375 negat,
1087 313 1254 369 innuit;
1285 328 1371 356 una
1397 322 1460 356 cst

323 384 472 428 Naevia
499 402 506 428 ε
534 387 567 429 si
597 403 684 429 non
711 387 764 429 sit
793 386 966 439 Naevia,
997 394 1142 428 mutus
1174 384 1270 427 erit.

251 455 467 499 Scriberet
500 456 699 500 hesterna
729 458 841 518 patri
871 472 1004 516 quum
1036 454 1130 499 luce
1159 453 1366 508 salutem3

323 525 470 569 Naevia
501 526 598 582 lux,
625 528 786 587 inquit,
812 527 985 581 Naevia,
1013 525 1181 580 lumen,
1205 540 1299 567 ave.

252 597 355 640 Haec
384 595 510 657 legit,
540 607 583 641 et
607 597 719 641 ridet
744 597 929 641 demisso
954 596 1100 640 Naevia
1125 594 1261 638 vultu,

322 665 471 710 Naevia
499 684 587 712 non
619 684 705 712 una
735 678 800 712 est
823 685 831 711 τ
859 667 989 729 quid,
1007 667 1073 709 vir
1099 666 1265 727 inepte,
1290 663 1424 708 furis?

181 817 260 850 erga
282 806 436 839 Naeviam
456 819 609 841 amorem
631 816 730 853 gestu
749 807 857 853 signi-

180 858 318 892 licabat.

236 911 268 944 3.
302 912 448 946 Juntina
482 921 600 946 nostra
635 913 670 946 in
699 913 857 959 margine

180 964 348 1009 scriptum
365 965 471 999 habet
484 992 492 1007 ‚
510 969 620 999 annuit
631 979 641 999 .·
656 980 718 999 una
734 975 781 1000 est
795 980 807 1000 .·
823 975 857 1000 et

181 1017 269 1050 hauc
289 1030 407 1052 veram
432 1032 503 1052 esse
525 1020 711 1054 lectionem
734 1020 857 1066 quovis

180 1069 325 1115 pignore
344 1071 604 1106 contenderem.

236 1123 269 1156 5.
298 1124 476 1169 Scripserat
495 1125 530 1158 in
554 1125 760 1159 Beverlandi
781 1125 854 1159 MS.

236 1178 268 1209 6.
293 1177 334 1209 In
355 1177 478 1211 eodem
503 1178 577 1212 MS.
606 1192 734 1220 numen,
762 1178 857 1225 quod

181 1228 262 1262 citat
282 1229 384 1263 etiam
401 1230 586 1265 Heraldus.

235 1282 266 1314 8.
282 1282 396 1315 Noevia
410 1297 471 1316 non
490 1297 574 1316 vana
591 1293 636 1316 est
650 1283 857 1317 Beverlandi

180 1334 254 1367 MS.
278 1335 347 1377 ficit
370 1349 435 1381 pro
455 1338 541 1380 furis
571 1337 607 1369 in
639 1336 774 1370 eodem.
806 1359 858 1363 -·-

180 1386 294 1419 Naeeia
315 1401 377 1420 non
399 1402 460 1421 una
483 1398 540 1422 est.
564 1389 670 1423 Ludit
691 1390 725 1423 in
748 1390 857 1422 ambi-

180 1439 311 1483 guitate
334 1442 430 1475 verbi
454 1455 516 1475 una
533 1456 544 1476 :
564 1455 669 1488 supra
690 1443 783 1476 enirn
804 1441 857 1476 di-

916 814 1011 840 xerat
1030 818 1091 838 ιιηα
1107 813 1153 838 est
1168 805 1300 846 Naem'a,
1318 803 1354 838 id
1370 812 1440 845 est,
1459 802 1502 836 de
1520 802 1595 836 Nee·

915 860 971 893 via
1004 859 1076 892 sola
1106 857 1266 904 loquitur
1295 858 1434 898 Rufns;
1464 855 1594 889 deinde

916 913 988 953 ait,
1009 925 1071 945 non
1091 925 1152 944 una
1174 919 1241 951 est,
1266 910 1347 956 quia
1369 910 1499 955 duplex
1522 917 1592 950 est,

915 978 1004 1000 uxor
1022 964 1195 998 duorum.-
1218 964 1367 997 habehat
1389 963 1483 996 enim
1501 961 1595 995 adul-

916 1027 1031 1053 terum
1064 1019 1162 1063 cujus
1198 1025 1232 1050 et
1266 1029 1354 1050 uxor
1391 1015 1594 1057 dicebatur;

915 1085 996 1105 nam
1034 1070 1248 1105 adulterium
1278 1070 1383 1103 unius
1413 1068 1594 1103 matrimo-

915 1125 1012 1158 nium
1042 1124 1254 1163 vocabatur,
1278 1130 1318 1155 ut
1339 1122 1385 1155 ait
1403 1122 1532 1155 Seneca
1550 1119 1594 1153 de

917 1177 1119 1218 Beneficiis,
1134 1177 1194 1209 lib.
1214 1177 1290 1217 III,
1309 1187 1384 1221 cap.
1401 1177 1454 1208 >16
1471 1186 1478 1207 :
1507 1191 1519 1203 α
1535 1175 1595 1206 In-

918 1231 1048 1264 frunita
1061 1238 1095 1263 et
1109 1230 1286 1275 antiquata
1298 1237 1359 1270 est,
1377 1240 1454 1274 quae
1466 1226 1596 1259 nesciat

917 1282 1179 1317 matrimonium
1200 1282 1315 1315 vocari
1335 1281 1439 1314 unius
1461 1279 1595 1312 adulte-

917 1338 1022 1370 rium.
1046 1354 1059 1366 »
1084 1334 1177 1368 Vide
1196 1335 1257 1368 lib.
1277 1335 1353 1375 ΙΙΙ,
1375 1334 1483 1378 epigr.
1504 1344 1591 1366 xcu.

974 1391 1008 1423 8.
1037 1389 1146 1422 Furts.
1181 1388 1288 1429 Quasi
1318 1394 1443 1421 castam
1475 1386 1595 1418 insano

919 1441 1139 1488 prosequeris
1161 1453 1289 1475 amore.
1310 1440 1376 1473 Ει).

783 1579 985 1634 LXX.

664 1722 734 1749 AD
783 1700 1124 1749 MAXIMUM*

395 1847 583 1898 Coemr,
611 1848 826 1899 Maxime,
856 1848 973 1890 Pana
1002 1862 1097 1906 quae
1126 1844 1315 1898 solebat,

391 1918 521 1960 Nunc
553 1916 780 1960 ostendere
805 1918 990 1960 Canium
1006 1952 1017 1970 ,
1039 1917 1266 1959 Terentos.

235 2050 249 2064 ³
271 2054 347 2088 Hoc
371 2055 582 2101 epigramma
604 2056 663 2089 Ad
686 2055 857 2089 iVaximum

184 2107 385 2141 inscribitur
401 2108 437 2141 in
454 2109 553 2142 Junt.
571 2121 662 2141 anno
688 2121 700 2141 1
712 2108 729 2142 5
742 2121 753 2142 1
766 2121 798 2141 2.

240 2174 271 2194 2.
290 2161 384 2194 Nunc
401 2161 560 2194 ostendere
578 2161 722 2194 Canium.
740 2161 812 2194 Pan
826 2168 860 2194 et

184 2213 297 2258 Satyri
327 2213 399 2246 risu
435 2222 608 2259 perpetuo
642 2214 831 2247 lasciviunt
850 2227 857 2246 :

184 2278 293 2310 quum
316 2277 398 2310 ergo
416 2265 591 2300 ridentem
609 2266 757 2300 Canium
773 2267 860 2300 Poe-

183 2326 253 2351 tam
265 2317 424 2352 deridere
439 2319 540 2360 velit,
555 2320 623 2361 ait,
638 2332 708 2352 non
723 2319 861 2353 ostendi

183 2371 332 2416 amplius
348 2380 497 2405 statuam
511 2372 623 2405 Panos
642 2372 678 2404 in
695 2372 861 2413 Terento,

183 2423 329 2458 ridentis
348 2424 472 2458 habitu
492 2424 562 2458 illic
577 2425 783 2465 formatam;
803 2424 864 2458 sed

184 2476 351 2518 Canium,
371 2478 430 2523 qui
452 2490 547 2523 aeque
567 2476 698 2511 rideret
719 2490 755 2511 ac
777 2478 863 2511 Pan.

184 2529 261 2564 Lib.
284 2531 355 2573 III,
372 2530 482 2576 epigr.
501 2543 556 2564 xx.
575 2530 704 2564 Canius
724 2539 796 2564 erat
813 2531 863 2563 fe-

184 2583 291 2616 stivus
304 2592 404 2629 poeta
419 2582 624 2618 Gaditanus.
640 2582 724 2617 Vid.
739 2596 841 2629 snpra
854 2610 863 2625 ‚

187 2635 296 2681 ⁸·pigr.
320 2649 410 2678 an,
430 2651 462 2670 v.
480 2652 515 2681 9.
533 2657 581 2663 -—·
602 2638 763 2671 Tarentus.
781 2637 862 2670 Erat

917 2055 1016 2088 locus
1032 2054 1068 2087 in
1083 2066 1206 2099 campo
1221 2052 1349 2086 Martio
1362 2078 1370 2093 ‚
1387 2052 1430 2086 de
1448 2065 1518 2098 quo
1534 2053 1594 2087 lib.

918 2108 982 2148 IV,
1003 2107 1111 2153 epigr.
1129 2118 1142 2139 1
1155 2132 1164 2148 ,
1178 2119 1211 2139 v.
1232 2110 1248 2139 8
1263 2132 1272 2147 ‚
1289 2114 1322 2139 et
1339 2106 1400 2138 lib.
1416 2106 1448 2138 X
1461 2132 1470 2147 ‚
1485 2106 1596 2151 epigr.

920 2172 1012 2193 Lx111
1025 2185 1034 2201 a
1060 2173 1093 2193 v.
1125 2160 1144 2193 3
1165 2186 1174 2202 ‚
1199 2160 1260 2192 ubi
1289 2171 1345 2192 ara
1371 2159 1597 2192 subterranea

920 2213 1009 2246 Ditis
1024 2221 1056 2246 et
1073 2212 1293 2257 Proserpinae
1306 2238 1314 2254 ‚
1330 2224 1346 2244 a
1361 2211 1526 2245 Romanis
1541 2224 1600 2244 an-

922 2265 1067 2312 tiquitus
1097 2265 1304 2306 constituta,
1335 2272 1368 2297 et
1394 2264 1459 2297 alta
1486 2264 1597 2297 humo

921 2319 969 2351 sic
993 2319 1180 2359 occultata,
1197 2326 1234 2350 ut
1251 2317 1374 2363 paucis
1395 2325 1477 2350 nota
1498 2324 1597 2350 esset.

922 2372 1095 2404 Terentus
1107 2379 1223 2404 autem
1233 2378 1283 2403 est
1296 2370 1487 2415 appellatus
1496 2396 1506 2411 ,
1517 2370 1598 2415 quia

923 2424 1056 2457 terebat
1076 2435 1138 2457 seu
1155 2423 1352 2456 occultabat
1364 2423 1464 2456 istam
1482 2435 1574 2456 aram
1587 2448 1595 2461 ,

923 2477 977 2509 vel
997 2476 1078 2521 quia
1097 2475 1275 2509 Tiberinis
1294 2476 1392 2521 aquis
1405 2501 1414 2517 ‚
1435 2474 1479 2509 ad
1501 2476 1598 2520 cujus·

924 2530 1034 2575 ripam
1053 2537 1143 2568 erat,
1162 2529 1387 2563 atterebatur.
1408 2529 1485 2561 Val.
1505 2529 1596 2561 Max.

924 2583 984 2615 lib.
996 2583 1032 2615 Π
1044 2608 1051 2622 ,
1062 2595 1138 2628 cap.
1158 2586 1191 2622 4.
1201 2583 1252 2615 De
1265 2582 1330 2616 hac
1340 2594 1423 2615 voce
1446 2582 1595 2614 Yet-enlm

925 2637 1082 2681 Rutgcrs.
1101 2635 1160 2668 lib.
1178 2636 1243 2678 IV,
1257 2648 1327 2668 var.
1346 2647 1419 2680 cap.
1440 2647 1490 2667 ιι).

1334 2705 1389 2756 83
