<?xml version="1.0" encoding="UTF-8"?>
<!DOCTYPE html PUBLIC "-//W3C//DTD XHTML 1.0 Transitional//EN"
    "http://www.w3.org/TR/xhtml1/DTD/xhtml1-transitional.dtd">
<html xmlns="http://www.w3.org/1999/xhtml" xml:lang="en" lang="en">
 <head>
  <title>
</title>
<meta http-equiv="Content-Type" content="text/html;charset=utf-8" />
  <meta name='ocr-system' content='tesseract 3.04.00' />
  <meta name='ocr-capabilities' content='ocr_page ocr_carea ocr_par ocr_line ocrx_word'/>
</head>
<body>
  <div class='ocr_page' id='page_1' title='image "./epigrammata01martuoft_0420.png"; bbox 0 0 2061 3288; ppageno 0'>
   <div class='ocr_carea' id='block_1_1' title="bbox 484 238 580 294">
    <p class='ocr_par' dir='ltr' id='par_1_1' title="bbox 484 238 580 294">
     <span class='ocr_line' id='line_1_1' title="bbox 484 238 580 294; baseline 0.01 -11"><span class='ocrx_word' id='word_1_1' title='bbox 484 238 580 294; x_wconf 68' lang='lat'>254</span> 
     </span>
    </p>
   </div>
   <div class='ocr_carea' id='block_1_2' title="bbox 861 242 1515 290">
    <p class='ocr_par' dir='ltr' id='par_1_2' title="bbox 861 242 1515 290">
     <span class='ocr_line' id='line_1_2' title="bbox 861 242 1515 290; baseline 0.009 -6"><span class='ocrx_word' id='word_1_2' title='bbox 861 242 923 285; x_wconf 84' lang='lat' dir='ltr'>M.</span> <span class='ocrx_word' id='word_1_3' title='bbox 945 243 1086 286; x_wconf 86' lang='lat' dir='ltr'>VAL.</span> <span class='ocrx_word' id='word_1_4' title='bbox 1127 243 1515 290; x_wconf 88' lang='lat' dir='ltr'><strong>MARTIALIS</strong></span> 
     </span>
    </p>
   </div>
   <div class='ocr_carea' id='block_1_3' title="bbox 685 326 1896 531">
    <p class='ocr_par' dir='ltr' id='par_1_3' title="bbox 685 326 1896 531">
     <span class='ocr_line' id='line_1_3' title="bbox 689 326 1896 389; baseline 0.007 -19"><span class='ocrx_word' id='word_1_5' title='bbox 689 326 872 372; x_wconf 87' lang='lat' dir='ltr'>Mollem</span> <span class='ocrx_word' id='word_1_6' title='bbox 894 328 1117 374; x_wconf 84' lang='lat' dir='ltr'>debilitate</span> <span class='ocrx_word' id='word_1_7' title='bbox 1139 329 1440 389; x_wconf 79' lang='lat' dir='ltr'>Galliambon3</span> <span class='ocrx_word' id='word_1_8' title='bbox 1883 356 1896 379; x_wconf 80' lang='lat'><strong>5</strong></span> 
     </span>
     <span class='ocr_line' id='line_1_4' title="bbox 686 399 1614 465; baseline 0.004 -23"><span class='ocrx_word' id='word_1_9' title='bbox 686 400 787 442; x_wconf 90' lang='lat' dir='ltr'>Non</span> <span class='ocrx_word' id='word_1_10' title='bbox 811 415 906 444; x_wconf 88' lang='lat' dir='ltr'>sum</span> <span class='ocrx_word' id='word_1_11' title='bbox 922 435 934 455; x_wconf 87' lang='lat'>‚</span> <span class='ocrx_word' id='word_1_12' title='bbox 960 399 1173 457; x_wconf 85' lang='lat' dir='ltr'>Classice‚</span> <span class='ocrx_word' id='word_1_13' title='bbox 1195 410 1283 446; x_wconf 83' lang='lat' dir='ltr'>tam</span> <span class='ocrx_word' id='word_1_14' title='bbox 1307 401 1446 447; x_wconf 87' lang='lat' dir='ltr'>malus</span> <span class='ocrx_word' id='word_1_15' title='bbox 1469 410 1614 465; x_wconf 85' lang='lat' dir='ltr'>poeta.</span> 
     </span>
     <span class='ocr_line' id='line_1_5' title="bbox 685 469 1491 531; baseline 0.006 -18"><span class='ocrx_word' id='word_1_16' title='bbox 685 469 806 526; x_wconf 85' lang='lat' dir='ltr'>Quid</span> <span class='ocrx_word' id='word_1_17' title='bbox 830 471 865 514; x_wconf 87' lang='lat' dir='ltr'>si</span> <span class='ocrx_word' id='word_1_18' title='bbox 890 486 970 531; x_wconf 86' lang='lat' dir='ltr'>per</span> <span class='ocrx_word' id='word_1_19' title='bbox 996 470 1178 531; x_wconf 81' lang='lat' dir='ltr'><strong>graciles</strong></span> <span class='ocrx_word' id='word_1_20' title='bbox 1202 473 1293 517; x_wconf 84' lang='lat' dir='ltr'>vias</span> <span class='ocrx_word' id='word_1_21' title='bbox 1317 474 1491 518; x_wconf 87' lang='lat' dir='ltr'>Petauri</span> 
     </span>
    </p>
   </div>
   <div class='ocr_carea' id='block_1_4' title="bbox 473 596 1159 2715">
    <p class='ocr_par' dir='ltr' id='par_1_4' title="bbox 474 596 1157 789">
     <span class='ocr_line' id='line_1_6' title="bbox 475 596 1157 635; baseline 0.006 -7"><span class='ocrx_word' id='word_1_22' title='bbox 475 596 565 629; x_wconf 77' lang='lat' dir='ltr'>fama</span> <span class='ocrx_word' id='word_1_23' title='bbox 582 596 785 629; x_wconf 80' lang='lat' dir='ltr'>laborabant</span> <span class='ocrx_word' id='word_1_24' title='bbox 800 622 809 635; x_wconf 94' lang='lat'>,</span> <span class='ocrx_word' id='word_1_25' title='bbox 832 604 867 630; x_wconf 90' lang='lat' dir='ltr'>et</span> <span class='ocrx_word' id='word_1_26' title='bbox 885 597 1157 632; x_wconf 84' lang='lat' dir='ltr'><strong>celebrabantur</strong></span> 
     </span>
     <span class='ocr_line' id='line_1_7' title="bbox 474 648 1157 686; baseline 0.006 -5"><span class='ocrx_word' id='word_1_27' title='bbox 474 661 492 682; x_wconf 88' lang='lat' dir='ltr'>a</span> <span class='ocrx_word' id='word_1_28' title='bbox 511 648 748 682; x_wconf 86' lang='lat' dir='ltr'>sacerdotibus</span> <span class='ocrx_word' id='word_1_29' title='bbox 771 650 911 684; x_wconf 85' lang='lat' dir='ltr'>eviratis</span> <span class='ocrx_word' id='word_1_30' title='bbox 927 651 1157 686; x_wconf 82' lang='lat' dir='ltr'>effeminatis-</span> 
     </span>
     <span class='ocr_line' id='line_1_8' title="bbox 474 702 1157 751; baseline 0.004 -16"><span class='ocrx_word' id='word_1_31' title='bbox 474 715 564 747; x_wconf 86' lang='lat' dir='ltr'>que,</span> <span class='ocrx_word' id='word_1_32' title='bbox 593 702 653 747; x_wconf 90' lang='lat' dir='ltr'>qui</span> <span class='ocrx_word' id='word_1_33' title='bbox 685 702 775 736; x_wconf 87' lang='lat' dir='ltr'>Galli</span> <span class='ocrx_word' id='word_1_34' title='bbox 801 716 820 736; x_wconf 84' lang='lat' dir='ltr'>a</span> <span class='ocrx_word' id='word_1_35' title='bbox 849 702 961 737; x_wconf 85' lang='lat' dir='ltr'>fluvio</span> <span class='ocrx_word' id='word_1_36' title='bbox 997 704 1157 751; x_wconf 70' lang='lat' dir='ltr'>Phrygiae</span> 
     </span>
     <span class='ocr_line' id='line_1_9' title="bbox 475 754 818 789; baseline 0.003 -1"><span class='ocrx_word' id='word_1_37' title='bbox 475 755 576 788; x_wconf 93' lang='lat' dir='ltr'>Gallo</span> <span class='ocrx_word' id='word_1_38' title='bbox 599 754 818 789; x_wconf 84' lang='lat' dir='ltr'>dicebantur.</span> 
     </span>
    </p>

    <p class='ocr_par' dir='ltr' id='par_1_5' title="bbox 473 808 1159 1959">
     <span class='ocr_line' id='line_1_10' title="bbox 530 808 1155 845; baseline 0.005 -4"><span class='ocrx_word' id='word_1_39' title='bbox 530 809 562 842; x_wconf 80' lang='lat'>5.</span> <span class='ocrx_word' id='word_1_40' title='bbox 586 808 804 842; x_wconf 81' lang='lat' dir='ltr'>Clzoliambum</span> <span class='ocrx_word' id='word_1_41' title='bbox 821 808 902 842; x_wconf 90' lang='lat' dir='ltr'>Ald.</span> <span class='ocrx_word' id='word_1_42' title='bbox 919 810 1017 843; x_wconf 90' lang='lat' dir='ltr'>Junt.</span> <span class='ocrx_word' id='word_1_43' title='bbox 1039 811 1155 845; x_wconf 92' lang='lat' dir='ltr'>Colin.</span> 
     </span>
     <span class='ocr_line' id='line_1_11' title="bbox 474 861 1157 907; baseline 0.004 -13"><span class='ocrx_word' id='word_1_44' title='bbox 474 861 614 907; x_wconf 63' lang='lat' dir='ltr'>Grypli.</span> <span class='ocrx_word' id='word_1_45' title='bbox 639 861 713 895; x_wconf 84' lang='lat' dir='ltr'>aliae</span> <span class='ocrx_word' id='word_1_46' title='bbox 734 871 818 896; x_wconf 81' lang='lat' dir='ltr'>vett.</span> <span class='ocrx_word' id='word_1_47' title='bbox 844 884 897 889; x_wconf 91' lang='lat'><strong>—</strong></span> <span class='ocrx_word' id='word_1_48' title='bbox 914 863 1046 896; x_wconf 75' lang='lat' dir='ltr'>Illollem</span> <span class='ocrx_word' id='word_1_49' title='bbox 1070 864 1157 897; x_wconf 76' lang='lat' dir='ltr'>debi-</span> 
     </span>
     <span class='ocr_line' id='line_1_12' title="bbox 475 914 1159 962; baseline 0.007 -16"><span class='ocrx_word' id='word_1_50' title='bbox 475 914 574 948; x_wconf 79' lang='lat' dir='ltr'>litate.</span> <span class='ocrx_word' id='word_1_51' title='bbox 596 916 676 948; x_wconf 77' lang='lat' dir='ltr'>Vox</span> <span class='ocrx_word' id='word_1_52' title='bbox 695 916 797 947; x_wconf 77' lang='lat' dir='ltr'>mollis</span> <span class='ocrx_word' id='word_1_53' title='bbox 819 915 855 948; x_wconf 88' lang='lat' dir='ltr'>in</span> <span class='ocrx_word' id='word_1_54' title='bbox 877 924 1063 962; x_wconf 88' lang='lat' dir='ltr'>utramque</span> <span class='ocrx_word' id='word_1_55' title='bbox 1080 930 1159 962; x_wconf 84' lang='lat' dir='ltr'>par-</span> 
     </span>
     <span class='ocr_line' id='line_1_13' title="bbox 473 968 1158 1015; baseline 0.006 -15"><span class='ocrx_word' id='word_1_56' title='bbox 473 976 544 1001; x_wconf 86' lang='lat' dir='ltr'>tem</span> <span class='ocrx_word' id='word_1_57' title='bbox 566 968 673 1001; x_wconf 81' lang='lat' dir='ltr'>latine</span> <span class='ocrx_word' id='word_1_58' title='bbox 692 977 805 1013; x_wconf 82' lang='lat' dir='ltr'>potest</span> <span class='ocrx_word' id='word_1_59' title='bbox 828 969 962 1014; x_wconf 89' lang='lat' dir='ltr'>accipi;</span> <span class='ocrx_word' id='word_1_60' title='bbox 985 970 1158 1015; x_wconf 82' lang='lat' dir='ltr'>significat</span> 
     </span>
     <span class='ocr_line' id='line_1_14' title="bbox 476 1021 1158 1066; baseline 0.003 -12"><span class='ocrx_word' id='word_1_61' title='bbox 476 1021 570 1054; x_wconf 82' lang='lat' dir='ltr'>enim</span> <span class='ocrx_word' id='word_1_62' title='bbox 590 1021 645 1054; x_wconf 80' lang='lat' dir='ltr'>vel</span> <span class='ocrx_word' id='word_1_63' title='bbox 664 1030 793 1054; x_wconf 72' lang='lat' dir='ltr'>venuste</span> <span class='ocrx_word' id='word_1_64' title='bbox 815 1023 941 1066; x_wconf 76' lang='lat' dir='ltr'>elegans</span> <span class='ocrx_word' id='word_1_65' title='bbox 953 1049 962 1062; x_wconf 85' lang='lat'><em>‚</em></span> <span class='ocrx_word' id='word_1_66' title='bbox 983 1024 1038 1056; x_wconf 72' lang='lat' dir='ltr'>vel</span> <span class='ocrx_word' id='word_1_67' title='bbox 1054 1024 1158 1066; x_wconf 69' lang='lat' dir='ltr'>essate</span> 
     </span>
     <span class='ocr_line' id='line_1_15' title="bbox 475 1074 1157 1110; baseline 0.006 -4"><span class='ocrx_word' id='word_1_68' title='bbox 475 1076 591 1107; x_wconf 67' lang='lat' dir='ltr'>enervis</span> <span class='ocrx_word' id='word_1_69' title='bbox 609 1088 620 1108; x_wconf 84' lang='lat'>.·</span> <span class='ocrx_word' id='word_1_70' title='bbox 640 1074 708 1108; x_wconf 90' lang='lat' dir='ltr'>hoc</span> <span class='ocrx_word' id='word_1_71' title='bbox 724 1086 826 1108; x_wconf 88' lang='lat' dir='ltr'>sensu</span> <span class='ocrx_word' id='word_1_72' title='bbox 847 1087 864 1108; x_wconf 89' lang='lat' dir='ltr'>a</span> <span class='ocrx_word' id='word_1_73' title='bbox 887 1076 1047 1109; x_wconf 83' lang='lat' dir='ltr'>Martiale</span> <span class='ocrx_word' id='word_1_74' title='bbox 1063 1089 1157 1110; x_wconf 88' lang='lat' dir='ltr'>nunc</span> 
     </span>
     <span class='ocr_line' id='line_1_16' title="bbox 474 1128 1156 1173; baseline 0.004 -13"><span class='ocrx_word' id='word_1_75' title='bbox 474 1128 566 1160; x_wconf 88' lang='lat' dir='ltr'>sumi</span> <span class='ocrx_word' id='word_1_76' title='bbox 582 1135 678 1173; x_wconf 85' lang='lat' dir='ltr'>patet</span> <span class='ocrx_word' id='word_1_77' title='bbox 697 1141 736 1161; x_wconf 83' lang='lat' dir='ltr'>ex</span> <span class='ocrx_word' id='word_1_78' title='bbox 759 1140 847 1161; x_wconf 80' lang='lat' dir='ltr'>voce</span> <span class='ocrx_word' id='word_1_79' title='bbox 863 1129 1024 1162; x_wconf 70' lang='lat' dir='ltr'>debilitate</span> <span class='ocrx_word' id='word_1_80' title='bbox 1037 1156 1044 1169; x_wconf 89' lang='lat'><em>,</em></span> <span class='ocrx_word' id='word_1_81' title='bbox 1064 1131 1156 1164; x_wconf 85' lang='lat' dir='ltr'>abla-</span> 
     </span>
     <span class='ocr_line' id='line_1_17' title="bbox 474 1181 1158 1216; baseline 0.003 -2"><span class='ocrx_word' id='word_1_82' title='bbox 474 1181 546 1214; x_wconf 77' lang='lat' dir='ltr'>tivo</span> <span class='ocrx_word' id='word_1_83' title='bbox 578 1193 657 1214; x_wconf 88' lang='lat' dir='ltr'>casu</span> <span class='ocrx_word' id='word_1_84' title='bbox 689 1181 784 1214; x_wconf 77' lang='lat' dir='ltr'>vocis</span> <span class='ocrx_word' id='word_1_85' title='bbox 813 1181 971 1215; x_wconf 76' lang='lat' dir='ltr'><em>debilitas,</em></span> <span class='ocrx_word' id='word_1_86' title='bbox 1002 1184 1067 1216; x_wconf 79' lang='grc' dir='ltr'>ΕΙ).</span> <span class='ocrx_word' id='word_1_87' title='bbox 1105 1205 1158 1210; x_wconf 93' lang='grc'><strong>-</strong></span> 
     </span>
     <span class='ocr_line' id='line_1_18' title="bbox 478 1233 1155 1282; baseline 0.001 -14"><span class='ocrx_word' id='word_1_88' title='bbox 478 1233 695 1268; x_wconf 79' lang='lat' dir='ltr'>Galliambon.</span> <span class='ocrx_word' id='word_1_89' title='bbox 713 1235 872 1268; x_wconf 87' lang='lat' dir='ltr'>Elumbis</span> <span class='ocrx_word' id='word_1_90' title='bbox 887 1235 944 1268; x_wconf 89' lang='lat' dir='ltr'>hic</span> <span class='ocrx_word' id='word_1_91' title='bbox 957 1248 1079 1269; x_wconf 77' lang='lat' dir='ltr'>versus</span> <span class='ocrx_word' id='word_1_92' title='bbox 1096 1237 1155 1282; x_wconf 89' lang='lat' dir='ltr'>qui</span> 
     </span>
     <span class='ocr_line' id='line_1_19' title="bbox 474 1286 1158 1332; baseline 0.004 -13"><span class='ocrx_word' id='word_1_93' title='bbox 474 1287 626 1332; x_wconf 63' lang='lat' dir='ltr'>Atydem</span> <span class='ocrx_word' id='word_1_94' title='bbox 659 1288 810 1321; x_wconf 81' lang='lat' dir='ltr'><strong>maxime</strong></span> <span class='ocrx_word' id='word_1_95' title='bbox 837 1286 938 1322; x_wconf 86' lang='lat' dir='ltr'>decet</span> <span class='ocrx_word' id='word_1_96' title='bbox 963 1289 1158 1332; x_wconf 81' lang='lat' dir='ltr'>eviratum,</span> 
     </span>
     <span class='ocr_line' id='line_1_20' title="bbox 475 1341 1158 1388; baseline 0.004 -15"><span class='ocrx_word' id='word_1_97' title='bbox 475 1341 524 1374; x_wconf 84' lang='lat' dir='ltr'>sic</span> <span class='ocrx_word' id='word_1_98' title='bbox 545 1341 741 1386; x_wconf 82' lang='lat' dir='ltr'>appellatur</span> <span class='ocrx_word' id='word_1_99' title='bbox 765 1353 782 1373; x_wconf 89' lang='lat' dir='ltr'>a</span> <span class='ocrx_word' id='word_1_100' title='bbox 802 1353 888 1374; x_wconf 81' lang='lat' dir='ltr'>voce</span> <span class='ocrx_word' id='word_1_101' title='bbox 911 1342 1031 1375; x_wconf 72' lang='lat' dir='ltr'>iambus</span> <span class='ocrx_word' id='word_1_102' title='bbox 1046 1369 1053 1382; x_wconf 89' lang='lat'>‚</span> <span class='ocrx_word' id='word_1_103' title='bbox 1076 1343 1158 1388; x_wconf 89' lang='lat' dir='ltr'>quia</span> 
     </span>
     <span class='ocr_line' id='line_1_21' title="bbox 475 1393 1157 1439; baseline 0.004 -13"><span class='ocrx_word' id='word_1_104' title='bbox 475 1394 565 1427; x_wconf 90' lang='lat' dir='ltr'>senis</span> <span class='ocrx_word' id='word_1_105' title='bbox 589 1393 741 1439; x_wconf 82' lang='lat' dir='ltr'>pedibus</span> <span class='ocrx_word' id='word_1_106' title='bbox 759 1394 882 1428; x_wconf 85' lang='lat' dir='ltr'>iambis</span> <span class='ocrx_word' id='word_1_107' title='bbox 902 1403 1061 1436; x_wconf 81' lang='lat' dir='ltr'>constat3</span> <span class='ocrx_word' id='word_1_108' title='bbox 1085 1404 1118 1429; x_wconf 90' lang='lat' dir='ltr'>et</span> <span class='ocrx_word' id='word_1_109' title='bbox 1139 1409 1157 1429; x_wconf 87' lang='lat' dir='ltr'>a</span> 
     </span>
     <span class='ocr_line' id='line_1_22' title="bbox 474 1447 1156 1492; baseline 0.003 -13"><span class='ocrx_word' id='word_1_110' title='bbox 474 1459 561 1480; x_wconf 83' lang='lat' dir='ltr'>voce</span> <span class='ocrx_word' id='word_1_111' title='bbox 586 1447 697 1487; x_wconf 65' lang='lat' dir='ltr'>Galli,</span> <span class='ocrx_word' id='word_1_112' title='bbox 721 1447 802 1492; x_wconf 88' lang='lat' dir='ltr'>quia</span> <span class='ocrx_word' id='word_1_113' title='bbox 823 1460 842 1480; x_wconf 88' lang='lat' dir='ltr'>a</span> <span class='ocrx_word' id='word_1_114' title='bbox 861 1447 970 1480; x_wconf 80' lang='lat' dir='ltr'>Gallis</span> <span class='ocrx_word' id='word_1_115' title='bbox 993 1447 1156 1481; x_wconf 83' lang='lat' dir='ltr'>sacerdo-</span> 
     </span>
     <span class='ocr_line' id='line_1_23' title="bbox 475 1500 1156 1545; baseline 0.001 -12"><span class='ocrx_word' id='word_1_116' title='bbox 475 1500 568 1533; x_wconf 75' lang='lat' dir='ltr'>tibus</span> <span class='ocrx_word' id='word_1_117' title='bbox 593 1500 792 1533; x_wconf 78' lang='lat' dir='ltr'>canebatur.</span> <span class='ocrx_word' id='word_1_118' title='bbox 823 1501 975 1533; x_wconf 82' lang='lat' dir='ltr'><strong>Carmen</strong></span> <span class='ocrx_word' id='word_1_119' title='bbox 1001 1501 1156 1545; x_wconf 85' lang='lat' dir='ltr'>galliam·</span> 
     </span>
     <span class='ocr_line' id='line_1_24' title="bbox 473 1553 1155 1598; baseline 0.001 -12"><span class='ocrx_word' id='word_1_120' title='bbox 473 1554 591 1586; x_wconf 86' lang='lat' dir='ltr'>bicum</span> <span class='ocrx_word' id='word_1_121' title='bbox 608 1553 742 1598; x_wconf 86' lang='lat' dir='ltr'>primus</span> <span class='ocrx_word' id='word_1_122' title='bbox 761 1553 901 1598; x_wconf 77' lang='lat' dir='ltr'>scripsit</span> <span class='ocrx_word' id='word_1_123' title='bbox 917 1554 1076 1587; x_wconf 88' lang='lat' dir='ltr'>Caecilius</span> <span class='ocrx_word' id='word_1_124' title='bbox 1091 1579 1101 1596; x_wconf 90' lang='lat'>‚</span> <span class='ocrx_word' id='word_1_125' title='bbox 1123 1564 1155 1587; x_wconf 89' lang='lat' dir='ltr'>et</span> 
     </span>
     <span class='ocr_line' id='line_1_25' title="bbox 474 1605 1157 1653; baseline 0.001 -14"><span class='ocrx_word' id='word_1_126' title='bbox 474 1605 603 1639; x_wconf 88' lang='lat' dir='ltr'>deinde</span> <span class='ocrx_word' id='word_1_127' title='bbox 622 1606 779 1640; x_wconf 83' lang='lat' dir='ltr'>Catullus</span> <span class='ocrx_word' id='word_1_128' title='bbox 800 1605 843 1639; x_wconf 89' lang='lat' dir='ltr'>de</span> <span class='ocrx_word' id='word_1_129' title='bbox 862 1607 932 1652; x_wconf 65' lang='lat' dir='ltr'>Aty</span> <span class='ocrx_word' id='word_1_130' title='bbox 945 1631 955 1647; x_wconf 81' lang='lat'>‚</span> <span class='ocrx_word' id='word_1_131' title='bbox 975 1609 1074 1653; x_wconf 87' lang='lat' dir='ltr'>cujus</span> <span class='ocrx_word' id='word_1_132' title='bbox 1092 1608 1157 1640; x_wconf 88' lang='lat' dir='ltr'>ini-</span> 
     </span>
     <span class='ocr_line' id='line_1_26' title="bbox 475 1659 1156 1707; baseline 0.001 -14"><span class='ocrx_word' id='word_1_133' title='bbox 475 1659 564 1693; x_wconf 88' lang='lat' dir='ltr'>tium</span> <span class='ocrx_word' id='word_1_134' title='bbox 581 1668 631 1693; x_wconf 84' lang='lat' dir='ltr'>est</span> <span class='ocrx_word' id='word_1_135' title='bbox 647 1671 655 1693; x_wconf 89' lang='lat'>:</span> <span class='ocrx_word' id='word_1_136' title='bbox 683 1677 696 1689; x_wconf 91' lang='lat'>«</span> <span class='ocrx_word' id='word_1_137' title='bbox 719 1659 832 1705; x_wconf 83' lang='lat' dir='ltr'>Super</span> <span class='ocrx_word' id='word_1_138' title='bbox 852 1659 917 1693; x_wconf 87' lang='lat' dir='ltr'>alta</span> <span class='ocrx_word' id='word_1_139' title='bbox 935 1669 1052 1693; x_wconf 80' lang='lat' dir='ltr'>vectus</span> <span class='ocrx_word' id='word_1_140' title='bbox 1070 1662 1156 1707; x_wconf 65' lang='lat' dir='ltr'>Atys</span> 
     </span>
     <span class='ocr_line' id='line_1_27' title="bbox 475 1712 1154 1747; baseline 0 0"><span class='ocrx_word' id='word_1_141' title='bbox 475 1713 576 1747; x_wconf 89' lang='lat' dir='ltr'>celeri</span> <span class='ocrx_word' id='word_1_142' title='bbox 604 1721 677 1746; x_wconf 84' lang='lat' dir='ltr'>rate</span> <span class='ocrx_word' id='word_1_143' title='bbox 704 1713 823 1745; x_wconf 87' lang='lat' dir='ltr'>maria.</span> <span class='ocrx_word' id='word_1_144' title='bbox 843 1730 856 1741; x_wconf 68' lang='lat'>&gt;1</span> <span class='ocrx_word' id='word_1_145' title='bbox 885 1712 969 1745; x_wconf 74' lang='lat' dir='ltr'>Vid.</span> <span class='ocrx_word' id='word_1_146' title='bbox 990 1713 1154 1747; x_wconf 84' lang='lat' dir='ltr'>Diomed.</span> 
     </span>
     <span class='ocr_line' id='line_1_28' title="bbox 473 1766 1154 1813; baseline 0.001 -14"><span class='ocrx_word' id='word_1_147' title='bbox 473 1766 603 1799; x_wconf 86' lang='lat' dir='ltr'>Muret.</span> <span class='ocrx_word' id='word_1_148' title='bbox 631 1766 755 1812; x_wconf 84' lang='lat' dir='ltr'>Scalig.</span> <span class='ocrx_word' id='word_1_149' title='bbox 785 1766 882 1799; x_wconf 86' lang='lat' dir='ltr'>Poct.</span> <span class='ocrx_word' id='word_1_150' title='bbox 911 1766 974 1799; x_wconf 89' lang='lat' dir='ltr'>lib.</span> <span class='ocrx_word' id='word_1_151' title='bbox 995 1767 1050 1808; x_wconf 94' lang='grc' dir='ltr'>ΙΙ,</span> <span class='ocrx_word' id='word_1_152' title='bbox 1079 1779 1154 1813; x_wconf 88' lang='lat' dir='ltr'>cap.</span> 
     </span>
     <span class='ocr_line' id='line_1_29' title="bbox 479 1818 1154 1865; baseline 0.001 -13"><span class='ocrx_word' id='word_1_153' title='bbox 479 1832 520 1853; x_wconf 87' lang='lat'>21</span> <span class='ocrx_word' id='word_1_154' title='bbox 543 1832 551 1861; x_wconf 83' lang='lat'>3</span> <span class='ocrx_word' id='word_1_155' title='bbox 579 1819 736 1853; x_wconf 87' lang='lat' dir='ltr'>Macrob.</span> <span class='ocrx_word' id='word_1_156' title='bbox 761 1818 900 1852; x_wconf 78' lang='lat' dir='ltr'>saturn.</span> <span class='ocrx_word' id='word_1_157' title='bbox 930 1820 991 1852; x_wconf 92' lang='lat' dir='ltr'>lib.</span> <span class='ocrx_word' id='word_1_158' title='bbox 1014 1821 1051 1860; x_wconf 86' lang='lat' dir='ltr'>I,</span> <span class='ocrx_word' id='word_1_159' title='bbox 1077 1832 1154 1865; x_wconf 88' lang='lat' dir='ltr'>cap.</span> 
     </span>
     <span class='ocr_line' id='line_1_30' title="bbox 479 1872 1156 1918; baseline 0.004 -13"><span class='ocrx_word' id='word_1_160' title='bbox 479 1885 519 1906; x_wconf 84' lang='lat'>21</span> <span class='ocrx_word' id='word_1_161' title='bbox 541 1897 549 1913; x_wconf 95' lang='lat'>‚</span> <span class='ocrx_word' id='word_1_162' title='bbox 577 1880 611 1905; x_wconf 89' lang='lat' dir='ltr'>et</span> <span class='ocrx_word' id='word_1_163' title='bbox 643 1885 719 1918; x_wconf 86' lang='lat' dir='ltr'>quae</span> <span class='ocrx_word' id='word_1_164' title='bbox 753 1872 891 1918; x_wconf 77' lang='lat' dir='ltr'>scripsit</span> <span class='ocrx_word' id='word_1_165' title='bbox 923 1873 1156 1908; x_wconf 80' lang='lat' dir='ltr'>Terentianus</span> 
     </span>
     <span class='ocr_line' id='line_1_31' title="bbox 475 1925 917 1959; baseline -0.002 -1"><span class='ocrx_word' id='word_1_166' title='bbox 475 1926 621 1959; x_wconf 85' lang='lat' dir='ltr'>Maurus</span> <span class='ocrx_word' id='word_1_167' title='bbox 639 1925 683 1959; x_wconf 92' lang='lat' dir='ltr'>de</span> <span class='ocrx_word' id='word_1_168' title='bbox 701 1925 832 1959; x_wconf 81' lang='lat' dir='ltr'>metris.</span> <span class='ocrx_word' id='word_1_169' title='bbox 850 1926 917 1958; x_wconf 83' lang='lat' dir='ltr'>En.</span> 
     </span>
    </p>

    <p class='ocr_par' dir='ltr' id='par_1_6' title="bbox 474 1978 1158 2343">
     <span class='ocr_line' id='line_1_32' title="bbox 529 1978 1158 2021; baseline 0.003 -10"><span class='ocrx_word' id='word_1_170' title='bbox 529 1981 564 2013; x_wconf 86' lang='lat'>6.</span> <span class='ocrx_word' id='word_1_171' title='bbox 584 1979 660 2012; x_wconf 83' lang='lat' dir='ltr'>Non</span> <span class='ocrx_word' id='word_1_172' title='bbox 676 1992 742 2011; x_wconf 80' lang='lat' dir='ltr'>sum</span> <span class='ocrx_word' id='word_1_173' title='bbox 756 2006 765 2019; x_wconf 88' lang='lat'>,</span> <span class='ocrx_word' id='word_1_174' title='bbox 790 1978 945 2019; x_wconf 81' lang='lat' dir='ltr'>Classice,</span> <span class='ocrx_word' id='word_1_175' title='bbox 965 1987 1029 2013; x_wconf 89' lang='lat' dir='ltr'>etc.</span> <span class='ocrx_word' id='word_1_176' title='bbox 1047 1979 1158 2021; x_wconf 86' lang='lat' dir='ltr'>Quod</span> 
     </span>
     <span class='ocr_line' id='line_1_33' title="bbox 474 2031 1158 2077; baseline 0.001 -12"><span class='ocrx_word' id='word_1_177' title='bbox 474 2031 647 2065; x_wconf 84' lang='lat' dir='ltr'>sotadicos</span> <span class='ocrx_word' id='word_1_178' title='bbox 662 2058 671 2074; x_wconf 93' lang='lat'>‚</span> <span class='ocrx_word' id='word_1_179' title='bbox 704 2031 841 2066; x_wconf 85' lang='lat' dir='ltr'>echicos</span> <span class='ocrx_word' id='word_1_180' title='bbox 854 2057 864 2073; x_wconf 85' lang='lat'>,</span> <span class='ocrx_word' id='word_1_181' title='bbox 895 2032 1130 2077; x_wconf 85' lang='lat' dir='ltr'>galliambicos</span> <span class='ocrx_word' id='word_1_182' title='bbox 1149 2059 1158 2076; x_wconf 85' lang='lat'>‚</span> 
     </span>
     <span class='ocr_line' id='line_1_34' title="bbox 475 2085 1157 2126; baseline 0.001 -8"><span class='ocrx_word' id='word_1_183' title='bbox 475 2098 547 2118; x_wconf 92' lang='lat' dir='ltr'>non</span> <span class='ocrx_word' id='word_1_184' title='bbox 578 2085 667 2118; x_wconf 87' lang='lat' dir='ltr'>facio</span> <span class='ocrx_word' id='word_1_185' title='bbox 700 2097 841 2126; x_wconf 88' lang='lat' dir='ltr'>versus,</span> <span class='ocrx_word' id='word_1_186' title='bbox 873 2097 946 2119; x_wconf 87' lang='lat' dir='ltr'>non</span> <span class='ocrx_word' id='word_1_187' title='bbox 975 2098 1052 2118; x_wconf 90' lang='lat' dir='ltr'>sum</span> <span class='ocrx_word' id='word_1_188' title='bbox 1087 2093 1157 2119; x_wconf 87' lang='lat' dir='ltr'>tam</span> 
     </span>
     <span class='ocr_line' id='line_1_35' title="bbox 475 2137 1156 2184; baseline 0.001 -13"><span class='ocrx_word' id='word_1_189' title='bbox 475 2137 754 2172; x_wconf 89' lang='lat' dir='ltr'>contemnendus</span> <span class='ocrx_word' id='word_1_190' title='bbox 764 2146 881 2184; x_wconf 78' lang='lat' dir='ltr'>poeta,</span> <span class='ocrx_word' id='word_1_191' title='bbox 893 2150 1000 2183; x_wconf 90' lang='lat' dir='ltr'>quam</span> <span class='ocrx_word' id='word_1_192' title='bbox 1012 2137 1156 2184; x_wconf 79' lang='lat' dir='ltr'>quidam</span> 
     </span>
     <span class='ocr_line' id='line_1_36' title="bbox 475 2192 1154 2238; baseline 0.001 -14"><span class='ocrx_word' id='word_1_193' title='bbox 475 2192 616 2225; x_wconf 90' lang='lat' dir='ltr'>illorum</span> <span class='ocrx_word' id='word_1_194' title='bbox 638 2204 801 2225; x_wconf 81' lang='lat' dir='ltr'>versuum</span> <span class='ocrx_word' id='word_1_195' title='bbox 822 2199 992 2226; x_wconf 83' lang='lat' dir='ltr'>amatores</span> <span class='ocrx_word' id='word_1_196' title='bbox 1016 2200 1154 2238; x_wconf 88' lang='lat' dir='ltr'>putant.</span> 
     </span>
     <span class='ocr_line' id='line_1_37' title="bbox 477 2244 1155 2291; baseline 0 -13"><span class='ocrx_word' id='word_1_197' title='bbox 477 2244 624 2290; x_wconf 85' lang='lat' dir='ltr'>Capitur</span> <span class='ocrx_word' id='word_1_198' title='bbox 664 2245 806 2290; x_wconf 88' lang='lat' dir='ltr'>ingenio</span> <span class='ocrx_word' id='word_1_199' title='bbox 848 2245 959 2278; x_wconf 85' lang='lat' dir='ltr'>lector</span> <span class='ocrx_word' id='word_1_200' title='bbox 995 2246 1131 2291; x_wconf 85' lang='lat' dir='ltr'>sapiens</span> <span class='ocrx_word' id='word_1_201' title='bbox 1147 2271 1155 2286; x_wconf 90' lang='lat'>‚</span> 
     </span>
     <span class='ocr_line' id='line_1_38' title="bbox 476 2297 875 2343; baseline 0.003 -13"><span class='ocrx_word' id='word_1_202' title='bbox 476 2310 547 2331; x_wconf 90' lang='lat' dir='ltr'>non</span> <span class='ocrx_word' id='word_1_203' title='bbox 565 2298 667 2343; x_wconf 87' lang='lat' dir='ltr'>nugis</span> <span class='ocrx_word' id='word_1_204' title='bbox 681 2297 875 2331; x_wconf 82' lang='lat' dir='ltr'>laboriosis.</span> 
     </span>
    </p>

    <p class='ocr_par' dir='ltr' id='par_1_7' title="bbox 475 2351 1156 2715">
     <span class='ocr_line' id='line_1_39' title="bbox 531 2351 1156 2396; baseline -0.002 -13"><span class='ocrx_word' id='word_1_205' title='bbox 531 2363 565 2395; x_wconf 75' lang='lat'>7.</span> <span class='ocrx_word' id='word_1_206' title='bbox 589 2351 680 2394; x_wconf 75' lang='lat' dir='ltr'>Quid</span> <span class='ocrx_word' id='word_1_207' title='bbox 698 2355 801 2396; x_wconf 76' lang='lat' dir='ltr'>siper</span> <span class='ocrx_word' id='word_1_208' title='bbox 818 2377 826 2391; x_wconf 87' lang='lat'><em>,</em></span> <span class='ocrx_word' id='word_1_209' title='bbox 850 2359 915 2384; x_wconf 89' lang='lat' dir='ltr'>etc.</span> <span class='ocrx_word' id='word_1_210' title='bbox 937 2351 992 2383; x_wconf 90' lang='lat' dir='ltr'>An</span> <span class='ocrx_word' id='word_1_211' title='bbox 1013 2351 1039 2383; x_wconf 83' lang='lat' dir='ltr'>si</span> <span class='ocrx_word' id='word_1_212' title='bbox 1058 2351 1156 2396; x_wconf 78' lang='lat' dir='ltr'>jube-</span> 
     </span>
     <span class='ocr_line' id='line_1_40' title="bbox 475 2403 1154 2445; baseline 0 -9"><span class='ocrx_word' id='word_1_213' title='bbox 475 2417 529 2437; x_wconf 86' lang='lat' dir='ltr'>res</span> <span class='ocrx_word' id='word_1_214' title='bbox 544 2403 674 2436; x_wconf 86' lang='lat' dir='ltr'>Ladam</span> <span class='ocrx_word' id='word_1_215' title='bbox 694 2404 928 2438; x_wconf 82' lang='lat' dir='ltr'>transmittere</span> <span class='ocrx_word' id='word_1_216' title='bbox 945 2404 1154 2445; x_wconf 88' lang='lat' dir='ltr'>Petaurum‚</span> 
     </span>
     <span class='ocr_line' id='line_1_41' title="bbox 478 2456 1155 2502; baseline 0.001 -13"><span class='ocrx_word' id='word_1_217' title='bbox 478 2466 576 2502; x_wconf 83' lang='lat' dir='ltr'>putas</span> <span class='ocrx_word' id='word_1_218' title='bbox 607 2469 684 2489; x_wconf 89' lang='lat' dir='ltr'>eum</span> <span class='ocrx_word' id='word_1_219' title='bbox 712 2456 748 2490; x_wconf 83' lang='lat' dir='ltr'>id</span> <span class='ocrx_word' id='word_1_220' title='bbox 776 2457 980 2491; x_wconf 57' lang='lat' dir='ltr'>factarum?</span> <span class='ocrx_word' id='word_1_221' title='bbox 1003 2457 1083 2489; x_wconf 85' lang='lat' dir='ltr'>Non</span> <span class='ocrx_word' id='word_1_222' title='bbox 1105 2457 1155 2490; x_wconf 91' lang='lat' dir='ltr'>fa-</span> 
     </span>
     <span class='ocr_line' id='line_1_42' title="bbox 477 2509 1155 2549; baseline 0.001 -7"><span class='ocrx_word' id='word_1_223' title='bbox 477 2518 570 2542; x_wconf 84' lang='lat' dir='ltr'>ceret</span> <span class='ocrx_word' id='word_1_224' title='bbox 591 2518 705 2549; x_wconf 84' lang='lat' dir='ltr'>certe,</span> <span class='ocrx_word' id='word_1_225' title='bbox 729 2519 788 2543; x_wconf 88' lang='lat' dir='ltr'>aut</span> <span class='ocrx_word' id='word_1_226' title='bbox 811 2511 939 2543; x_wconf 89' lang='lat' dir='ltr'>faceret</span> <span class='ocrx_word' id='word_1_227' title='bbox 961 2509 1155 2543; x_wconf 83' lang='lat' dir='ltr'>admodum</span> 
     </span>
     <span class='ocr_line' id='line_1_43' title="bbox 476 2562 1153 2608; baseline 0.001 -14"><span class='ocrx_word' id='word_1_228' title='bbox 476 2563 631 2604; x_wconf 71' lang='lat' dir='ltr'>irn-itus3</span> <span class='ocrx_word' id='word_1_229' title='bbox 654 2563 735 2608; x_wconf 90' lang='lat' dir='ltr'>quia</span> <span class='ocrx_word' id='word_1_230' title='bbox 765 2563 914 2597; x_wconf 86' lang='lat' dir='ltr'>naturali</span> <span class='ocrx_word' id='word_1_231' title='bbox 939 2562 1070 2608; x_wconf 88' lang='lat' dir='ltr'>pedum</span> <span class='ocrx_word' id='word_1_232' title='bbox 1095 2576 1153 2596; x_wconf 86' lang='lat' dir='ltr'>ve-</span> 
     </span>
     <span class='ocr_line' id='line_1_44' title="bbox 476 2615 1153 2660; baseline 0 -12"><span class='ocrx_word' id='word_1_233' title='bbox 476 2616 615 2649; x_wconf 81' lang='lat' dir='ltr'>locitate</span> <span class='ocrx_word' id='word_1_234' title='bbox 657 2615 794 2660; x_wconf 78' lang='lat' dir='ltr'>egregie</span> <span class='ocrx_word' id='word_1_235' title='bbox 837 2615 1124 2649; x_wconf 81' lang='lat' dir='ltr'>commendabilis</span> <span class='ocrx_word' id='word_1_236' title='bbox 1144 2643 1153 2657; x_wconf 88' lang='lat'><em>‚</em></span> 
     </span>
     <span class='ocr_line' id='line_1_45' title="bbox 477 2669 1154 2715; baseline 0.001 -14"><span class='ocrx_word' id='word_1_237' title='bbox 477 2682 547 2701; x_wconf 84' lang='lat' dir='ltr'>non</span> <span class='ocrx_word' id='word_1_238' title='bbox 568 2669 672 2701; x_wconf 81' lang='lat' dir='ltr'>vellet</span> <span class='ocrx_word' id='word_1_239' title='bbox 690 2669 882 2702; x_wconf 73' lang='lat' dir='ltr'>naturalem</span> <span class='ocrx_word' id='word_1_240' title='bbox 900 2669 1000 2702; x_wconf 78' lang='lat' dir='ltr'>istam</span> <span class='ocrx_word' id='word_1_241' title='bbox 1024 2682 1087 2715; x_wconf 84' lang='lat' dir='ltr'>pro</span> <span class='ocrx_word' id='word_1_242' title='bbox 1100 2682 1154 2702; x_wconf 84' lang='lat' dir='ltr'>ar-</span> 
     </span>
    </p>
   </div>
   <div class='ocr_carea' id='block_1_5' title="bbox 1212 599 1898 2708">
    <p class='ocr_par' dir='ltr' id='par_1_8' title="bbox 1212 599 1898 2708">
     <span class='ocr_line' id='line_1_46' title="bbox 1216 599 1897 646; baseline 0.007 -14"><span class='ocrx_word' id='word_1_243' title='bbox 1216 599 1365 633; x_wconf 83' lang='lat' dir='ltr'>tificiosa</span> <span class='ocrx_word' id='word_1_244' title='bbox 1383 600 1583 646; x_wconf 87' lang='lat' dir='ltr'>relinquere</span> <span class='ocrx_word' id='word_1_245' title='bbox 1595 627 1604 643; x_wconf 93' lang='lat'><em>‚</em></span> <span class='ocrx_word' id='word_1_246' title='bbox 1623 610 1657 635; x_wconf 88' lang='lat' dir='ltr'>et</span> <span class='ocrx_word' id='word_1_247' title='bbox 1676 601 1897 637; x_wconf 89' lang='lat' dir='ltr'>funambulo-</span> 
     </span>
     <span class='ocr_line' id='line_1_47' title="bbox 1215 653 1898 701; baseline 0.007 -16"><span class='ocrx_word' id='word_1_248' title='bbox 1215 664 1298 685; x_wconf 88' lang='lat' dir='ltr'>rum</span> <span class='ocrx_word' id='word_1_249' title='bbox 1315 665 1412 687; x_wconf 88' lang='lat' dir='ltr'>more</span> <span class='ocrx_word' id='word_1_250' title='bbox 1432 653 1578 697; x_wconf 85' lang='lat' dir='ltr'>vilium,</span> <span class='ocrx_word' id='word_1_251' title='bbox 1596 655 1663 688; x_wconf 92' lang='lat' dir='ltr'>hoc</span> <span class='ocrx_word' id='word_1_252' title='bbox 1683 668 1747 701; x_wconf 91' lang='lat' dir='ltr'>per</span> <span class='ocrx_word' id='word_1_253' title='bbox 1765 656 1898 690; x_wconf 87' lang='lat' dir='ltr'>machi-</span> 
     </span>
     <span class='ocr_line' id='line_1_48' title="bbox 1214 706 1896 753; baseline 0.007 -15"><span class='ocrx_word' id='word_1_254' title='bbox 1214 718 1276 738; x_wconf 88' lang='lat' dir='ltr'>nas</span> <span class='ocrx_word' id='word_1_255' title='bbox 1316 706 1428 739; x_wconf 87' lang='lat' dir='ltr'>facere</span> <span class='ocrx_word' id='word_1_256' title='bbox 1444 733 1453 748; x_wconf 87' lang='lat'>,</span> <span class='ocrx_word' id='word_1_257' title='bbox 1489 706 1585 753; x_wconf 90' lang='lat' dir='ltr'>quod</span> <span class='ocrx_word' id='word_1_258' title='bbox 1614 720 1680 753; x_wconf 87' lang='lat' dir='ltr'>per</span> <span class='ocrx_word' id='word_1_259' title='bbox 1715 721 1750 742; x_wconf 91' lang='lat' dir='ltr'>se</span> <span class='ocrx_word' id='word_1_260' title='bbox 1782 709 1896 743; x_wconf 84' lang='lat' dir='ltr'>facere</span> 
     </span>
     <span class='ocr_line' id='line_1_49' title="bbox 1215 760 1895 806; baseline 0.006 -15"><span class='ocrx_word' id='word_1_261' title='bbox 1215 766 1339 804; x_wconf 85' lang='lat' dir='ltr'>potest.</span> <span class='ocrx_word' id='word_1_262' title='bbox 1358 760 1411 793; x_wconf 88' lang='lat' dir='ltr'>Ita</span> <span class='ocrx_word' id='word_1_263' title='bbox 1427 771 1490 805; x_wconf 85' lang='lat' dir='ltr'>ego</span> <span class='ocrx_word' id='word_1_264' title='bbox 1505 785 1514 801; x_wconf 93' lang='lat'>‚</span> <span class='ocrx_word' id='word_1_265' title='bbox 1533 761 1739 806; x_wconf 79' lang='lat' dir='ltr'>elegantiam</span> <span class='ocrx_word' id='word_1_266' title='bbox 1758 762 1895 795; x_wconf 88' lang='lat' dir='ltr'>facilem</span> 
     </span>
     <span class='ocr_line' id='line_1_50' title="bbox 1216 813 1894 859; baseline 0.007 -15"><span class='ocrx_word' id='word_1_267' title='bbox 1216 819 1250 844; x_wconf 86' lang='lat' dir='ltr'>et</span> <span class='ocrx_word' id='word_1_268' title='bbox 1267 813 1440 854; x_wconf 74' lang='lat' dir='ltr'>nativam,</span> <span class='ocrx_word' id='word_1_269' title='bbox 1462 826 1534 846; x_wconf 91' lang='lat' dir='ltr'>non</span> <span class='ocrx_word' id='word_1_270' title='bbox 1564 814 1667 859; x_wconf 88' lang='lat' dir='ltr'>longe</span> <span class='ocrx_word' id='word_1_271' title='bbox 1694 815 1894 849; x_wconf 78' lang='lat' dir='ltr'>accersitam</span> 
     </span>
     <span class='ocr_line' id='line_1_51' title="bbox 1217 864 1894 901; baseline 0.006 -4"><span class='ocrx_word' id='word_1_272' title='bbox 1217 873 1250 897; x_wconf 87' lang='lat' dir='ltr'>et</span> <span class='ocrx_word' id='word_1_273' title='bbox 1285 864 1393 899; x_wconf 88' lang='lat' dir='ltr'>ardue</span> <span class='ocrx_word' id='word_1_274' title='bbox 1420 866 1549 900; x_wconf 74' lang='lat' dir='ltr'>victam</span> <span class='ocrx_word' id='word_1_275' title='bbox 1580 866 1827 901; x_wconf 83' lang='lat' dir='ltr'>difficultatem</span> <span class='ocrx_word' id='word_1_276' title='bbox 1857 868 1894 901; x_wconf 86' lang='lat' dir='ltr'>in</span> 
     </span>
     <span class='ocr_line' id='line_1_52' title="bbox 1215 919 1895 965; baseline 0.003 -14"><span class='ocrx_word' id='word_1_277' title='bbox 1215 919 1429 952; x_wconf 82' lang='lat' dir='ltr'>carminibus</span> <span class='ocrx_word' id='word_1_278' title='bbox 1460 919 1545 953; x_wconf 91' lang='lat' dir='ltr'>meis</span> <span class='ocrx_word' id='word_1_279' title='bbox 1570 920 1725 965; x_wconf 82' lang='lat' dir='ltr'>requiro,</span> <span class='ocrx_word' id='word_1_280' title='bbox 1754 920 1820 954; x_wconf 80' lang='lat' dir='ltr'>En.</span> <span class='ocrx_word' id='word_1_281' title='bbox 1843 942 1895 948; x_wconf 90' lang='lat'>—-</span> 
     </span>
     <span class='ocr_line' id='line_1_53' title="bbox 1215 972 1895 1018; baseline 0.006 -15"><span class='ocrx_word' id='word_1_282' title='bbox 1215 972 1358 1005; x_wconf 76' lang='lat' dir='ltr'>Petaurz&#39;.</span> <span class='ocrx_word' id='word_1_283' title='bbox 1380 973 1432 1005; x_wconf 87' lang='lat' dir='ltr'>De</span> <span class='ocrx_word' id='word_1_284' title='bbox 1452 973 1602 1005; x_wconf 85' lang='lat' dir='ltr'>Petauro</span> <span class='ocrx_word' id='word_1_285' title='bbox 1617 999 1626 1014; x_wconf 83' lang='lat'>,</span> <span class='ocrx_word' id='word_1_286' title='bbox 1645 972 1733 1018; x_wconf 85' lang='lat' dir='ltr'>quid</span> <span class='ocrx_word' id='word_1_287' title='bbox 1750 981 1838 1007; x_wconf 87' lang='lat' dir='ltr'>esset</span> <span class='ocrx_word' id='word_1_288' title='bbox 1860 981 1895 1007; x_wconf 89' lang='lat' dir='ltr'>et</span> 
     </span>
     <span class='ocr_line' id='line_1_54' title="bbox 1215 1025 1894 1070; baseline 0.003 -13"><span class='ocrx_word' id='word_1_289' title='bbox 1215 1036 1283 1069; x_wconf 90' lang='lat' dir='ltr'>qua</span> <span class='ocrx_word' id='word_1_290' title='bbox 1309 1025 1422 1070; x_wconf 82' lang='lat' dir='ltr'>figura</span> <span class='ocrx_word' id='word_1_291' title='bbox 1437 1050 1446 1066; x_wconf 87' lang='lat'><strong><em>‚</em></strong></span> <span class='ocrx_word' id='word_1_292' title='bbox 1466 1026 1613 1059; x_wconf 88' lang='lat' dir='ltr'>obscura</span> <span class='ocrx_word' id='word_1_293' title='bbox 1634 1026 1780 1059; x_wconf 90' lang='lat' dir='ltr'>omnino</span> <span class='ocrx_word' id='word_1_294' title='bbox 1805 1026 1894 1060; x_wconf 87' lang='lat' dir='ltr'>ratio</span> 
     </span>
     <span class='ocr_line' id='line_1_55' title="bbox 1215 1078 1894 1123; baseline 0.003 -13"><span class='ocrx_word' id='word_1_295' title='bbox 1215 1085 1275 1111; x_wconf 88' lang='lat' dir='ltr'>est.</span> <span class='ocrx_word' id='word_1_296' title='bbox 1297 1100 1346 1104; x_wconf 92' lang='lat'>—</span> <span class='ocrx_word' id='word_1_297' title='bbox 1372 1078 1523 1123; x_wconf 85' lang='lat' dir='ltr'>Scaliger</span> <span class='ocrx_word' id='word_1_298' title='bbox 1549 1078 1593 1112; x_wconf 88' lang='lat' dir='ltr'>ad</span> <span class='ocrx_word' id='word_1_299' title='bbox 1624 1079 1721 1112; x_wconf 89' lang='lat' dir='ltr'>hunc</span> <span class='ocrx_word' id='word_1_300' title='bbox 1752 1091 1894 1113; x_wconf 88' lang='lat' dir='ltr'>versum</span> 
     </span>
     <span class='ocr_line' id='line_1_56' title="bbox 1214 1131 1895 1178; baseline 0.006 -16"><span class='ocrx_word' id='word_1_301' title='bbox 1214 1131 1378 1173; x_wconf 82' lang='lat' dir='ltr'>Manilii,</span> <span class='ocrx_word' id='word_1_302' title='bbox 1406 1131 1469 1164; x_wconf 91' lang='lat' dir='ltr'>lib.</span> <span class='ocrx_word' id='word_1_303' title='bbox 1501 1132 1563 1165; x_wconf 86' lang='lat' dir='ltr'>V:</span> <span class='ocrx_word' id='word_1_304' title='bbox 1593 1149 1605 1161; x_wconf 85' lang='lat'>«</span> <span class='ocrx_word' id='word_1_305' title='bbox 1626 1132 1785 1177; x_wconf 86' lang='lat' dir='ltr'>Corpora</span> <span class='ocrx_word' id='word_1_306' title='bbox 1816 1143 1895 1178; x_wconf 83' lang='lat' dir='ltr'>quae</span> 
     </span>
     <span class='ocr_line' id='line_1_57' title="bbox 1214 1182 1894 1227; baseline 0 -11"><span class='ocrx_word' id='word_1_307' title='bbox 1214 1182 1331 1218; x_wconf 84' lang='lat' dir='ltr'>valido</span> <span class='ocrx_word' id='word_1_308' title='bbox 1359 1184 1487 1217; x_wconf 84' lang='lat' dir='ltr'>saliunt</span> <span class='ocrx_word' id='word_1_309' title='bbox 1511 1196 1652 1218; x_wconf 83' lang='lat' dir='ltr'>excussa</span> <span class='ocrx_word' id='word_1_310' title='bbox 1673 1185 1823 1218; x_wconf 88' lang='lat' dir='ltr'>Petauro</span> <span class='ocrx_word' id='word_1_311' title='bbox 1848 1202 1862 1216; x_wconf 75' lang='lat' dir='ltr'>n</span> <span class='ocrx_word' id='word_1_312' title='bbox 1885 1212 1894 1227; x_wconf 84' lang='lat'>‚</span> 
     </span>
     <span class='ocr_line' id='line_1_58' title="bbox 1213 1235 1894 1271; baseline 0.001 -1"><span class='ocrx_word' id='word_1_313' title='bbox 1213 1237 1263 1270; x_wconf 93' lang='lat' dir='ltr'>sic</span> <span class='ocrx_word' id='word_1_314' title='bbox 1296 1235 1339 1270; x_wconf 89' lang='lat' dir='ltr'>de</span> <span class='ocrx_word' id='word_1_315' title='bbox 1367 1237 1515 1271; x_wconf 85' lang='lat' dir='ltr'>Petauro</span> <span class='ocrx_word' id='word_1_316' title='bbox 1542 1237 1710 1271; x_wconf 88' lang='lat' dir='ltr'>disserit:</span> <span class='ocrx_word' id='word_1_317' title='bbox 1737 1239 1825 1271; x_wconf 89' lang='lat' dir='ltr'>Rota</span> <span class='ocrx_word' id='word_1_318' title='bbox 1856 1238 1894 1271; x_wconf 88' lang='lat' dir='ltr'>in</span> 
     </span>
     <span class='ocr_line' id='line_1_59' title="bbox 1214 1290 1893 1336; baseline 0.004 -15"><span class='ocrx_word' id='word_1_319' title='bbox 1214 1290 1355 1323; x_wconf 86' lang='lat' dir='ltr'>sublimi</span> <span class='ocrx_word' id='word_1_320' title='bbox 1372 1291 1485 1336; x_wconf 87' lang='lat' dir='ltr'>posita</span> <span class='ocrx_word' id='word_1_321' title='bbox 1501 1303 1518 1324; x_wconf 87' lang='lat' dir='ltr'>a</span> <span class='ocrx_word' id='word_1_322' title='bbox 1530 1290 1666 1324; x_wconf 87' lang='lat' dir='ltr'>duobus</span> <span class='ocrx_word' id='word_1_323' title='bbox 1681 1292 1893 1324; x_wconf 83' lang='lat' dir='ltr'>versabatur.</span> 
     </span>
     <span class='ocr_line' id='line_1_60' title="bbox 1214 1343 1894 1389; baseline 0.001 -14"><span class='ocrx_word' id='word_1_324' title='bbox 1214 1343 1313 1376; x_wconf 88' lang='lat' dir='ltr'>Alter</span> <span class='ocrx_word' id='word_1_325' title='bbox 1335 1357 1507 1389; x_wconf 81' lang='lat' dir='ltr'>superne,</span> <span class='ocrx_word' id='word_1_326' title='bbox 1534 1344 1622 1378; x_wconf 86' lang='lat' dir='ltr'>alter</span> <span class='ocrx_word' id='word_1_327' title='bbox 1642 1344 1779 1377; x_wconf 76' lang='lat' dir='ltr'>inferne</span> <span class='ocrx_word' id='word_1_328' title='bbox 1803 1344 1894 1377; x_wconf 89' lang='lat' dir='ltr'>nite-</span> 
     </span>
     <span class='ocr_line' id='line_1_61' title="bbox 1213 1395 1893 1442; baseline 0.003 -14"><span class='ocrx_word' id='word_1_329' title='bbox 1213 1396 1326 1429; x_wconf 89' lang='lat' dir='ltr'>batur.</span> <span class='ocrx_word' id='word_1_330' title='bbox 1347 1397 1400 1429; x_wconf 84' lang='lat' dir='ltr'>Ita</span> <span class='ocrx_word' id='word_1_331' title='bbox 1418 1397 1523 1430; x_wconf 81' lang='lat' dir='ltr'>fiebat</span> <span class='ocrx_word' id='word_1_332' title='bbox 1540 1405 1579 1430; x_wconf 90' lang='lat' dir='ltr'>ut</span> <span class='ocrx_word' id='word_1_333' title='bbox 1598 1397 1741 1430; x_wconf 87' lang='lat' dir='ltr'>alternis</span> <span class='ocrx_word' id='word_1_334' title='bbox 1766 1395 1893 1442; x_wconf 86' lang='lat' dir='ltr'>dejecti</span> 
     </span>
     <span class='ocr_line' id='line_1_62' title="bbox 1213 1448 1895 1495; baseline 0.004 -15"><span class='ocrx_word' id='word_1_335' title='bbox 1213 1461 1307 1481; x_wconf 87' lang='lat' dir='ltr'>nunc</span> <span class='ocrx_word' id='word_1_336' title='bbox 1322 1448 1538 1495; x_wconf 85' lang='lat' dir='ltr'>penderent,</span> <span class='ocrx_word' id='word_1_337' title='bbox 1560 1461 1654 1482; x_wconf 88' lang='lat' dir='ltr'>nunc</span> <span class='ocrx_word' id='word_1_338' title='bbox 1672 1449 1777 1482; x_wconf 89' lang='lat' dir='ltr'>erecti</span> <span class='ocrx_word' id='word_1_339' title='bbox 1797 1449 1895 1483; x_wconf 89' lang='lat' dir='ltr'>sede·</span> 
     </span>
     <span class='ocr_line' id='line_1_63' title="bbox 1212 1501 1894 1536; baseline 0.004 -3"><span class='ocrx_word' id='word_1_340' title='bbox 1212 1510 1304 1534; x_wconf 87' lang='lat' dir='ltr'>rent.</span> <span class='ocrx_word' id='word_1_341' title='bbox 1339 1502 1405 1535; x_wconf 92' lang='lat' dir='ltr'>Per</span> <span class='ocrx_word' id='word_1_342' title='bbox 1444 1501 1601 1536; x_wconf 86' lang='lat' dir='ltr'>eamdem</span> <span class='ocrx_word' id='word_1_343' title='bbox 1639 1510 1751 1535; x_wconf 88' lang='lat' dir='ltr'>rotam</span> <span class='ocrx_word' id='word_1_344' title='bbox 1789 1502 1894 1536; x_wconf 88' lang='lat' dir='ltr'>etiam</span> 
     </span>
     <span class='ocr_line' id='line_1_64' title="bbox 1213 1556 1895 1605; baseline 0.001 -18"><span class='ocrx_word' id='word_1_345' title='bbox 1213 1566 1361 1600; x_wconf 88' lang='lat' dir='ltr'>corpora</span> <span class='ocrx_word' id='word_1_346' title='bbox 1402 1563 1581 1605; x_wconf 52' lang='lat' dir='ltr'>contento·</span> <span class='ocrx_word' id='word_1_347' title='bbox 1609 1556 1698 1588; x_wconf 90' lang='lat' dir='ltr'>saltu</span> <span class='ocrx_word' id='word_1_348' title='bbox 1741 1556 1895 1601; x_wconf 87' lang='lat' dir='ltr'>subjecta</span> 
     </span>
     <span class='ocr_line' id='line_1_65' title="bbox 1214 1608 1892 1654; baseline 0.001 -14"><span class='ocrx_word' id='word_1_349' title='bbox 1214 1608 1447 1653; x_wconf 78' lang='lat' dir='ltr'>trajiciebant.</span> <span class='ocrx_word' id='word_1_350' title='bbox 1469 1608 1546 1641; x_wconf 92' lang='lat' dir='ltr'>Lib.</span> <span class='ocrx_word' id='word_1_351' title='bbox 1571 1608 1623 1641; x_wconf 90' lang='lat' dir='ltr'>XI</span> <span class='ocrx_word' id='word_1_352' title='bbox 1637 1633 1647 1649; x_wconf 75' lang='grc'><em>,</em></span> <span class='ocrx_word' id='word_1_353' title='bbox 1667 1608 1776 1654; x_wconf 86' lang='lat' dir='ltr'>epigr.</span> <span class='ocrx_word' id='word_1_354' title='bbox 1798 1620 1892 1642; x_wconf 75' lang='lat' dir='ltr'>xxn:</span> 
     </span>
     <span class='ocr_line' id='line_1_66' title="bbox 1219 1661 1894 1702; baseline 0.001 -9"><span class='ocrx_word' id='word_1_355' title='bbox 1219 1678 1231 1689; x_wconf 92' lang='lat'>«</span> <span class='ocrx_word' id='word_1_356' title='bbox 1258 1661 1374 1702; x_wconf 86' lang='lat' dir='ltr'>Quam</span> <span class='ocrx_word' id='word_1_357' title='bbox 1396 1670 1473 1695; x_wconf 89' lang='lat' dir='ltr'>rota</span> <span class='ocrx_word' id='word_1_358' title='bbox 1496 1661 1697 1695; x_wconf 88' lang='lat' dir='ltr'>transmisso</span> <span class='ocrx_word' id='word_1_359' title='bbox 1717 1661 1821 1694; x_wconf 86' lang='lat' dir='ltr'>toties</span> <span class='ocrx_word' id='word_1_360' title='bbox 1840 1662 1894 1695; x_wconf 89' lang='lat' dir='ltr'>in-</span> 
     </span>
     <span class='ocr_line' id='line_1_67' title="bbox 1214 1713 1894 1748; baseline 0.001 -2"><span class='ocrx_word' id='word_1_361' title='bbox 1214 1722 1303 1748; x_wconf 85' lang='lat' dir='ltr'>tacta</span> <span class='ocrx_word' id='word_1_362' title='bbox 1318 1715 1481 1747; x_wconf 85' lang='lat' dir='ltr'>Petauro.</span> <span class='ocrx_word' id='word_1_363' title='bbox 1502 1731 1516 1744; x_wconf 75' lang='lat' dir='ltr'>n</span> <span class='ocrx_word' id='word_1_364' title='bbox 1549 1713 1654 1748; x_wconf 86' lang='lat' dir='ltr'>Unde</span> <span class='ocrx_word' id='word_1_365' title='bbox 1673 1722 1707 1748; x_wconf 90' lang='lat' dir='ltr'>et</span> <span class='ocrx_word' id='word_1_366' title='bbox 1725 1727 1767 1748; x_wconf 83' lang='lat' dir='ltr'>ex</span> <span class='ocrx_word' id='word_1_367' title='bbox 1785 1715 1894 1748; x_wconf 87' lang='lat' dir='ltr'>Juve-</span> 
     </span>
     <span class='ocr_line' id='line_1_68' title="bbox 1213 1767 1893 1813; baseline 0.003 -14"><span class='ocrx_word' id='word_1_368' title='bbox 1213 1768 1292 1799; x_wconf 88' lang='lat' dir='ltr'>nale</span> <span class='ocrx_word' id='word_1_369' title='bbox 1308 1794 1316 1808; x_wconf 82' lang='lat'>‚</span> <span class='ocrx_word' id='word_1_370' title='bbox 1339 1776 1372 1801; x_wconf 89' lang='lat' dir='ltr'>et</span> <span class='ocrx_word' id='word_1_371' title='bbox 1390 1780 1431 1800; x_wconf 83' lang='lat' dir='ltr'>ex</span> <span class='ocrx_word' id='word_1_372' title='bbox 1449 1767 1523 1801; x_wconf 86' lang='lat' dir='ltr'>aliis</span> <span class='ocrx_word' id='word_1_373' title='bbox 1539 1768 1644 1801; x_wconf 89' lang='lat' dir='ltr'>rebus</span> <span class='ocrx_word' id='word_1_374' title='bbox 1661 1779 1745 1813; x_wconf 88' lang='lat' dir='ltr'>quas</span> <span class='ocrx_word' id='word_1_375' title='bbox 1763 1779 1893 1813; x_wconf 87' lang='lat' dir='ltr'>conge-</span> 
     </span>
     <span class='ocr_line' id='line_1_69' title="bbox 1213 1819 1894 1866; baseline 0 -13"><span class='ocrx_word' id='word_1_376' title='bbox 1213 1820 1259 1853; x_wconf 83' lang='lat' dir='ltr'>rit</span> <span class='ocrx_word' id='word_1_377' title='bbox 1282 1820 1489 1866; x_wconf 69' lang='lat' dir='ltr'>Hieronym.</span> <span class='ocrx_word' id='word_1_378' title='bbox 1515 1820 1734 1854; x_wconf 75' lang='lat' dir='ltr'>Mercurialis</span> <span class='ocrx_word' id='word_1_379' title='bbox 1764 1820 1800 1853; x_wconf 89' lang='lat' dir='ltr'>in</span> <span class='ocrx_word' id='word_1_380' title='bbox 1829 1819 1894 1853; x_wconf 88' lang='lat' dir='ltr'>do-</span> 
     </span>
     <span class='ocr_line' id='line_1_70' title="bbox 1215 1872 1893 1918; baseline 0.001 -13"><span class='ocrx_word' id='word_1_381' title='bbox 1215 1873 1368 1907; x_wconf 78' lang='lat' dir='ltr'>ctissimo</span> <span class='ocrx_word' id='word_1_382' title='bbox 1384 1874 1475 1907; x_wconf 90' lang='lat' dir='ltr'>libro</span> <span class='ocrx_word' id='word_1_383' title='bbox 1496 1872 1540 1906; x_wconf 87' lang='lat' dir='ltr'>de</span> <span class='ocrx_word' id='word_1_384' title='bbox 1562 1882 1634 1907; x_wconf 89' lang='lat' dir='ltr'>arte</span> <span class='ocrx_word' id='word_1_385' title='bbox 1656 1873 1869 1918; x_wconf 79' lang='lat' dir='ltr'>gymnastica</span> <span class='ocrx_word' id='word_1_386' title='bbox 1884 1899 1893 1915; x_wconf 91' lang='lat'>,</span> 
     </span>
     <span class='ocr_line' id='line_1_71' title="bbox 1214 1926 1895 1972; baseline 0.001 -14"><span class='ocrx_word' id='word_1_387' title='bbox 1214 1926 1286 1959; x_wconf 89' lang='lat' dir='ltr'>imo</span> <span class='ocrx_word' id='word_1_388' title='bbox 1306 1939 1346 1960; x_wconf 82' lang='lat' dir='ltr'>ex</span> <span class='ocrx_word' id='word_1_389' title='bbox 1366 1926 1577 1972; x_wconf 80' lang='lat' dir='ltr'>etymologia</span> <span class='ocrx_word' id='word_1_390' title='bbox 1596 1926 1694 1960; x_wconf 85' lang='lat' dir='ltr'>vocis</span> <span class='ocrx_word' id='word_1_391' title='bbox 1710 1926 1818 1971; x_wconf 87' lang='lat' dir='ltr'>ipsius</span> <span class='ocrx_word' id='word_1_392' title='bbox 1832 1926 1895 1959; x_wconf 91' lang='lat' dir='ltr'>Pe-</span> 
     </span>
     <span class='ocr_line' id='line_1_72' title="bbox 1216 1977 1889 2025; baseline 0 -14"><span class='ocrx_word' id='word_1_393' title='bbox 1216 1980 1307 2012; x_wconf 86' lang='lat' dir='ltr'>tauri</span> <span class='ocrx_word' id='word_1_394' title='bbox 1323 1977 1335 2019; x_wconf 93' lang='lat'>(</span> <span class='ocrx_word' id='word_1_395' title='bbox 1351 1977 1432 2024; x_wconf 69' lang='grc' dir='ltr'>αὖρςι</span> <span class='ocrx_word' id='word_1_396' title='bbox 1446 2002 1455 2020; x_wconf 85' lang='grc'>,</span> <span class='ocrx_word' id='word_1_397' title='bbox 1477 1992 1555 2012; x_wconf 79' lang='lat' dir='ltr'>aura</span> <span class='ocrx_word' id='word_1_398' title='bbox 1566 1993 1580 2019; x_wconf 92' lang='lat'><em>;</em></span> <span class='ocrx_word' id='word_1_399' title='bbox 1599 1981 1764 2025; x_wconf 73' lang='grc' dir='ltr'><strong>πέτομαι,</strong></span> <span class='ocrx_word' id='word_1_400' title='bbox 1780 1979 1856 2011; x_wconf 69' lang='lat' dir='ltr'>volo</span> <span class='ocrx_word' id='word_1_401' title='bbox 1865 1977 1889 2021; x_wconf 89' lang='lat'>),</span> 
     </span>
     <span class='ocr_line' id='line_1_73' title="bbox 1217 2032 1894 2078; baseline 0 -13"><span class='ocrx_word' id='word_1_402' title='bbox 1217 2041 1362 2078; x_wconf 85' lang='lat' dir='ltr'>apparet</span> <span class='ocrx_word' id='word_1_403' title='bbox 1373 2032 1693 2066; x_wconf 84' lang='lat' dir='ltr'>machinamentum</span> <span class='ocrx_word' id='word_1_404' title='bbox 1706 2032 1810 2066; x_wconf 91' lang='lat' dir='ltr'>fuisse</span> <span class='ocrx_word' id='word_1_405' title='bbox 1821 2041 1894 2078; x_wconf 88' lang='lat' dir='ltr'>quo</span> 
     </span>
     <span class='ocr_line' id='line_1_74' title="bbox 1216 2085 1893 2127; baseline 0.001 -10"><span class='ocrx_word' id='word_1_406' title='bbox 1216 2085 1377 2119; x_wconf 90' lang='lat' dir='ltr'>homines</span> <span class='ocrx_word' id='word_1_407' title='bbox 1392 2085 1572 2119; x_wconf 86' lang='lat' dir='ltr'>celerrime</span> <span class='ocrx_word' id='word_1_408' title='bbox 1584 2093 1788 2119; x_wconf 87' lang='lat' dir='ltr'>rotarentur</span> <span class='ocrx_word' id='word_1_409' title='bbox 1798 2111 1807 2127; x_wconf 95' lang='lat'>‚</span> <span class='ocrx_word' id='word_1_410' title='bbox 1820 2098 1893 2118; x_wconf 90' lang='lat' dir='ltr'>non</span> 
     </span>
     <span class='ocr_line' id='line_1_75' title="bbox 1217 2137 1895 2184; baseline 0.001 -13"><span class='ocrx_word' id='word_1_411' title='bbox 1217 2137 1259 2171; x_wconf 90' lang='lat' dir='ltr'>ad</span> <span class='ocrx_word' id='word_1_412' title='bbox 1284 2138 1376 2172; x_wconf 86' lang='lat' dir='ltr'>hanc</span> <span class='ocrx_word' id='word_1_413' title='bbox 1400 2151 1475 2172; x_wconf 90' lang='lat' dir='ltr'>rem</span> <span class='ocrx_word' id='word_1_414' title='bbox 1501 2138 1635 2172; x_wconf 88' lang='lat' dir='ltr'>viribus</span> <span class='ocrx_word' id='word_1_415' title='bbox 1660 2146 1722 2171; x_wconf 89' lang='lat' dir='ltr'>aut</span> <span class='ocrx_word' id='word_1_416' title='bbox 1742 2138 1895 2184; x_wconf 85' lang='lat' dir='ltr'>agilitate</span> 
     </span>
     <span class='ocr_line' id='line_1_76' title="bbox 1217 2190 1894 2237; baseline 0 -13"><span class='ocrx_word' id='word_1_417' title='bbox 1217 2192 1374 2237; x_wconf 82' lang='lat' dir='ltr'>corporis</span> <span class='ocrx_word' id='word_1_418' title='bbox 1400 2205 1488 2237; x_wconf 90' lang='lat' dir='ltr'>opus</span> <span class='ocrx_word' id='word_1_419' title='bbox 1509 2192 1695 2228; x_wconf 88' lang='lat' dir='ltr'>habentes,</span> <span class='ocrx_word' id='word_1_420' title='bbox 1716 2190 1777 2224; x_wconf 88' lang='lat' dir='ltr'>sed</span> <span class='ocrx_word' id='word_1_421' title='bbox 1798 2203 1894 2225; x_wconf 80' lang='lat' dir='ltr'>exer-</span> 
     </span>
     <span class='ocr_line' id='line_1_77' title="bbox 1216 2244 1895 2290; baseline 0 -13"><span class='ocrx_word' id='word_1_422' title='bbox 1216 2245 1321 2278; x_wconf 84' lang='lat' dir='ltr'>citata</span> <span class='ocrx_word' id='word_1_423' title='bbox 1340 2244 1490 2290; x_wconf 88' lang='lat' dir='ltr'>quadam</span> <span class='ocrx_word' id='word_1_424' title='bbox 1510 2244 1693 2278; x_wconf 88' lang='lat' dir='ltr'>industria.</span> <span class='ocrx_word' id='word_1_425' title='bbox 1711 2244 1791 2277; x_wconf 91' lang='lat' dir='ltr'>Non</span> <span class='ocrx_word' id='word_1_426' title='bbox 1809 2244 1895 2277; x_wconf 88' lang='lat' dir='ltr'>absi-</span> 
     </span>
     <span class='ocr_line' id='line_1_78' title="bbox 1216 2297 1894 2343; baseline 0 -13"><span class='ocrx_word' id='word_1_427' title='bbox 1216 2297 1291 2331; x_wconf 87' lang='lat' dir='ltr'>mili</span> <span class='ocrx_word' id='word_1_428' title='bbox 1313 2298 1428 2331; x_wconf 86' lang='lat' dir='ltr'>forsan</span> <span class='ocrx_word' id='word_1_429' title='bbox 1448 2297 1555 2331; x_wconf 90' lang='lat' dir='ltr'>modo</span> <span class='ocrx_word' id='word_1_430' title='bbox 1579 2297 1708 2331; x_wconf 86' lang='lat' dir='ltr'>nostris</span> <span class='ocrx_word' id='word_1_431' title='bbox 1726 2297 1894 2343; x_wconf 84' lang='lat' dir='ltr'>tempori-</span> 
     </span>
     <span class='ocr_line' id='line_1_79' title="bbox 1215 2348 1894 2396; baseline -0.003 -12"><span class='ocrx_word' id='word_1_432' title='bbox 1215 2352 1279 2384; x_wconf 87' lang='lat' dir='ltr'>bus</span> <span class='ocrx_word' id='word_1_433' title='bbox 1309 2351 1505 2384; x_wconf 88' lang='lat' dir='ltr'>funambuli</span> <span class='ocrx_word' id='word_1_434' title='bbox 1532 2351 1614 2383; x_wconf 87' lang='lat' dir='ltr'>fune</span> <span class='ocrx_word' id='word_1_435' title='bbox 1636 2363 1707 2396; x_wconf 89' lang='lat' dir='ltr'>quo</span> <span class='ocrx_word' id='word_1_436' title='bbox 1740 2348 1894 2383; x_wconf 76' lang='lat' dir='ltr'>insident</span> 
     </span>
     <span class='ocr_line' id='line_1_80' title="bbox 1214 2402 1894 2448; baseline -0.001 -12"><span class='ocrx_word' id='word_1_437' title='bbox 1214 2404 1456 2437; x_wconf 76' lang='lat' dir='ltr'>vehementius</span> <span class='ocrx_word' id='word_1_438' title='bbox 1470 2404 1595 2436; x_wconf 88' lang='lat' dir='ltr'>librata</span> <span class='ocrx_word' id='word_1_439' title='bbox 1612 2403 1717 2437; x_wconf 84' lang='lat' dir='ltr'>celeri</span> <span class='ocrx_word' id='word_1_440' title='bbox 1732 2402 1819 2436; x_wconf 90' lang='lat' dir='ltr'>saltu</span> <span class='ocrx_word' id='word_1_441' title='bbox 1830 2415 1894 2448; x_wconf 86' lang='lat' dir='ltr'>per</span> 
     </span>
     <span class='ocr_line' id='line_1_81' title="bbox 1214 2457 1892 2501; baseline -0.004 -11"><span class='ocrx_word' id='word_1_442' title='bbox 1214 2465 1326 2490; x_wconf 87' lang='lat' dir='ltr'>rotam</span> <span class='ocrx_word' id='word_1_443' title='bbox 1358 2457 1576 2490; x_wconf 87' lang='lat' dir='ltr'>chartaceam</span> <span class='ocrx_word' id='word_1_444' title='bbox 1609 2468 1758 2501; x_wconf 86' lang='lat' dir='ltr'>corpora</span> <span class='ocrx_word' id='word_1_445' title='bbox 1781 2463 1892 2488; x_wconf 89' lang='lat' dir='ltr'>trans-</span> 
     </span>
     <span class='ocr_line' id='line_1_82' title="bbox 1214 2507 1893 2553; baseline -0.003 -10"><span class='ocrx_word' id='word_1_446' title='bbox 1214 2511 1372 2544; x_wconf 75' lang='lat' dir='ltr'>mittunt.</span> <span class='ocrx_word' id='word_1_447' title='bbox 1419 2510 1536 2551; x_wconf 87' lang='lat' dir='ltr'>Quare</span> <span class='ocrx_word' id='word_1_448' title='bbox 1580 2507 1795 2553; x_wconf 82' lang='lat' dir='ltr'>comparatio</span> <span class='ocrx_word' id='word_1_449' title='bbox 1843 2517 1893 2541; x_wconf 88' lang='lat' dir='ltr'>est</span> 
     </span>
     <span class='ocr_line' id='line_1_83' title="bbox 1214 2560 1891 2609; baseline -0.006 -13"><span class='ocrx_word' id='word_1_450' title='bbox 1214 2563 1391 2609; x_wconf 85' lang='lat' dir='ltr'>aptissima</span> <span class='ocrx_word' id='word_1_451' title='bbox 1408 2576 1416 2604; x_wconf 93' lang='lat'>;</span> <span class='ocrx_word' id='word_1_452' title='bbox 1458 2560 1756 2607; x_wconf 86' lang='lat' dir='ltr'>quemadmodum</span> <span class='ocrx_word' id='word_1_453' title='bbox 1797 2561 1891 2593; x_wconf 88' lang='lat' dir='ltr'>enim</span> 
     </span>
     <span class='ocr_line' id='line_1_84' title="bbox 1214 2613 1893 2649; baseline -0.004 0"><span class='ocrx_word' id='word_1_454' title='bbox 1214 2616 1282 2649; x_wconf 85' lang='lat' dir='ltr'>hoe</span> <span class='ocrx_word' id='word_1_455' title='bbox 1304 2616 1493 2649; x_wconf 80' lang='lat' dir='ltr'>artificium</span> <span class='ocrx_word' id='word_1_456' title='bbox 1515 2628 1531 2648; x_wconf 83' lang='lat' dir='ltr'>a</span> <span class='ocrx_word' id='word_1_457' title='bbox 1547 2613 1643 2647; x_wconf 86' lang='lat' dir='ltr'>Lada</span> <span class='ocrx_word' id='word_1_458' title='bbox 1662 2625 1804 2646; x_wconf 86' lang='lat' dir='ltr'>cursore</span> <span class='ocrx_word' id='word_1_459' title='bbox 1825 2614 1893 2646; x_wconf 89' lang='lat' dir='ltr'>exi-</span> 
     </span>
     <span class='ocr_line' id='line_1_85' title="bbox 1214 2666 1892 2708; baseline -0.004 -7"><span class='ocrx_word' id='word_1_460' title='bbox 1214 2670 1285 2701; x_wconf 85' lang='lat' dir='ltr'>mio</span> <span class='ocrx_word' id='word_1_461' title='bbox 1317 2669 1492 2708; x_wconf 81' lang='lat' dir='ltr'>alienum,</span> <span class='ocrx_word' id='word_1_462' title='bbox 1517 2668 1562 2700; x_wconf 75' lang='lat' dir='ltr'>ita</span> <span class='ocrx_word' id='word_1_463' title='bbox 1593 2680 1609 2699; x_wconf 86' lang='lat' dir='ltr'>a</span> <span class='ocrx_word' id='word_1_464' title='bbox 1638 2666 1795 2699; x_wconf 80' lang='lat' dir='ltr'>Martiale</span> <span class='ocrx_word' id='word_1_465' title='bbox 1827 2666 1892 2698; x_wconf 86' lang='lat' dir='ltr'>mi-</span> 
     </span>
    </p>
   </div>
   <div class='ocr_carea' id='block_1_6' title="bbox 2046 2237 2061 3288">
    <p class='ocr_par' dir='ltr' id='par_1_9' title="bbox 2046 2237 2061 3288">
     <span class='ocr_line' id='line_1_86' title="bbox 2046 2237 2061 3288; baseline 0 0"><span class='ocrx_word' id='word_1_466' title='bbox 2046 2237 2061 3288; x_wconf 95' lang='lat' dir='ltr'> </span> 
     </span>
    </p>
   </div>
  </div>
 </body>
</html>
