2061 3288
448 220 1032 264 EPIGRAMMATUM
1072 221 1197 263 Llss.
1237 221 1321 263 111

1501 220 1590 276 341

328 309 510 360 Resina,
532 310 702 352 Veneto
730 325 808 352 nce
837 324 1031 353 resecare
1058 307 1162 351 luto.

258 380 440 433 Desine,
462 381 493 423 si
516 379 658 440 pudor
680 389 763 431 est,
786 380 984 423 miseram
1007 378 1235 422 traducere
1259 377 1424 423 calvam
1448 397 1455 421 :
1587 402 1600 424 s

327 452 421 493 Hoc
449 450 540 493 fieri
569 467 737 504 cunno,
766 449 1040 511 Gargiliane,
1067 449 1186 493 solet.

186 588 276 630 Ouid
296 588 422 631 sacient
447 601 576 632 ungues.
601 589 747 622 Veteres
773 589 861 621 sole-

184 641 266 674 haut
292 653 364 673 non
393 642 504 675 solum
536 641 702 679 barbam,
737 640 797 675 sed
828 650 861 675 et

182 693 387 727 resecandos
408 707 538 739 ungues
561 695 760 728 tonsoribus
775 707 862 740 prae-

182 747 264 780 bere
282 759 289 780 :
312 747 379 780 hoc
398 757 448 780 est
464 775 473 789 ‚
499 748 628 781 Saltem
647 746 689 780 ad
708 760 861 781 resecan-

181 798 245 831 dos
263 813 396 845 ungues
417 802 508 833 ferro
525 801 575 833 uti
590 800 712 841 debes,
730 809 763 833 et
781 809 859 834 ton-

183 853 252 885 sori
270 862 302 886 te
318 854 548 887 committere.
570 853 653 887 Vid.
674 854 735 887 lib.
761 855 860 894 XIV,

182 905 290 951 epigr.
315 919 431 939 xxxx-1⁴

237 964 270 999 (ᾗ.
294 960 414 991 ῘίἠιἸυ
431 973 497 992 nec.
521 960 629 992 Mixta
652 968 748 993 aceto
769 968 859 993 terra

182 1024 222 1044 ex
244 1012 363 1057 Cypro
393 1012 649 1053 advehebatur,
671 1025 775 1058 quain
798 1026 859 1047 vo·

924 589 1048 621 cabant
1077 588 1188 621 lutum
1219 589 1396 621 Venetum
1417 613 1426 629 ‚
1461 601 1500 620 cx
1531 600 1602 633 quo

921 641 1134 686 psilothrum
1168 649 1388 686 unguentum
1420 641 1524 675 fiebat
1556 640 1602 674 ud

924 694 1125 728 evellendos
1149 696 1272 728 crines.

977 748 1010 780 5.
1041 748 1228 780 Tradat-ere.
1254 746 1415 780 Reddere
1435 747 1602 780 infamem

921 809 953 833 et
981 801 1072 833 malo
1101 803 1220 833 rumori
1243 801 1441 834 obnoxiam.
1464 802 1514 833 De
1533 801 1604 833 hoe

922 854 1028 887 verbo
1045 853 1178 887 dictum
1197 854 1257 887 lib.
1283 854 1400 898 Spect.
1422 853 1530 898 epigr.
1550 865 1598 886 tv.

976 909 1010 940 6.
1044 907 1141 940 Solet.
1168 907 1295 940 Sensus
1324 916 1372 940 est
1391 919 1398 939 2
1420 907 1451 940 Ο
1476 907 1601 951 Gargi-

920 960 1013 992 liane
1027 985 1035 1000 ‚
1056 959 1185 994 videris
1206 969 1238 994 te
1254 973 1464 1006 componere
1480 958 1522 992 ad
1536 960 1600 992 fel-

920 1011 1084 1055 landum,
1101 1022 1165 1046 etc.

762 1147 1013 1203 LXXV.

686 1304 736 1331 IN
778 1304 1091 1332 LUPERCL'M.

252 1429 426 1477 STARE,
454 1429 679 1488 Luperco,
708 1428 785 1471 tibi
812 1429 898 1487 jani
927 1428 1097 1488 pridem
1125 1427 1321 1472 mentula
1347 1428 1482 1472 desit:

322 1499 521 1542 Luctaris
550 1498 729 1542 (leniens
755 1508 800 1541 tu
828 1509 973 1541 tamen
1000 1500 1204 1559 arrigere.

250 1568 334 1613 Sed
364 1569 468 1612 nihil
499 1586 640 1613 crucae
668 1569 859 1622 faciunt,
887 1568 1095 1629 bulbique
1121 1569 1306 1624 salaces;

320 1641 529 1700 Improba
558 1656 638 1683 nec
667 1649 851 1700 prosunt
873 1639 963 1699 jain
995 1642 1181 1684 satureia
1212 1641 1301 1684 tibi.

253 1711 433 1770 Coepisti
460 1727 590 1771 puras
616 1711 773 1771 opibus
799 1727 1082 1771 corrumpere
1109 1711 1270 1756 buccas
1291 1730 1299 1754 :

321 1782 390 1824 Sic
420 1798 593 1842 quoque
618 1798 708 1824 non
734 1782 840 1824 vivit
865 1780 1094 1825 sollicitata
1115 1784 1278 1826 Venus.

240 1926 251 1946 1
264 1940 270 1946 .
294 1912 383 1957 Defit
399 1913 434 1945 in
459 1913 642 1946 Pulinanni
661 1912 792 1946 codice.
805 1935 856 1939 —

181 1967 284 1999 Stare.
329 1966 448 1999 Irrisio
496 1975 546 2000 est
582 1967 617 1999 in
654 1967 856 2011 Lupercum

182 2017 446 2064 quemdamjam
454 2032 630 2060 enervem,
640 2019 702 2064 qui
718 2020 857 2064 ἀστυσῖᾳ

184 2072 360 2105 laborabat
377 2084 384 2105 :
404 2073 477 2117 ipse
491 2081 606 2106 tamen
626 2085 766 2105 omnem
782 2084 856 2104 mo-

182 2125 284 2157 vebat
311 2124 461 2170 lapidem
490 2134 528 2158 ut
554 2134 680 2170 posset.
702 2126 856 2158 Bamires.

183 2199 233 2203 --
255 2179 356 2211 Desit.
377 2178 501 2212 Desiit.

238 2230 270 2263 3.
290 2231 423 2269 Erucoe,
441 2240 505 2265 etc.
525 2232 674 2264 Erucam
687 2257 695 2271 ‚
712 2231 837 2264 bulbos
849 2257 857 2271 ‚

183 2292 286 2328 atque
301 2283 485 2316 satureiam
496 2310 504 2324 ,
519 2285 695 2317 Venerem
709 2284 859 2317 excitare

183 2336 402 2369 notissimum
434 2346 485 2370 est
510 2349 550 2370 ex
571 2336 718 2370 medicis
741 2350 748 2368 :
777 2350 859 2370 eru-

182 2402 257 2422 cam
288 2389 382 2422 enim
412 2389 494 2422 alibi
527 2390 678 2435 appellat
712 2390 857 2423 salacem

183 2442 346 2483 herbam,
371 2442 432 2476 lib.
454 2443 486 2475 X
501 2469 508 2481 ‚
530 2443 641 2488 epigr.
665 2455 779 2476 van1
794 2469 804 2483 .‚
824 2456 856 2476 v.

190 2508 248 2536 103
267 2494 338 2528 vid.
354 2503 389 2528 et
404 2495 465 2528 lib.
484 2496 592 2534 XIII,
613 2496 722 2541 epigr.
737 2508 854 2529 xxx1v.

237 2552 272 2589 4,
294 2548 441 2593 Improba
462 2561 517 2581 nec
531 2573 540 2588 ‚
560 2557 626 2582 etc.
652 2548 749 2582 Salax
767 2575 778 2589 ‚
801 2562 860 2582 ve-

184 2613 302 2634 nerem
331 2601 528 2646 improbam
554 2602 704 2635 irritans.
731 2601 860 2641 Βολὲὸς,

184 2654 237 2686 καὶ
263 2655 412 2698 κοχλίας,
439 2654 492 2688 καὶ
519 2657 594 2690 ὠὸν,
625 2655 678 2688 καὶ
705 2656 748 2689 τὰ
767 2656 861 2701 &aaz

916 1910 1009 1946 δοκεῖ
1024 1916 1211 1959 σπέρματος
1229 1912 1308 1948 εἶναι
1329 1920 1482 1951 πειητικὰ.

916 1963 974 1999 διὰ,
1002 1968 1037 1999 τ’)
1070 1964 1227 2011 ἑμεειιῖεἶς
1256 1969 1337 2011 ἔχειν
1374 1969 1433 2007 τὰς
1463 1970 1597 2014 πρώτας

917 2022 1021 2063 φύσεις
1039 2046 1046 2059 ,
1067 2020 1120 2052 καὶ
1144 2019 1202 2058 τὰς
1224 2021 1324 2059 αὐτὰς
1343 2018 1497 2064 δυνάμεις
1514 2037 1543 2056 κ.
1565 2037 1596 2055 ·.·.

916 2078 945 2105 λ.
966 2073 1153 2106 Athena-:us
1170 2099 1178 2113 ,
1201 2073 1263 2106 lib.
1284 2074 1336 2112 II,
1358 2087 1434 2120 cap.
1457 2076 1515 2108 23.

974 2127 1007 2158 5.
1029 2125 1160 2170 Ccrpisli
1177 2139 1275 2170 paros
1299 2127 1418 2172 Opicas
1430 2154 1438 2168 ,
1458 2128 1598 2173 Lipsius

920 2178 1144 2223 epistolarum
1160 2179 1221 2212 lib.
1234 2180 1281 2218 V,
1302 2182 1322 2211 6
1336 2206 1345 2221 ,
1359 2181 1456 2226 quasi
1473 2181 1517 2214 sit
1533 2182 1597 2214 fcl-

920 2231 1012 2264 latio.
1026 2231 1200 2264 Farnabio
1211 2232 1323 2277 placet
1331 2234 1468 2279 vulgata
1479 2234 1597 2271 lectio.

920 2297 1023 2329 quam
1045 2285 1169 2318 astruit
1191 2285 1227 2318 in
1245 2286 1372 2319 ultimo
1389 2299 1488 2320 versu
1504 2314 1512 2326 ‚
1536 2301 1598 2319 mar

917 2351 982 2382 gno
1003 2346 1097 2370 stare.
1120 2360 1172 2363 ——
1199 2339 1303 2370 Purus
1323 2339 1446 2372 buccas.
1470 2341 1597 2386 Rlagno

919 2390 1004 2423 dicit
1021 2399 1177 2424 constare
1195 2392 1357 2435 Luperco
1372 2416 1381 2432 ‚
1405 2392 1503 2437 quod
1520 2394 1597 2439 opi-

918 2444 983 2477 bus
1011 2453 1217 2489 corruperat
1242 2445 1366 2478 buccas
1386 2457 1490 2490 puras
1509 2459 1597 2491 pue-

919 2509 1065 2537 rorum,
1093 2496 1177 2541 qui,
1211 2497 1280 2530 nisi
1309 2499 1426 2532 oblato
1460 2512 1596 2532 summo

921 2550 1035 2594 pretio
1049 2574 1059 2590 ,
1085 2562 1155 2582 non
1174 2559 1315 2595 possent
1335 2551 1378 2584 ad
1395 2560 1525 2585 tantam
1549 2553 1597 2585 al-

922 2603 976 2636 lici
998 2601 1267 2647 turpitudinem.

977 2658 1009 2688 6.
1046 2655 1100 2689 Sic
1129 2669 1248 2703 quoque
1282 2671 1344 2690 non
1379 2660 1466 2691 ἰ’ἰνίί.
1504 2659 1597 2691 Bene

1295 2719 1384 2772 223
