2061 3288
435 242 1022 287 EPIGRAMMATUM
1060 244 1186 286 LIB.
1228 244 1326 286 111.

1495 244 1593 308 339

745 396 1020 452 LXXII.

652 553 722 580 Αι)
761 532 1116 581 LAUFEIAM.*

244 679 328 721 Vis
355 676 490 732 futui,
513 692 594 720 nec
619 678 683 721 vis
704 693 898 732 mecum,
920 676 1103 720 Laufeia
1120 711 1131 731 ,
1159 677 1307 722 lavari.

313 749 472 793 Nescio
501 747 617 808 quod
648 764 854 808 inagnum
887 748 1085 808 suspicor
1113 765 1205 792 esse
1236 749 1370 793 nefas.

244 821 331 862 Aut
362 820 437 862 tibi
467 835 674 879 pannosa}
705 817 900 879 pendent
928 834 951 861 a
982 828 1161 879 pectore
1193 836 1421 866 inaminae:

313 892 402 933 Aut
431 888 572 933 sulcos
604 891 715 932 uteri
747 888 934 949 prodere
965 888 1083 932 nuda
1114 891 1265 933 times:

244 962 332 1004 Aut
352 960 521 1003 infinito
542 959 733 1004 lacerum
755 969 875 1021 patet
895 961 1057 1020 inguen
1081 960 1203 1004 hiatu
1227 978 1236 1003 :

312 1032 400 1074 Aut
421 1030 581 1091 aliquid
603 1032 736 1074 cunni
759 1032 978 1091 prominet
1000 1047 1075 1074 ore
1098 1033 1172 1074 tui.

244 1101 328 1146 Sed
350 1101 456 1145 nihil
479 1111 544 1145 est
564 1101 723 1145 horum
745 1119 753 1143 :
776 1101 908 1145 credo
924 1133 935 1154 ,
960 1100 1255 1162 pulcherrima
1278 1103 1395 1147 nuda
1420 1121 1476 1149 es.

313 1173 355 1216 Si
379 1187 530 1216 verum
552 1173 806 1225 est‚x·itiu111
828 1172 951 1233 pejus
976 1172 1111 1216 habes
1133 1189 1140 1216 :
1166 1172 1285 1218 fatua
1308 1190 1365 1218 es.

228 1308 241 1321 '‘
251 1312 309 1345 Ad
316 1312 495 1354 Lausellam
506 1310 710 1344 inscribitur
720 1310 756 1343 in
769 1309 849 1344 edd.

174 1373 259 1398 vett.
287 1365 344 1398 alii
368 1365 488 1410 legunt
504 1390 512 1404 ‚
532 1364 716 1406 Sauselam;
737 1372 771 1397 et
793 1363 850 1396 alii

175 1419 343 1460 Lauseram
356 1443 364 1459 ,
382 1418 437 1451 vel
456 1418 632 1460 Lauselam.
651 1415 782 1450 Eadem
802 1425 853 1450 est

172 1472 319 1504 varietas
351 1471 386 1503 in
422 1469 528 1504 codd.
569 1470 749 1503 Juvenalis
787 1478 848 1503 sat.

173 1525 243 1566 YI,
263 1524 348 1557 320.

232 1589 261 1610 1.
292 1577 360 1610 Nec
394 1580 444 1610 vis
479 1589 606 1609 mecum.
641 1576 854 1610 Communia

173 1631 277 1663 fuisse
313 1629 400 1663 viris
436 1642 516 1662 cuin
555 1629 694 1662 feminis
729 1630 852 1662 balnea

174 1691 308 1716 constat
333 1683 437 1715 etiam
466 1695 507 1715 ex
535 1682 646 1727 epigr.
675 1695 711 1715 LI
734 1695 850 1727 supra.

229 1748 261 1769 2.
288 1735 404 1768 Nescio
429 1735 507 1780 quid
526 1743 722 1768 correctum
742 1744 792 1768 est
814 1736 849 1767 in

171 1789 270 1822 Juut.
294 1797 425 1822 nostra
448 1789 562 1821 Nescio
586 1788 671 1833 quod
695 1789 794 1832 majus
813 1788 849 1820 in

173 1850 255 1874 vett.
275 1840 380 1874 codd.
399 1841 587 1874 Pulinanni
603 1848 637 1873 et
654 1840 849 1874 Ramiresii.

175 1894 256 1928 Yid.
275 1894 383 1940 epigr.
408 1906 483 1928 XL11
505 1906 602 1939 supr.

967 1311 1002 1344 3.
1032 1309 1153 1344 Codex
1180 1312 1372 1346 Pulmanni
1394 1325 1402 1347 :
1422 1314 1595 1360 dependent

907 1372 1035 1408 pectore
1058 1377 1213 1397 mammae.
1237 1386 1289 1391 —-
1311 1366 1481 1401 Pamzosae.
1502 1368 1534 1400 V
1539 1368 1595 1402 ide

911 1417 972 1450 lib.
997 1417 1033 1450 II
1048 1441 1056 1453 ‚
1076 1418 1186 1462 epigr.
1204 1430 1306 1451 XLvu
1324 1444 1333 1459 ‚
1355 1432 1389 1452 v.
1412 1419 1443 1453 3.
1465 1420 1594 1462 Quod-

912 1481 1061 1515 cumque
1078 1483 1245 1515 rugosum
1263 1479 1315 1504 est
1332 1479 1366 1504 et
1378 1473 1531 1507 lacerum
1548 1475 1596 1508 la·

914 1536 1040 1556 xumve
1052 1549 1062 1565 ‚
1078 1536 1274 1568 pannosum
1292 1533 1351 1558 aut
1366 1538 1592 1571 pannuceum

914 1575 1055 1610 dicitur.
1067 1577 1222 1610 Ramires.

970 1629 1002 1662 5.
1015 1630 1135 1674 Inguen
1147 1631 1247 1664 hiatu.
1257 1631 1325 1664 Has
1336 1640 1450 1676 partes
1464 1643 1592 1667 vocant

913 1683 1108 1729 nympham
1128 1691 1162 1716 et
1181 1684 1335 1728 eugium.
1359 1684 1514 1719 Sclerevel.

967 1738 1004 1769 8.
1031 1736 1140 1768 Fatua
1167 1750 1209 1769 es.
1238 1737 1393 1779 Insulsa,
1415 1739 1514 1771 nullo
1543 1739 1594 1772 le-

912 1801 999 1833 pore
1015 1789 1215 1822 meretricio
1232 1790 1417 1824 instructa.
1434 1792 1510 1825 Lib.
1527 1793 1589 1831 XI,

912 1840 1021 1885 epigr.
1041 1852 1118 1878 LXI,
1137 1854 1187 1875 vs.
1209 1855 1242 1875 -.
1259 1843 1514 1888 Intelligerem:
1537 1844 1591 1877 in-

1210 1871 1221 1886 Ι

912 1894 1082 1927 consultae
1100 1894 1233 1927 levitati
1249 1895 1412 1930 obnoxia.
1432 1897 1499 1930 Et).

723 2028 1032 2084 LXXIII.

680 2187 738 2214 IN
777 2164 1099 2214 PHOEBUMf=

379 2313 572 2355 Domus
602 2326 702 2353 cum
734 2310 879 2369 pueris
909 2309 1189 2364 mutoniatis,

382 2383 438 2424 Et
469 2398 557 2425 non
588 2390 672 2424 stat
701 2380 801 2432 tibi,
827 2379 1017 2432 Phoebe,
1043 2379 1161 2440 quod
1191 2388 1272 2424 stat
1304 2379 1398 2424 illis.

225 2517 241 2530 *
256 2520 297 2551 In
309 2517 490 2551 nonnullis
505 2516 609 2551 codd.
626 2516 842 2550 inscribitur:

173 2573 208 2604 Ῑκε
240 2572 380 2606 Gallum.
409 2571 479 2603 Alii
501 2569 603 2603 codd.
626 2570 756 2603 habent
772 2583 783 2602 .-
806 2570 844 2602 In

170 2625 320 2657 Phoebum
337 2624 488 2671 quendam
500 2649 508 2664 ‚
528 2632 561 2656 et
578 2624 614 2656 in
631 2623 739 2669 epigr.
756 2635 789 2656 v.
811 2635 842 2655 2.

171 2678 217 2709 Et
235 2691 295 2711 non
310 2686 374 2710 stat
394 2678 448 2710 tibi
464 2704 471 2717 ‚
501 2677 605 2711 Galle.

958 2530 988 2549 2.
1018 2516 1094 2549 Non
1117 2524 1192 2550 stat.
1221 2516 1304 2550 Vid.
1333 2517 1395 2551 lib.
1420 2520 1476 2561 II,
1507 2523 1581 2567 epi-

903 2581 1048 2614 gramm.
1075 2581 1165 2610 XLv,
1197 2582 1248 2603 vs.
1287 2583 1299 2603 1
1326 2582 1333 2603 :
1370 2588 1384 2601 «
1401 2572 1489 2612 Quae
1514 2575 1579 2608 tibi

904 2635 976 2654 non
1006 2623 1135 2663 stabat,
1159 2623 1304 2667 proecisa
1329 2632 1380 2658 est
1397 2628 1552 2660 mentula
1571 2653 1580 2668 ‚

905 2675 1047 2720 Glyple.
1071 2694 1083 2704 ›‚

1284 2748 1375 2791 22²
