2061 3288
804 225 868 268 Μ.
891 224 1031 268 VAL.
1072 223 1463 268 MARTIALIS

568 311 763 373 Erigitur
783 310 943 369 moles,
966 321 1119 373 stagna
1141 312 1329 356 Neronis
1351 319 1487 356 erant.

502 384 607 437 Hic,
628 383 703 426 ubi
732 384 945 427 miramur
973 382 1140 427 velocia
1168 398 1350 426 munera
1379 381 1617 437 Thermas,

569 452 822 498 Abstulerat
844 454 1011 498 miseris
1037 463 1152 498 tecta
1175 452 1388 514 superbus
1412 468 1527 513 ager.
1567 490 1572 494 1

499 522 681 569 Claudia
707 523 888 568 diffusas
916 524 990 568 ubi
1021 525 1221 568 Porticus
1248 522 1435 584 explieat
1459 523 1662 576 umbras,

573 594 739 639 Ultima
762 610 861 655 pars
888 594 996 638 aulae
1017 593 1259 639 deficientis
1284 603 1389 638 erat.
1817 620 1846 635 ,ο

503 665 689 709 Reddita
713 667 854 709 Roma
879 665 958 708 sibi
980 675 1070 719 est;
1096 675 1139 709 et
1164 674 1286 719 sunt,
1309 674 1351 708 te
1377 663 1586 725 praeside,
1610 665 1777 719 Caesar,

571 735 750 781 Deliciae
776 735 927 797 populi
946 767 958 791 .,
980 752 1075 797 quae
1100 736 1273 780 fuerant
1298 735 1475 779 domini.

573 863 763 924 Κτίσμα,
790 860 1048 924 κολυμὲτῖθρη
1076 857 1174 924 τῇδε
1200 864 1383 923 Νέρωνος
1409 864 1489 907 ἔην.

503 934 587 975 Νῦν
616 935 824 989 βαλάνειον
850 937 950 978 ὅπου
981 930 1256 994 θαυμάζομεν,
1288 934 1369 977 ὠκὺ
1398 932 1601 995 χάρισμα,

573 1007 706 1064 Δῆμον
733 1009 817 1055 τοῖς
843 999 958 1056 ἰδίοις
984 1003 1107 1055 ἄλσος
1132 1005 1272 1063 ἀφεῖλε
1300 999 1460 1065 δόμοις·

502 1069 712 1125 Κλαυδιὰς
736 1082 759 1122 ή
787 1075 938 1118 αἴθουσ’
961 1077 1098 1135 ὑπέχει
1122 1077 1238 1137 τέγος
1259 1076 1435 1128 εὔσκιον,
1459 1077 1581 1125 αὐλῆς

571 1139 682 1205 Τῇδε
709 1147 960 1196 τελευτώσης
990 1144 1036 1193 ἦν
1067 1146 1182 1206 μέρος
1213 1146 1420 1205 ἐσχατόεν.

501 1217 649 1275 Ρώμη,
680 1212 803 1268 ἄναξ,
830 1218 896 1259 ἐπὶ
923 1223 990 1259 σεῦ
1014 1217 1135 1259 πάλιν
1164 1213 1288 1270 §.Z-nd,
1317 1216 1357 1258 αἱ
1384 1211 1422 1258 δ’
1450 1216 1689 1264 ἀπολαύσεις

573 1286 799 1345 Δημοτικειὶ
828 1292 894 1328 νῦν
929 1285 1014 1340 eid,
1043 1288 1086 1329 αἴ
1108 1305 1208 1331 ποτε
1236 1281 1488 1330 &eciem-ami.

486 1427 519 1458 6.
551 1425 690 1468 Stagna.
710 1425 872 1465 Tacitus,
902 1425 991 1457 Arm.
1020 1425 1111 1458 XV:

437 1495 452 1508 «ι
473 1477 645 1512 Caeterum
680 1478 774 1511 Nero
806 1490 888 1511 usus
917 1485 968 1510 est
992 1477 1113 1522 patriae

432 1531 558 1572 ruinis,
570 1529 811 1576 exstruxitque
822 1529 982 1570 domum,
996 1530 1031 1562 in
1045 1543 1112 1576 qua

433 1582 530 1616 haud
542 1582 689 1629 perinde
702 1595 846 1628 gemmae
862 1592 895 1616 et
911 1596 1037 1616 aurum
1053 1583 1116 1616 mi-

433 1636 556 1669 raculo
570 1643 684 1670 essent
698 1663 706 1677 ,
721 1636 820 1669 solita
830 1635 969 1682 pridem
982 1645 1015 1669 et
1029 1636 1114 1669 luxu

433 1690 590 1735 vulgata,
620 1702 725 1735 quam
747 1702 827 1722 arva
855 1697 889 1723 et
911 1697 1028 1734 stagna
1045 1714 1055 1730 ,
1080 1697 1114 1723 et

432 1741 471 1775 in
486 1741 633 1775 modum
645 1741 875 1776 solitudinum
885 1765 895 1781 ,
910 1742 993 1775 hinc
1007 1742 1115 1783 silvae,

433 1794 518 1828 inde
534 1804 652 1841 aperta
663 1796 771 1840 spatia
784 1821 792 1836 ,
807 1804 840 1829 et
856 1804 1076 1840 prospectus.
1096 1812 1108 1825 n

489 1862 523 1894 7.
547 1850 613 1881 Hic
630 1875 638 1888 ,
663 1857 722 1882 etc.
744 1849 786 1881 In
805 1849 905 1882 tertia
928 1848 1035 1881 Urbis
1058 1861 1112 1882 re-

432 1901 551 1947 gione.
573 1923 624 1927 --
654 1902 807 1942 Velm-ia,
834 1901 996 1935 Thermae
1021 1902 1113 1935 enim

433 1955 603 1988 velociter
625 1967 643 1987 a
667 1955 748 1987 Tito
771 1956 908 1988 fuerant
932 1962 1115 1988 exstructae

434 2007 472 2040 in
504 2008 651 2053 gratiam
683 2008 818 2053 populi.
856 2008 1042 2041 Suetonius
1078 2008 1113 2041 in

433 2060 540 2100 Tito,
565 2073 642 2106 cap.
665 2073 699 2105 7.
725 2078 737 2090 «ι
761 2061 1033 2106 Amphitheatro
1053 2060 1114 2093 de-

434 2112 551 2147 dicato
563 2139 573 2156 ,
590 2113 825 2159 Thermisque
840 2115 935 2158 juxta
955 2114 1114 2147 celeriter

433 2174 628 2200 exstructis.
654 2184 667 2196 ω
936 2204 942 2207 ,

489 2222 522 2253 8.
537 2220 703 2264 Superbus,
717 2221 770 2252 An
785 2219 864 2265 quia
877 2219 1113 2266 amplissimus

432 2280 466 2305 et
483 2272 871 2318 magnificentissimus?
886 2286 930 2306 an
945 2272 1026 2319 quia
1039 2273 1112 2319 pri-

431 2334 531 2358 vatus
547 2352 556 2366 ,
587 2335 620 2359 et
650 2326 784 2359 Neroni
812 2326 995 2372 singularis
1007 2351 1016 2367 ,
1048 2338 1112 2359 nec

432 2379 565 2423 populo
573 2380 769 2412 communis
780 2405 789 2420 ,
799 2387 839 2411 ut
846 2379 1008 2412 Thermae
1017 2379 1112 2413 Titi?

489 2444 522 2474 9.
549 2432 698 2465 Claudia.
721 2433 838 2473 Quam
857 2431 1015 2465 eamdem
1030 2444 1110 2465 cum

431 2483 539 2517 Liviae
558 2484 696 2529 porticu
709 2510 717 2525 ,
733 2484 777 2517 de
796 2498 862 2531 qua
881 2485 1035 2525 Plinius,
1048 2485 1109 2518 lib.

432 2536 533 2577 XIV,
550 2549 624 2582 cap.
651 2549 679 2570 1.
696 2537 872 2571 affirmant
898 2538 1028 2583 aliqui3
1052 2538 1109 2570 alii

432 2601 515 2622 vero
534 2588 705 2623 diversam
734 2590 837 2623 fuisse
864 2599 1031 2624 statuunt.
1059 2612 1109 2619 --

1172 1426 1330 1459 Porticus.
1372 1426 1492 1458 Romae
1527 1424 1684 1471 porticus
1724 1423 1851 1457 additae

1171 1486 1253 1511 sunt
1281 1478 1337 1511 vel
1368 1477 1500 1512 aedibus
1527 1478 1656 1519 sacris,
1684 1477 1741 1510 vel
1770 1477 1851 1510 illu·

1173 1531 1298 1564 strium
1313 1531 1469 1564 virorum
1489 1529 1678 1564 domiciliis
1691 1555 1702 1572 ‚
1717 1530 1772 1563 vel
1788 1541 1852 1574 pu-

1172 1583 1270 1617 blicis
1299 1584 1371 1617 aliis
1393 1583 1569 1618 aedificiis:
1592 1582 1699 1628 idque
1727 1583 1782 1616 vel
1805 1582 1851 1615 ob

1171 1636 1308 1681 pluvias
1343 1637 1475 1670 subitas
1515 1635 1766 1677 declinandas,
1796 1635 1852 1668 vel

1172 1696 1284 1735 gratas
1308 1701 1372 1734 per
1391 1697 1543 1722 aestatem
1562 1690 1703 1723 umbras
1727 1697 1760 1722 et
1788 1688 1852 1722 fri-

1173 1754 1256 1786 gora
1275 1741 1443 1786 captanda
1461 1755 1469 1775 :
1484 1743 1539 1775 vel
1559 1742 1632 1788 ipsa
1648 1749 1851 1776 ornamenta

1173 1795 1325 1829 fabricae.
1355 1816 1408 1824 —-
1439 1795 1584 1829 Umbras.
1604 1795 1725 1837 Quum
1753 1806 1852 1835 suas,

1173 1856 1248 1881 tum
1270 1848 1369 1889 vitis,
1392 1861 1469 1893 quae
1490 1847 1663 1881 subdiales
1691 1847 1851 1881 inambu-

1173 1901 1320 1934 lationes
1347 1901 1523 1934 umbrosis
1550 1900 1702 1946 pergulis
1727 1911 1851 1946 opaca·

1173 1954 1241 1987 bat.
1265 1954 1418 1994 Plinius,
1439 1954 1501 1986 lib.
1520 1954 1621 1994 XIV,
1640 1966 1669 1986 c.
1696 1965 1726 1987 1.

1231 2019 1282 2040 10.
1320 2007 1460 2046 Ultima,
1488 2014 1546 2040 etc.
1578 2006 1741 2039 Extrema
1772 2017 1852 2051 pars

1174 2058 1299 2093 domus
1315 2072 1446 2100 aureae,
1469 2058 1506 2091 id
1525 2068 1576 2093 est
1590 2085 1599 2100 ,
1614 2060 1713 2104 juxta
1730 2058 1854 2104 Esqui-

1173 2113 1235 2146 lias
1258 2113 1293 2145 in
1318 2113 1438 2158 quinta
1463 2112 1565 2145 Urbis
1587 2112 1748 2156 regione.

1231 2177 1288 2199 11.
1318 2166 1456 2198 Reddita
1487 2166 1586 2198 Roma
1612 2165 1672 2198 sibi
1693 2172 1749 2198 est.
1772 2164 1852 2198 Una

1173 2218 1301 2252 domus
1324 2227 1422 2252 antea
1450 2226 1483 2251 et
1509 2218 1612 2251 unius
1634 2226 1729 2259 erat,
1748 2229 1851 2263 quam

1173 2272 1287 2305 Caesar
1307 2272 1456 2317 publicis
1484 2271 1667 2304 exstructis
1685 2270 1851 2316 operibus

1171 2337 1395 2358 communem
1418 2324 1518 2368 fecit,
1539 2324 1608 2358 hoc
1631 2332 1699 2364 est,
1728 2323 1850 2355 urbem

1172 2378 1273 2417 urbi,
1299 2378 1516 2423 Romamque
1542 2378 1661 2410 Romae
1682 2374 1849 2409 reddidit.

1230 2444 1286 2464 12.
1310 2432 1539 2474 Quoefiterant
1562 2429 1693 2462 domini.
1719 2427 1851 2461 Odiose

1170 2483 1348 2516 Neronem
1362 2492 1462 2517 vocat
1472 2482 1656 2516 dominum
1668 2506 1676 2522 ‚
1688 2481 1851 2526 quinem-

1169 2549 1213 2581 pe
1243 2536 1378 2569 civibus
1410 2535 1575 2569 Romanis
1600 2534 1712 2568 veluti
1743 2534 1851 2567 servis

1171 2590 1369 2635 imperaret.
