2061 3288
437 265 577 293 Lxx1v
733 251 1098 294 RECENSUS
1138 249 1563 293 EDITIONUM

512 335 654 398 1595.
704 339 1009 398 Algeszlorczlc'
1054 354 1119 391 11,
1169 335 1486 380 Pulmanniana
1509 371 1520 391 ‚
1567 352 1638 379 12.
1678 336 1740 378 M.
1764 336 1862 381 val.

432 407 646 452 Martialis
663 409 1029 469 Epigrammaton
1051 407 1148 451 libri
1170 424 1250 462 XV,
1275 407 1361 450 hoc
1382 416 1468 461 est,
1499 405 1863 468 Spectaculorum

432 478 543 522 liber
590 495 639 533 1,
679 480 1061 540 Epigrammatum
1090 480 1313 522 variorum
1353 477 1451 521 libri
1485 493 1583 532 XII,
1616 478 1862 522 Xeniorum

431 549 541 593 liber
573 566 616 605 1,
648 550 1037 611 Apophoretorum
1070 548 1179 593 liber
1217 566 1230 594 1
1257 585 1268 605 ‚
1294 551 1398 592 Post
1428 548 1562 592 Hadr.
1585 549 1703 592 Junii
1722 565 1865 592 emen-

432 620 653 665 dationem
690 622 928 682 recogniti:
953 631 995 665 et
1025 621 1223 665 lectionis
1251 621 1461 664 varietate
1487 619 1862 664 doctissimorum-

430 708 515 752 que
529 694 725 736 virorum
746 692 1127 736 observationibus
1145 691 1358 735 illustrati.
1379 690 1562 750 Adjecto
1580 707 1697 734 novo
1714 707 1863 735 rerum

429 778 480 807 ac
510 763 748 806 verborum
778 762 1052 824 singulorum
1086 762 1227 806 indice
1260 761 1582 806 absolutissimo
1602 797 1613 817 ‚
1648 761 1792 805 studio
1819 771 1863 805 et

432 850 568 895 opera
603 834 783 895 Josephi
821 835 976 895 Langii
1015 834 1386 879 Caesaremontani
1408 869 1419 887 ‚
1466 833 1727 893 Argentinae.
1763 833 1864 876 AEre

432 906 588 948 Lazari
619 906 833 962 Zetzneri‚
861 906 989 950 Anno
1021 920 1200 950 MDxcv.

514 975 655 1035 1596.
692 979 970 1020 Gruter-iana
1017 993 1030 1020 1
1059 1013 1070 1030 ‚
1105 975 1305 1019 Francos.
1351 991 1422 1018 12.
1464 991 1512 1018 ex
1556 975 1654 1018 Jani
1680 976 1863 1018 Gruteri

427 1047 516 1106 jam
540 1048 802 1091 accuratiori
823 1046 877 1090 ad
899 1049 1022 1091 MSS.
1045 1046 1264 1090 Palatinos
1287 1055 1329 1088 et
1351 1045 1447 1088 edd.
1468 1055 1570 1089 vett.
1594 1046 1860 1089 recensione.

432 1118 543 1175 Quae
565 1118 698 1161 editio
728 1135 827 1162 cum
849 1119 940 1162 MS.
958 1118 1197 1162 Viennensi
1226 1117 1280 1160 ab
1307 1115 1461 1160 eodem
1485 1118 1679 1160 Grutero
1705 1115 1863 1160 collata

432 1199 632 1233 servatur
668 1191 712 1233 in
748 1188 860 1233 Ribl.
895 1189 1123 1243 Leidensi,
1152 1189 1195 1231 in
1231 1204 1316 1249 qua
1344 1188 1475 1231 etiam
1507 1187 1648 1231 obviae
1667 1223 1677 1242 ‚
1705 1197 1864 1248 praeter

431 1259 578 1320 plures
611 1262 738 1304 MSS.
772 1260 985 1304 Martialis
1012 1260 1198 1304 Codices
1215 1294 1224 1312 ‚
1251 1258 1343 1302 aliae
1368 1258 1579 1302 editiones
1603 1258 1731 1318 liujus
1752 1260 1860 1302 scri-

432 1333 568 1392 ptoris
600 1349 699 1375 cum
733 1332 1092 1393 castigationibus
1123 1331 1247 1373 MSS.
1278 1330 1510 1373 doctorum
1552 1330 1771 1384 virorum,
1805 1331 1859 1373 Is.

431 1404 596 1457 vossii,
619 1404 837 1446 Francisci
858 1404 994 1456 Junii,
1028 1412 1109 1446 etc.

511 1473 652 1536 1597.
680 1477 908 1528 Verona),
955 1472 1025 1517 16.
1062 1474 1391 1533 Epigrammata
1434 1480 1711 1531 expurgata,
1750 1472 1861 1514 Justi

429 1545 564 1605 Lipsii
599 1544 872 1605 aliorumque
900 1544 1258 1588 annotationibus
1299 1542 1542 1586 illustrata:
1567 1558 1620 1584 ex
1656 1541 1859 1585 Biblioth.

428 1615 612 1659 Thuani.

507 1686 648 1748 1599.
680 1688 869 1747 llzgolst.
907 1687 948 1732 8.
983 1685 1156 1730 MVal.
1185 1684 1399 1728 Martialis
1436 1684 1752 1744 epigrammata
1777 1701 1784 1727 :
1809 1701 1861 1727 ex

429 1757 567 1801 Catal.
591 1757 698 1801 Bibl.
729 1758 1181 1819 Morgenbesserianae
1205 1766 1312 1818 part.
1342 1772 1398 1811 11,
1419 1773 1459 1816 p.
1490 1770 1597 1816 109.

510 1828 651 1874 1600.
680 1833 830 1873 Pru-[J.
873 1832 916 1884 [4.
950 1828 1165 1872 Desiderii
1197 1826 1375 1871 Heraldi
1415 1828 1459 1869 in
1491 1825 1625 1869 libros
1658 1842 1727 1869 xii
1764 1827 1862 1886 Epi-

428 1910 720 1961 grammatun]
748 1902 811 1943 M.
845 1903 899 1943 V.
927 1899 1142 1943 Martialis
1164 1897 1576 1942 animadversiones.

511 1970 650 2015 1601.
684 1974 832 2015 Parl's.
878 1988 948 2024 ix,
980 1970 1177 2025 Morelli,
1213 1972 1254 2024 [ς.
1284 1986 1342 2011 m.
1373 1966 1716 2029 111).Μο101111111.
1748 1968 1858 2027 Epi-

427 2053 720 2102 gramrnatum
758 2041 855 2086 libri
890 2059 994 2095 XIV,
1032 2059 1132 2086 cum
1173 2042 1425 2085 Comment.
1460 2040 1514 2081 D.
1559 2038 1780 2081 Calderini
1817 2047 1861 2081 et

427 2114 553 2157 Obss.
592 2115 645 2157 G.
675 2112 872 2156 Merula).
900 2113 1048 2173 Ejusd.
1085 2110 1299 2155 Martialis
1330 2111 1661 2170 Epigrammata
1701 2107 1860 2152 selecta

427 2187 582 2228 Graece
606 2200 808 2245 expressa
827 2200 851 2227 a
870 2183 1057 2227 More-llo
1081 2200 1179 2226 cum
1203 2183 1329 2225 notis.
1356 2184 1464 2223 Item
1490 2179 1676 2223 Marc-ilii
1699 2197 1857 2223 comm.

426 2266 580 2299 auctus
607 2255 660 2298 ad
685 2254 1095 2316 Amphitheatrum,
1119 2252 1266 2297 Desid.
1290 2250 1468 2294 Heraldi
1498 2250 1663 2294 adnott.
1696 2260 1739 2293 et
1759 2251 1857 2294 Nic.

426 2326 627 2387 Rigalt-ji,
656 2327 699 2369 it.
731 2325 896 2370 scholia
919 2325 1022 2369 Adr.
1053 2325 1191 2379 Junii‚
1217 2322 1449 2367 Pulmanni
1471 2334 1513 2366 et
1537 2321 1695 2365 Coleri.
1726 2322 1796 2364 Sic
1815 2321 1857 2363 in

426 2397 534 2440 Bibl.
557 2400 780 2441 Hasaeanae
809 2399 902 2441 Cat.
933 2396 986 2440 cl.
1016 2413 1082 2452 iv,
1109 2413 1148 2457 p.
1179 2392 1300 2456 527,
1327 2395 1381 2436 11Ο
1413 2392 1492 2437 61.

505 2468 647 2513 1602.
695 2470 879 2511 Crateri
919 2483 951 2511 11
972 2503 982 2523 ‚
1030 2465 1230 2511 Francof.
1279 2481 1352 2508 12.
1396 2473 1530 2524 repet.
1570 2462 1856 2523 praecedentis

428 2557 496 2584 an.
533 2538 678 2599 1596.

507 2610 646 2655 1602.
675 2609 865 2663 Bmlm‘,
895 2608 1074 2669 Ingolst.
1101 2608 1171 2652 fol.
1194 2604 1364 2651 M.Val.
1393 2604 1604 2647 Martialis
1634 2605 1857 2664 Epigram—

428 2693 574 2727 maton
603 2680 698 2724 libri
726 2696 877 2723 munes
900 2682 1024 2723 novis
1045 2676 1368 2723 commentariis
1384 2710 1394 2726 ,
1417 2676 1553 2719 multa
1574 2692 1678 2719 cura
1700 2675 1858 2719 studio-
