2061 3288
479 224 577 270 270

852 209 915 252 M.
940 210 1081 253 VAL.
1121 208 1214 253 MA
1230 210 1517 255 RTIALIS

617 296 736 354 Quid
761 298 962 358 cogitatis
979 332 990 353 ‚
1014 313 1040 341 o
1066 297 1201 342 fames
1222 298 1491 343 amicorum?

610 369 743 429 Regis
766 368 943 429 superbi
964 367 1171 429 sportulae
1195 379 1483 413 recesserunt.
1877 390 1891 414 ε

610 437 730 483 Nihil
755 439 1036 500 stropharum
1062 449 1128 483 est
1153 456 1161 482 ε
1188 439 1280 499 jam
1309 438 1513 484 salarium
1545 440 1739 485 dandum
1765 450 1844 485 est.

474 577 656 613 dividebat
675 579 877 619 balneator3
897 579 952 613 vel
973 579 1154 612 balneator

474 632 534 666 hic
554 631 703 666 sumitur
726 645 793 678 pro
818 632 916 666 omni
941 632 1072 665 famulo
1091 645 1155 678 pe-

475 685 599 720 cunias
610 685 796 719 clientibus
811 684 1003 719 dividente.
1017 707 1071 712 —-
1084 685 1157 718 Eli-

473 753 544 773 πω.
573 740 759 785 Aquarum
785 747 821 772 et
844 750 1018 785 vaporum
1042 738 1156 772 calore

474 804 586 838 prope
602 800 732 826 coctus.

532 850 566 886 4.
603 845 695 890 Quid
723 846 870 890 cogitatis
883 841 903 875 .³
931 843 1027 886 Quid
1058 844 1157 878 vobis

475 900 546 944 jam
561 899 667 931 animi
683 906 734 932 est
745 925 753 940 ‚
769 911 790 931 ο
803 898 964 944 patroni,
980 898 1039 944 qui
1055 898 1158 931 eratis

476 960 576 986 antea
596 951 780 986 clientium
797 960 995 985 vestrorum
1019 951 1127 984 fames
1145 950 1159 984 ?

475 1027 528 1032 —-
542 1005 700 1048 Ofames.
724 1004 893 1050 Exiguam
914 1005 1046 1050 quippe
1061 1017 1159 1050 spor·

474 1059 585 1092 tulam
613 1058 799 1104 largientes
816 1058 956 1104 patroni
976 1058 1065 1091 fame
1095 1070 1156 1091 ne-

477 1112 601 1145 cabant
623 1124 703 1145 suos
722 1111 878 1160 clientes.

534 1165 552 1198 5
560 1192 567 1198 .
579 1165 676 1209 Regis
685 1164 809 1209 supet-bi
815 1191 822 1198 .
832 1165 910 1198 Hoc
923 1171 973 1196 est
980 1188 989 1205 ‚
999 1163 1157 1209 patroni,

476 1230 581 1264 quem
600 1217 785 1251 dominum
805 1226 840 1251 et
863 1229 978 1263 regem
1003 1216 1158 1262 appella-

476 1273 561 1305 bant
570 1271 712 1305 clientes
723 1283 731 1305 z
743 1271 816 1310 vel,
832 1270 982 1304 Neronis
995 1270 1137 1315 superbi
1149 1296 1158 1312 ‚

477 1325 541 1371 qui
558 1337 671 1358 coenas
687 1332 798 1358 rectas
817 1325 1015 1358 sustulerat.
1036 1324 1158 1356 Poste-

479 1378 553 1412 rior
578 1378 636 1411 hic
656 1389 776 1411 sensus
801 1378 911 1423 magis
933 1375 1022 1409 mihi
1046 1376 1159 1421 placet

479 1444 497 1465 a
529 1431 723 1464 Ramiresio
755 1430 904 1476 pulchre
930 1430 1132 1463 observatus
1150 1455 1158 1471 ‚

478 1483 657 1530 quidquid
668 1484 812 1517 insultet
822 1482 1015 1517 Scriverius
1025 1495 1034 1523 ;
1045 1490 1078 1515 et
1088 1483 1158 1516 huc

479 1546 575 1571 recte
593 1538 747 1570 refertur
763 1537 822 1570 ille
836 1549 956 1569 versus
972 1536 1060 1569 alter
1074 1535 1155 1569 libr.

478 1599 628 1635 spectac.
646 1590 756 1636 epigr.
772 1602 820 1629 11,
836 1602 885 1623 vs.
902 1589 941 1622 3:
958 1587 1158 1622 «Invidiosa

479 1644 544 1677 feri
571 1642 758 1677 radiabant
786 1642 872 1676 atria
899 1643 1000 1688 regis.
1019 1659 1032 1672 n
1053 1641 1098 1675 Et
1119 1641 1157 1675 in

479 1696 604 1730 eodem
621 1697 683 1730 lib.
702 1696 818 1743 Spect.
832 1696 952 1742 Epigr.
969 1707 1018 1737 11,
1036 1708 1084 1728 vs.
1107 1697 1126 1730 8
1145 1702 1154 1725 :

483 1767 498 1780 ‹-
517 1750 720 1784 Abstulerat
732 1749 866 1783 miseris
881 1757 970 1783 tecta
986 1748 1158 1794 superbus

478 1816 560 1849 ager
578 1821 591 1833 a
607 1817 616 1845 ;
633 1804 782 1836 Neronis
804 1814 946 1848 nempe.

534 1859 569 1889 6.
589 1857 685 1890 Nihil
703 1857 885 1902 troplzarum
904 1863 951 1889 est
967 1855 1058 1901 conj.
1082 1854 1160 1889 Cal-

478 1909 647 1951 derinus3
670 1910 693 1943 i.
717 1923 747 1944 e.
772 1909 1040 1950 alimentorum,
1061 1908 1159 1954 quasi

479 1963 571 1997 dicat
598 1963 749 2009 amplius
772 1976 845 1996 non
867 1962 996 1996 dantur
1023 1961 1093 1995 cibi
1119 1962 1158 1994 in

478 2017 671 2063 sportulam
703 2030 710 2050 ε
739 2026 891 2051 attamen
913 2042 922 2058 ‚
958 2015 1160 2061 stropharum

477 2071 545 2115 legi
564 2071 676 2117 jussit.
695 2092 748 2097 --
769 2070 987 2116 Str-opharum.
1009 2068 1160 2114 Stropha

480 2118 616 2169 (στρῡφῆ
635 2150 643 2165 ,
659 2136 677 2157 a
695 2124 804 2158 verbo
824 2116 981 2169 στρέφείν,
1001 2119 1158 2164 ‘vertet-e),

478 2177 640 2211 fraudem
662 2176 841 2211 interdum
860 2185 894 2210 et
917 2175 1086 2210 fallaciam
1113 2175 1158 2208 si-

1211 578 1374 624 gnificat,
1403 592 1471 625 qua
1501 580 1731 614 circumvenit
1758 580 1891 625 simpli-

1214 643 1289 665 cem
1308 630 1466 667 callidus.
1488 632 1584 675 Quid
1604 632 1649 667 sit
1666 640 1782 667 autem
1801 633 1893 667 frau-

1212 683 1266 718 dis
1291 684 1328 718 in
1347 685 1416 719 hoc
1440 686 1519 719 loco
1532 712 1543 728 ‚
1569 698 1643 720 non
1664 686 1765 720 facile
1783 694 1891 732 patet.

1214 738 1317 772 Anne
1344 736 1440 784 quod
1461 737 1573 773 delusi
1594 739 1691 772 fuere
1720 740 1865 773 clientes
1879 763 1890 780 ‚

1215 803 1326 836 quum
1344 792 1499 837 primum
1519 792 1562 825 iis
1582 800 1705 838 negata
1723 801 1774 826 est
1795 805 1892 826 coena

1214 844 1336 878 recta?
1355 857 1397 878 an
1415 871 1424 887 ‚
1443 857 1553 891 quum
1578 845 1647 879 cibi
1675 844 1747 879 dati
1777 846 1813 878 in
1835 857 1892 878 ca·

1214 897 1316 931 lathis
1343 910 1415 931 non
1437 906 1615 944 aequarent
1636 905 1779 931 centum
1806 910 1892 943 qua-

1215 949 1357 984 drantes
1374 951 1388 984 ?
1411 964 1475 993 an,
1497 963 1607 997 quum
1625 963 1690 997 pro
1710 950 1797 984 cibis
1813 950 1894 985 data

1214 1004 1283 1037 fuit
1313 1004 1435 1049 exigua
1468 1004 1627 1049 pecuniae
1652 1002 1812 1037 summa?
1836 1005 1891 1036 An

1215 1055 1312 1101 quod
1332 1057 1437 1091 variis
1463 1057 1617 1090 artificiis
1636 1065 1671 1090 et
1692 1055 1893 1102 ambagibus

1214 1109 1340 1143 divites
1377 1110 1428 1143 illi
1462 1111 1556 1144 avari
1592 1109 1784 1156 sportulam
1821 1107 1891 1142 dif-

1215 1163 1307 1196 ferre
1319 1189 1328 1205 ‚
1344 1172 1404 1196 aut
1417 1163 1535 1209 aliquo
1551 1176 1632 1196 casu
1650 1163 1813 1196 omittere
1835 1174 1892 1195 eo-

1214 1216 1408 1250 narentur?
1429 1217 1505 1258 An,
1530 1225 1570 1250 ut
1592 1217 1640 1250 ait
1659 1216 1892 1255 Ramioesius,

1213 1269 1379 1315 intelligit
1407 1270 1635 1315 imposturam
1670 1269 1771 1303 istam
1802 1267 1893 1301 divi-

1215 1330 1288 1355 tum
1298 1347 1307 1364 ,
1319 1323 1379 1368 qui
1393 1321 1602 1355 dicebantur
1615 1322 1725 1355 habere
1734 1323 1890 1362 convivas,

1215 1388 1324 1421 quum
1347 1383 1462 1408 tamen
1487 1376 1604 1408 nullus
1628 1373 1722 1420 apud
1744 1386 1802 1407 eos
1828 1385 1894 1407 coe-

1214 1437 1332 1470 naret,
1351 1427 1412 1462 sed
1428 1428 1593 1474 sportulis
1607 1427 1695 1461 datis
1707 1439 1826 1460 omnes
1843 1425 1894 1459 di-

1214 1482 1440 1515 mitterentur
1467 1481 1651 1515 convivae?
1681 1479 1775 1513 unde
1796 1491 1892 1513 com-

1213 1535 1330 1568 munis
1355 1533 1525 1580 loquendi
1552 1534 1729 1567 formula:
1754 1533 1817 1566 Ille
1841 1540 1893 1566 tot

1213 1586 1385 1628 denariis,
1408 1588 1466 1620 hic
1489 1595 1541 1621 tot
1562 1586 1820 1632 quadrantibus
1838 1585 1893 1618 in-

1213 1641 1328 1674 vitat?
1348 1639 1432 1674 Vid.
1452 1640 1514 1674 lib.
1535 1640 1602 1682 IV,
1620 1639 1729 1685 epigr.
1753 1650 1868 1672 vam
1882 1663 1894 1679 ‚

1215 1702 1250 1727 et
1266 1694 1328 1727 lib.
1347 1694 1400 1726 IX
1413 1719 1422 1735 ,
1446 1693 1555 1739 epigr.
1573 1705 1621 1726 CI.
1638 1693 1706 1726 En.
1728 1713 1780 1719 —-
1797 1690 1894 1725 Sala-

1215 1749 1306 1780 rium.
1328 1740 1430 1791 (Sal,·
1441 1758 1549 1792 graece
1565 1746 1713 1792 ἁλοίριονς
1732 1746 1787 1784 ἃλς
1800 1738 1827 1788 ).
1844 1744 1894 1777 Ea

1214 1813 1302 1834 voce
1318 1800 1531 1846 significatur
1546 1807 1639 1833 certa
1656 1798 1775 1845 portio
1795 1797 1893 1831 cibo-

1215 1866 1294 1887 rum
1313 1861 1348 1886 et
1371 1854 1462 1887 inter
1486 1865 1545 1886 eos
1560 1879 1569 1894 ‚
1588 1852 1666 1886 salis
1681 1878 1689 1893 ‚
1710 1863 1789 1897 quae
1807 1850 1894 1884 viri-

1215 1907 1280 1940 tim
1296 1906 1407 1940 dividi
1420 1906 1504 1940 olim
1521 1906 1654 1940 solebat
1669 1904 1838 1937 militibus
1855 1915 1894 1936 ac

1215 1961 1473 2006 Imperatorum
1491 1958 1689 1992 comitibus.
1710 1955 1894 1990 Interdum

1219 2014 1369 2047 sumitur
1388 2025 1456 2058 pro
1479 2024 1615 2045 annona
1629 2037 1638 2052 ‚
1665 2008 1840 2056 stipendio
1861 2017 1895 2042 et

1218 2065 1402 2107 mercede;
1444 2066 1480 2099 iu
1511 2065 1579 2098 hoc
1614 2065 1692 2097 loco
1724 2063 1895 2109 significat

1219 2132 1350 2154 coenam
1370 2127 1499 2152 rectam
1520 2127 1553 2151 et
1571 2117 1768 2159 liberalem,
1790 2116 1896 2150 clien-

1217 2174 1311 2208 tibus
1332 2186 1398 2219 pro
1416 2170 1578 2206 mercede
1589 2169 1752 2204 dandam.
