2061 3288
485 220 582 266 260

861 222 922 265 M.
946 223 1086 265 VAL.
1125 223 1518 266 MARTIALIS

550 312 677 365 Haec,
705 310 738 353 si
766 308 986 371 displicui,
1013 310 1174 353 fuerint
1198 309 1347 354 solatia
1373 310 1522 354 nobis:

619 382 723 425 Haec
751 380 914 424 fuerint
937 380 1064 424 nobis
1092 381 1293 441 praemia,
1315 382 1349 424 si
1374 380 1532 442 placui.

550 498 601 541 Εἴ
628 501 666 560 γ’
695 501 767 541 οὐκ
791 498 915 558 ἥρεσοί
944 515 1028 551 τοι,
1056 492 1155 542 τάδε
1184 516 1252 557 μοι
1277 498 1525 558 παραμύθιον
1553 499 1653 548 ἔξω·

615 569 663 612 Εἰ
689 564 734 611 δέ
759 586 820 612 σοι
845 569 969 629 ἥρω’,
995 569 1082 629 ἐμοὶ
1110 571 1228 612 ταῦτ’
1257 569 1438 628 ἐπίχειρα
1463 571 1591 612 πέλοι.

475 706 509 726 v.
535 696 555 726 (3
573 706 581 734 ;
600 693 661 725 lib.
682 692 793 732 VIII,
822 691 932 736 epigr.
954 703 1061 732 xxxr3
1090 691 1151 724 lib.

475 746 548 787 IX,
570 745 680 791 epigr.
705 756 815 778 van.
842 745 972 777 Natum
999 744 1067 777 hoc
1098 745 1152 788 jus

475 799 583 832 trium
608 799 802 831 liberorum
825 810 842 830 a
864 797 1056 842 trigeminis
1077 796 1150 829 Ho-

474 852 570 885 ratiis
586 877 595 893 ,
610 850 683 884 vid.
706 851 766 884 lib.
788 851 866 884 Liv.
883 851 910 883 I.
925 851 1031 883 Poeta
1050 850 1149 889 ἅπαις

475 906 584 951 prolis
603 905 706 950 hujus
719 903 931 948 imaginariae
947 905 1002 949 jus
1023 904 1065 935 ab
1083 904 1151 935 Im-

474 967 635 1003 peratore
643 957 730 1003 petit
739 983 747 998 ,
757 957 887 990 laboris
898 957 950 989 sui
962 956 1150 1001 praemium

476 1012 529 1044 vel
557 1011 733 1044 solatium.
762 1010 852 1043 Plin.
886 1010 988 1055 epist.
1009 1010 1071 1042 lib.
1095 1009 1150 1051 X,

477 1083 489 1091 ..
505 1065 708 1109 Exprimere
720 1089 728 1103 ‚
749 1063 902 1095 Domine
917 1091 924 1102 ,
946 1063 1061 1096 verbis
1076 1074 1149 1094 non

474 1130 633 1162 possum,
667 1125 837 1162 quantum
865 1116 953 1149 mihi
982 1114 1150 1160 gaudium

473 1170 637 1203 adtulerit
648 1197 656 1211 ‚
670 1169 765 1215 quod
784 1182 840 1203 me
856 1169 999 1215 dignum
1020 1168 1149 1215 putasti

1210 692 1289 735 jure
1303 691 1408 724 trium
1426 690 1630 724 liberorum.
1645 708 1658 719 ι»
1683 690 1734 723 Ex
1747 702 1817 736 quo
1832 691 1889 725 in-

1213 744 1345 790 telliges
1358 755 1423 789 pro
1437 743 1603 788 singulari
1615 756 1760 777 munere
1777 745 1890 778 claros

1212 805 1349 830 tantum
1366 796 1476 838 viros,
1493 795 1529 829 id
1549 797 1694 830 honoris
1711 805 1746 830 et
1754 798 1873 843 praemi
1880 798 1888 830 i

1210 858 1416 883 consecutos
1435 861 1524 890 esse,
1539 848 1635 895 quod
1649 850 1753 882 etiam
1767 849 1811 883 ad
1829 863 1889 884 au-

1210 903 1296 936 licos
1317 911 1350 935 et
1364 903 1515 948 principi
1532 903 1702 948 gratiosos
1717 902 1873 936 defluxit.

1263 969 1297 1001 7.
1329 955 1455 989 Solatia
1483 956 1582 990 nobis.
1616 956 1723 989 Liviae
1735 980 1743 992 ‚
1772 956 1890 989 Druso

1209 1008 1282 1042 filio
1301 1008 1472 1042 exstincto
1486 1034 1495 1050 ‚
1518 1008 1642 1042 datum
1659 1016 1710 1041 est
1729 1009 1795 1042 hoc
1814 1010 1889 1054 jus,

1210 1062 1323 1096 solatii
1337 1074 1440 1107 ergo:
1459 1061 1673 1107 quandoque
1686 1061 1785 1095 victis
1796 1061 1888 1095 dona

1210 1115 1247 1148 in
1266 1115 1440 1148 solatium.
1462 1115 1610 1160 Elegans
1633 1123 1667 1148 et
1691 1122 1791 1148 acuta
1809 1128 1887 1149 sen·

1211 1168 1319 1202 tentia
1337 1167 1468 1202 claudit
1484 1168 1702 1213 petitionem.
1714 1168 1780 1201 En.

1070 1298 1278 1357 XCII.

989 1434 1058 1462 AD
1103 1413 1375 1463 UXOREM*

676 1537 918 1580 NAToRUM
945 1535 1050 1578 mihi
1077 1536 1146 1595 jus
1175 1536 1305 1578 trium
1339 1536 1508 1595 roganti

674 1606 901 1649 Musarum
931 1607 1119 1666 pretium
1146 1605 1265 1649 dedit
1289 1621 1484 1649 mearum
1502 1639 1514 1658 ‚

677 1676 804 1720 Solus
830 1677 903 1736 qui
931 1685 1115 1736 poterat.
1134 1676 1332 1731 valebis,
1363 1692 1485 1718 uxor.

675 1749 777 1792 Non
802 1747 932 1790 debet
956 1747 1133 1790 Domini
1164 1747 1307 1808 perire
1332 1761 1505 1789 munus.

520 1866 532 1878 '¹
548 1870 634 1902 Jure
655 1869 762 1901 trium
789 1868 981 1900 liberorum
1002 1893 1010 1908 ,
1048 1866 1143 1912 quod

463 1923 574 1969 epigr.
602 1921 749 1967 praeced.
780 1921 942 1967 petebat,
965 1920 1030 1953 sibi
1059 1933 1143 1953 con-

465 1989 571 2018 cesso,
583 1975 773 2020 alloquitur
782 1986 879 2007 suam
892 1986 1038 2007 uxorem
1052 1974 1143 2006 Mar-

467 2030 578 2070 tialis,
599 2038 633 2061 et
651 2028 766 2061 valere
783 2028 894 2073 jubet.
915 2028 982 2060 ΕΙ).

522 2087 552 2116 3.
580 2082 673 2115 Solus
704 2083 769 2126 qui.
801 2081 891 2113 Nam
913 2080 1005 2121 solus
1029 2080 1142 2113 Caesar

467 2134 681 2169 concedebat
697 2134 765 2167 hoc
779 2135 834 2178 jus
846 2159 854 2173 ‚
870 2132 913 2165 de
928 2145 998 2178 quo
1015 2145 1142 2177 praece-

468 2187 567 2221 denti
584 2188 694 2233 epigr.
712 2195 746 2219 et
761 2187 823 2219 lib.
845 2187 898 2218 III
912 2212 921 2227 ‚
936 2187 1046 2231 epigr.
1063 2198 1138 2218 xcv.

467 2241 677 2280 —l''ulel›is,
700 2253 790 2273 uxor.
806 2239 988 2284 Neglecta‚
1007 2247 1065 2272 aut
1084 2251 1139 2271 re·

468 2294 630 2339 pudiata‚
657 2301 718 2326 aut
748 2302 885 2328 mortua
910 2305 917 2325 :
948 2291 1036 2325 nihil
1067 2294 1138 2337 jam

465 2347 552 2380 mihi
581 2358 689 2380 uxore
726 2358 836 2391 opus3
871 2346 1004 2391 quippe
1039 2346 1066 2377 si
1098 2358 1139 2378 ex

463 2408 498 2432 te
509 2401 720 2445 susciperem
740 2399 867 2432 liberos
881 2424 890 2439 ,
906 2401 976 2444 jam
993 2397 1138 2431 domino

463 2465 591 2486 munus
628 2451 715 2485 illud
757 2464 856 2484 suun·
896 2452 1046 2497 periret,
1076 2463 1137 2484 seu

461 2505 590 2538 frustra
604 2504 640 2538 id
655 2504 816 2538 dedisset.
829 2505 905 2538 Hoc
923 2513 1038 2538 autem
1054 2516 1138 2549 quo-

461 2557 650 2591 dammodo
678 2570 818 2603 peecare
848 2567 935 2591 esset
957 2558 993 2591 in
1022 2556 1135 2590 domi-

459 2623 545 2643 num
559 2637 568 2653 ‚
588 2619 622 2644 et
633 2610 911 2643 munificentiam
930 2612 1002 2655 ejus
1019 2623 1056 2643 ac
1072 2611 1134 2643 be-

457 2664 623 2697 neficium
652 2663 848 2697 obliterare.
879 2663 1131 2696 illusambelffius.

1261 1871 1294 1906 4.
1311 1866 1470 1900 Scribere
1490 1865 1651 1898 Valerius
1669 1866 1800 1906 voluit,
1820 1867 1879 1900 do-

1203 1923 1307 1960 mino,
1326 1927 1359 1952 et
1373 1919 1540 1964 intelligi,
1560 1919 1650 1960 Quia
1667 1919 1774 1952 trium
1791 1919 1877 1953 libe-

1202 1985 1322 2006 rorum
1335 1975 1390 2017 jus
1405 1985 1423 2005 a
1436 1971 1582 2005 domino
1596 1972 1780 2017 impetravi
1795 1997 1804 2014 ‚
1819 1987 1878 2005 va-

1201 2027 1294 2065 lebis,
1329 2039 1408 2058 ιιιοι·
1423 2052 1432 2066 ‚
1469 2025 1541 2058 sive
1571 2025 1660 2057 nihil
1690 2026 1760 2071 jam
1789 2025 1877 2060 mihi

1201 2091 1310 2112 uxore
1333 2091 1433 2124 opus.
1455 2078 1663 2112 Musamlaert.
1685 2077 1776 2112 Vide
1801 2091 1874 2113 var.

1200 2140 1275 2165 not.
1306 2132 1453 2165 Juntina
1486 2139 1604 2164 nostra
1636 2131 1741 2165 habet
1772 2131 1875 2165 etiam

1198 2185 1324 2218 domino
1352 2185 1387 2217 in
1417 2185 1582 2229 margine.
1606 2206 1658 2210 —
1676 2185 1752 2217 Non
1772 2185 1873 2218 debet.

1197 2238 1276 2271 Jam
1303 2238 1396 2271 enim
1424 2250 1464 2270 ex
1493 2237 1716 2270 matrimonio
1746 2237 1874 2271 liberos

1198 2291 1373 2336 suscipere
1389 2291 1473 2324 nolo
1485 2317 1494 2331 ‚
1513 2303 1558 2323 ne
1569 2315 1579 2331 ,
1595 2289 1691 2336 quod
1709 2290 1798 2324 mihi
1812 2291 1872 2324 be-

1197 2345 1363 2378 neficium
1392 2356 1409 2377 a
1442 2344 1643 2376 Domitiano
1667 2355 1872 2377 concessum

1197 2406 1267 2439 est,
1295 2405 1439 2443 paterna
1466 2397 1540 2442 lege
1566 2409 1772 2441 consequar.
1800 2397 1872 2429 Aut

1195 2450 1350 2495 intellige
1368 2452 1404 2484 τὸ
1426 2450 1546 2482 valebis
1565 2462 1629 2494 pro
1641 2475 1650 2490 ‚
1673 2461 1813 2481 morere
1832 2458 1871 2482 ut

1196 2503 1261 2536 tibi
1276 2502 1459 2537 succedam
1470 2516 1479 2544 ;
1492 2515 1572 2535 nam
1589 2514 1653 2547 pro
1665 2513 1812 2534 numero
1827 2501 1870 2534 li-

1195 2556 1365 2589 berorum
1381 2555 1447 2588 sibi
1466 2555 1615 2588 invicem
1636 2552 1870 2588 succedebant

1193 2609 1248 2642 vir
1273 2617 1308 2642 et
1327 2621 1429 2641 uxor.
1456 2607 1548 2641 Vide
1570 2607 1866 2652 Ulpianumslib.

1192 2663 1404 2707 Regularum
1417 2686 1426 2699 ‚
1446 2661 1500 2695 tit.
1518 2673 1531 2693 1
1542 2660 1574 2694 5.
1589 2658 1731 2694 Judicet
1744 2660 1866 2693 lector.
