2061 3288
395 251 453 279 XL
632 239 1099 283 DISSERTATIO
1137 239 1226 281 DE
1264 238 1581 282 INGENIO

557 322 628 355 Per
647 319 752 369 cujus
775 319 912 370 digitos
928 320 1046 356 currit
1060 319 1155 356 levis
1176 318 1337 355 annulus
1353 331 1484 355 omnes
1500 333 1510 364 ;

605 386 725 420 Crura
743 384 839 433 gerit
854 385 960 421 nullo
981 384 1046 434 qui
1062 384 1202 420 violata
1221 382 1327 433 pilo?

561 475 912 484 ..............
926 448 1065 485 Uxoris
1089 460 1149 484 res
1169 447 1267 497 agit,
1289 447 1426 496 inquis.

614 539 1391 548 ..............................

554 577 628 611 Res
650 575 779 612 uxoris
802 575 902 624 agit?
919 587 982 611 *res
1002 575 1124 611 nullas
1141 574 1328 625 crispulus
1350 574 1438 610 iste:

607 644 682 678 Res
699 653 775 675 non
797 641 925 676 uxoris
937 669 945 683 ‚
965 653 1023 676 res
1039 639 1196 690 agitistc
1214 647 1307 675 tuas.
1322 648 1332 663 ¹

396 761 464 803 En
486 759 573 802 duo
595 776 690 819 quae
711 759 1075 802 commendantur
1098 758 1312 801 brevitate
1334 774 1434 801 sua:
1454 758 1596 818 prius,
1617 767 1665 800 ut
1687 766 1810 817 puto,

396 831 437 873 in
461 829 624 873 malum
652 839 825 891 poetam
845 848 851 873 :

557 951 695 989 Scribit
715 952 751 987 in
776 965 906 988 aversa
923 952 1056 988 Picens
1073 953 1343 1001 epigraminata
1366 950 1516 995 charta3

610 1020 656 1054 Et
673 1016 775 1052 dolet
788 1046 797 1062 ,
816 1029 949 1053 averso
967 1015 1069 1065 quod
1089 1016 1176 1051 facit
1192 1015 1256 1051 illa
1279 1017 1397 1050 Deo.2

398 1138 635 1197 posterius,
663 1136 716 1178 de
743 1136 962 1179 ardelione
980 1154 986 1177 :

557 1262 714 1306 Semper
731 1257 808 1306 agis
829 1270 960 1293 causas
972 1286 982 1302 ‚
1000 1265 1037 1293 ct
1055 1270 1114 1292 res
1137 1257 1232 1305 agis,
1255 1256 1399 1302 Attalo,
1416 1268 1583 1305 semper:

610 1326 697 1368 Est,
719 1336 796 1359 non
820 1331 876 1358 cst
897 1321 1001 1371 quod
1022 1334 1130 1371 agas,
1151 1321 1300 1367 Attale,
1321 1333 1471 1370 semper
1491 1321 1591 1370 agis3

563 1387 600 1424 Si
620 1401 678 1424 res
695 1396 731 1424 et
746 1400 867 1424 causae
884 1386 1020 1423 desunt
1035 1415 1044 1432 ‚
1062 1386 1161 1436 agis,
1179 1385 1306 1422 Attale
1319 1414 1328 1431 ,
1346 1385 1478 1421 mulas.

609 1452 751 1495 Attale,
766 1464 811 1487 ne
829 1450 932 1500 quod
952 1463 1038 1499 agas
1054 1449 1170 1495 desit,
1189 1462 1277 1498 agas
1292 1449 1493 1485 animam.3

469 1576 578 1630 Quae
592 1581 737 1615 tamen
757 1570 881 1614 dotes
898 1569 1056 1629 ingenii
1074 1570 1118 1612 in
1136 1568 1341 1629 exemplis
1364 1567 1496 1611 modo
1514 1567 1652 1612 allatis
1672 1567 1811 1613 eluce-

400 1653 549 1697 scunt,
566 1658 715 1686 earum
733 1639 880 1684 multis
899 1640 1267 1700 epigrammatarii
1282 1648 1381 1683 ante
1398 1648 1547 1682 natum
1565 1638 1810 1683 Martialem

400 1715 677 1767 claruerunt,
715 1728 856 1772 neque
887 1711 941 1753 ab
973 1710 1054 1754 hac
1085 1720 1208 1771 parte
1238 1727 1343 1771 ergo
1372 1711 1515 1752 virum
1552 1709 1607 1752 ab
1640 1708 1811 1753 illorum

400 1786 529 1830 turba
559 1784 714 1827 merito
741 1782 1058 1843 segregaveris,
1082 1783 1155 1842 qui
1175 1781 1259 1825 hoc
1289 1779 1605 1841 qualecumque
1633 1796 1813 1841 poeseos

401 1873 538 1918 genus
564 1855 657 1916 pari
685 1853 828 1898 studio
855 1852 1039 1896 coluere.
1068 1852 1153 1895 Sed
1179 1868 1265 1895 una
1292 1851 1384 1895 laus
1405 1860 1491 1904 est,
1516 1867 1646 1911 quam
1669 1850 1813 1895 nullus

402 1939 502 1971 ante
533 1943 632 1971 eum
665 1926 743 1969 sibi
774 1925 948 1985 proprie
980 1923 1203 1967 vindicare
1232 1923 1464 1983 potuisset,
1494 1920 1563 1964 ille
1599 1921 1812 1976 vindicat,

402 2014 559 2059 nempe.
590 1997 791 2040 acumina
818 1997 860 2039 in
887 1994 1110 2048 clausulis,
1136 2004 1178 2038 et
1200 1995 1258 2038 sic
1281 1984 1810 2054 Επιγραμματολογούντων

400 2070 642 2130 principem
668 2068 787 2110 hunc
807 2067 920 2126 juste
942 2066 1279 2120 renuntiaveris,
1299 2065 1461 2124 quippe
1483 2064 1557 2122 qui
1583 2064 1811 2124 Epigram-

402 2142 506 2183 mati
524 2156 687 2183 novum
706 2139 923 2199 ingenium
936 2173 946 2191 ‚
959 2153 1122 2180 novum
1137 2136 1388 2180 charactera
1400 2134 1653 2195 imposuerit
1673 2151 1680 2177 :
1697 2150 1813 2176 nam-

401 2228 484 2271 que
509 2211 723 2271 principio
753 2206 1059 2269 Epigramma,
1081 2217 1130 2250 ut
1158 2208 1298 2268 ipsum
1328 2205 1488 2249 indicat
1517 2221 1677 2248 nomen
1705 2202 1811 2261 (ἐπι-

400 2282 577 2342 γράφειν,
596 2275 862 2333 inscribere),
875 2278 934 2322 nil
950 2278 1065 2322 aliud
1086 2278 1180 2334 fuit,
1200 2294 1328 2338 quam
1353 2277 1469 2337 quod
1487 2293 1567 2339 pro
1588 2274 1729 2336 elogio
1746 2276 1809 2318 in-

402 2351 680 2412 sculpebatur
700 2350 980 2411 imaginibus,
1001 2350 1152 2410 signis,
1172 2350 1346 2409 tropaeis
1359 2384 1370 2403 ,
1390 2348 1608 2408 sepulcris
1628 2345 1708 2390 Illa
1729 2362 1810 2389 au-

400 2434 486 2467 tem
509 2421 646 2482 elogia
668 2421 883 2465 interdum
896 2419 1036 2464 soluta
1052 2421 1247 2464 oratione
1270 2419 1585 2473 scribebantur,
1607 2426 1655 2460 ut
1677 2417 1779 2476 Cyri
1800 2433 1807 2458 :

461 2582 489 2601 1.
515 2568 590 2599 Lib.
604 2567 647 2603 V,
670 2566 775 2610 epigr.
799 2578 869 2597 μη.

458 2635 488 2654 2.
508 2621 583 2652 Lib.
600 2619 708 2656 VIII,
727 2618 834 2663 epigr.
856 2631 941 2650 ini.

455 2679 485 2707 3.
502 2673 578 2706 Lib.
598 2673 611 2704 l
627 2699 634 2713 7
652 2672 757 2716 epigr.
777 2683 870 2702 an.
