2061 3288
820 227 882 269 M.
906 228 1047 270 VAL.
1086 229 1475 273 MARTIALIS

510 314 633 356 Inter
657 312 839 358 Ledaeos
868 314 1034 358 ridetur
1059 331 1218 360 corvus
1245 315 1387 361 olores
1410 334 1420 360 τ

511 384 582 428 Sic
609 383 684 428 ubi
709 383 942 430 multisona
971 385 1112 430 fervet
1140 402 1262 431 sacer
1286 387 1464 432 Atthide
1492 386 1641 441 lucus,

510 455 721 516 'Improba
749 458 984 519 Cecropias
1014 456 1199 503 offendit
1225 460 1323 520 pica
1351 457 1560 520 querelas.

511 525 662 570 Indice
690 544 779 571 non
809 544 920 589 opus
948 538 1012 573 est
1037 531 1219 586 nostris,
1242 546 1322 574 nec
1346 530 1518 574 vindice
1543 529 1665 574 libris
1689 547 1698 572 :

516 597 611 641 Stat
643 607 814 654 contra,
845 598 1036 660 dicitque
1063 600 1141 644 tibi
1171 611 1245 645 tua
1278 601 1460 662 pagina,
1487 603 1576 644 Fur
1603 616 1660 644 es.

450 239 540 269 102

498 737 532 770 8.
554 735 685 769 Ledoeos
711 736 822 770 olores.
855 737 1031 777 Quoniam
1057 738 1077 770 J
1083 750 1121 770 u-

444 787 538 833 piter
552 789 617 822 sub
634 789 746 823 forma
763 790 864 836 cycni
882 789 1013 823 Ledam
1030 803 1124 824 com·

443 850 581 886 pressu.

498 909 531 937 9.
558 895 695 928 Atthide
715 895 752 929 in
777 895 857 930 Ald.
881 897 982 929 Junt.
1006 897 1120 931 Colin.

445 946 585 994 Gryph.
611 949 729 982 Pulm.
760 958 794 982 et
828 949 922 990 aliis3
942 950 1056 983 Attide
1084 950 1122 982 in

446 1001 538 1042 :aliis;
565 1001 641 1033 alite
665 1002 703 1034 in
730 1001 941 1036 Beverlandi
968 1002 1043 1036 MS.
1071 1024 1123 1030 —-

447 1054 559 1086 Fervet
603 1054 750 1088 Atthide.
792 1057 906 1089 Attica
930 1081 939 1099 ‚
975 1055 1125 1090 subaudi

445 1107 539 1146 alite,
567 1107 783 1153 significatur
801 1109 1012 1150 Philomela,
1034 1110 1124 1142 Pan-

448 1159 562 1193 dionis
575 1162 665 1206 regis
675 1161 942 1195 Atheniensium
952 1162 1023 1195 filia
1036 1174 1044 1195 ε
1058 1163 1124 1195 Ce-

446 1213 566 1259 cropia
583 1213 731 1255 dicitur,
750 1213 786 1247 id
808 1223 860 1248 est
878 1215 1102 1249 Atheniensis
1115 1242 1124 1257 ‚

447 1279 465 1298 a
484 1267 662 1312 Cecrope,
685 1279 765 1312 rege
789 1268 905 1313 primo
929 1269 1125 1302 Athenien-

447 1320 548 1353 sium.
572 1320 658 1365 Ejus
685 1329 807 1355 cantus
833 1322 985 1366 querelae
1006 1322 1125 1367 appel-

448 1373 584 1412 lantur,
609 1373 691 1419 quia
716 1373 856 1407 videtur
883 1373 997 1408 adhuc
1024 1374 1125 1420 queri

448 1424 494 1457 de
513 1426 641 1471 injuria
659 1426 727 1459 sibi
744 1440 763 1460 a
784 1427 898 1460 Tereo
919 1440 1000 1473 rege
1017 1428 1122 1461 illata.

451 1478 600 1512 Ovidius
613 1505 622 1521 ‚
641 1479 727 1512 Met.
751 1480 803 1512 VI
815 1504 825 1520 ‚
845 1484 864 1520 4
875 1495 887 1513 1
898 1494 930 1514 2.

508 1544 521 1564 1
532 1544 564 1565 ο.
582 1532 652 1565 Pro
669 1533 826 1575 offendit,
843 1533 941 1579 quod
957 1533 1126 1567 exhibent

449 1583 528 1618 edd.
543 1585 722 1630 antiquiss.
732 1586 862 1620 venet.
876 1599 890 1620 1
900 1591 945 1631 47
955 1599 987 1627 Ι,
1000 1587 1123 1620 Bosch.

449 1636 526 1670 Ald.
549 1638 647 1672 Junt.
669 1639 784 1672 Colin.
803 1639 941 1685 Gryph.
962 1648 1027 1673 etc.
1045 1639 1124 1681 alii,

449 1699 487 1723 ut
502 1691 717 1737 Pulmannus
729 1718 738 1733 ,
755 1692 882 1725 Junius
893 1719 902 1733 ,
919 1701 984 1726 etc.
1001 1693 1126 1738 legunt

448 1743 596 1785 effundit.
615 1745 778 1778 Nostram
793 1746 977 1779 lectionem
991 1746 1126 1791 optime

448 1796 600 1830 restituit
627 1797 842 1840 Scriverius;
867 1797 927 1832 sed
953 1799 1125 1832 Gruterus

1181 738 1298 771 mallet
1310 738 1460 781 offundit.
1474 738 1691 782 —Offinclit.
1710 738 1859 771 Moleste

1181 791 1410 836 interstrepit.

1240 857 1253 877 1
1266 855 1280 876 1
1289 871 1297 877 .
1311 844 1400 878 Sunt
1411 844 1473 889 qui
1486 843 1600 889 legant
1605 845 1727 889 judice.
1745 845 1860 878 Voces

1181 897 1317 938 vinda,
1337 898 1449 937 index,
1470 905 1504 931 et
1522 897 1632 938 iudex,
1655 898 1727 931 sive
1733 897 1857 942 judex,

1181 950 1306 996 saepius
1321 949 1589 984 confunduntur
1606 963 1625 984 a
1642 950 1862 984 librariis.—

1182 1003 1302 1036 Indice.
1338 1004 1414 1037 Hoc
1450 1012 1499 1037 est
1513 1029 1523 1044 ‚
1559 1012 1778 1045 accusatore3
1807 1003 1859 1036 tui

1184 1056 1279 1089 euim
1305 1069 1425 1090 versus
1447 1056 1533 1090 meis
1562 1057 1743 1103 conjuncti
1767 1054 1861 1089 indi-

1182 1118 1263 1143 cant
1293 1117 1327 1143 te
1357 1110 1481 1143 furem.
1512 1110 1613 1143 Indez
1645 1108 1775 1143 dicitur
1800 1109 1862 1154 qui

1183 1163 1315 1196 crimen
1350 1162 1492 1208 aliquod
1529 1162 1672 1196 indicat.
1709 1183 1762 1189 -—-
1793 1161 1863 1195 Nec

1182 1216 1308 1249 vindice
1320 1243 1330 1258 ‚
1348 1216 1416 1267 qui⁸
1433 1229 1491 1249 eos
1517 1224 1642 1249 asserat
1662 1216 1700 1248 iu
1720 1215 1862 1248 liberta-

1185 1277 1266 1303 tem.
1294 1268 1379 1302 Vid.
1404 1268 1606 1314 praecedens
1634 1269 1860 1314 epigramma.

1242 1335 1256 1356 1
1269 1335 1300 1356 2.
1320 1322 1396 1356 Stat
1415 1330 1537 1356 contra.
1563 1322 1771 1367 Metaphora
1800 1319 1861 1354 de-

1183 1383 1320 1421 sumpta
1342 1387 1359 1408 a
1379 1375 1550 1408 subselliis
1566 1373 1781 1420 judiciorum
1801 1373 1862 1406 ubi

1182 1428 1323 1474 patroni
1337 1427 1472 1460 adversi
1485 1427 1667 1466 sedebant,
1683 1434 1862 1460 accusator

1184 1489 1304 1513 contra
1324 1480 1562 1521 defensorem3
1585 1489 1619 1514 et
1643 1479 1786 1526 quando
1806 1478 1862 1512 di-

1183 1534 1284 1567 cehat
1304 1542 1483 1567 accusator
1500 1534 1630 1567 stabat:
1650 1542 1739 1566 stare
1755 1533 1864 1578 igitur

1183 1595 1324 1628 contra,
1346 1596 1397 1620 est
1420 1587 1605 1620 surrexisse
1627 1594 1862 1620 accusatorem

1183 1640 1239 1672 vel
1264 1639 1482 1673 defensorem
1513 1639 1556 1672 ad
1577 1638 1778 1673 dicendum.
1806 1638 1862 1671 Sic

1184 1693 1416 1734 Ramiresius,
1439 1706 1478 1725 ex
1500 1687 1681 1726 Ciceronis
1705 1691 1862 1725 oratione

1183 1758 1249 1791 pro
1266 1746 1369 1779 Sexto
1386 1746 1511 1779 Roscio
1532 1746 1650 1780 Amer.
1664 1767 1714 1772 -
1728 1745 1762 1779 F
1762 1758 1800 1777 αι·
1816 1758 1863 1784 es;

1184 1799 1371 1844 plagiarius
1388 1799 1529 1833 scilicet.

1089 1932 1216 1990 LV.

941 2078 1020 2120 *AD
1061 2078 1125 2106 FU
1142 2078 1306 2106 scum.
1325 2057 1344 2073 ⁴¹

659 2196 706 2239 S1
740 2194 867 2256 quid,
894 2197 1056 2251 Fusce,
1080 2210 1208 2239 vacas
1237 2194 1381 2238 adhue
1407 2195 1565 2251 amari,

656 2267 770 2310 Nam
802 2275 903 2309 sunt
928 2265 1033 2309 hinc
1061 2265 1161 2321 tibi,
1187 2275 1288 2309 sunt
1311 2275 1354 2309 et
1379 2265 1482 2310 hinc
1507 2266 1667 2321 amici;

500 2393 514 2406 ¹
536 2398 679 2430 Lemma
695 2405 745 2431 est
765 2397 801 2430 in
822 2397 992 2430 Vaticano
1012 2406 1046 2430 et
1063 2402 1123 2431 Be·

445 2448 604 2482 verlandi
622 2450 696 2483 MS.
717 2450 778 2483 Ad
797 2451 933 2484 Fuscum
953 2450 996 2484 P.
1021 2451 1121 2483 Proee.

1182 2398 1242 2431 Ad
1251 2398 1284 2431 F
1284 2411 1397 2438 uscam,
1410 2398 1551 2443 praefert
1562 2397 1792 2439 Ramiresius;
1804 2397 1858 2430 vel

1182 2459 1366 2496 utramque
1379 2453 1604 2497 conjunctam
1616 2462 1624 2484 :
1639 2450 1856 2490 AdFuscum,

447 2506 477 2535 in
501 2503 611 2535 Dacis.
634 2503 794 2536 Juvenal.
817 2504 885 2542 IV,
905 2516 919 2537 1
932 2515 946 2536 1
960 2515 996 2537 1:
1015 2521 1028 2532 ‹-
1049 2503 1121 2545 Qui
1182 2504 1220 2536 de
1238 2504 1421 2537 Amicorum
1437 2504 1570 2548 judicio.

443 2555 644 2589 vulturibus
659 2556 816 2589 servabat
824 2565 966 2601 pectora
979 2556 1114 2590 Dacis.»

445 2609 485 2640 In
501 2607 579 2641 Ald.
595 2609 695 2642 Junt.
713 2608 827 2642 Colin.
851 2617 914 2643 etc.
932 2611 984 2642 De
1002 2612 1118 2642 antico-

444 2674 509 2695 rum
516 2662 819 2706 fudiciaVeterem
835 2662 1098 2707 inscriptionem
1111 2688 1119 2702 ‚

1238 2569 1251 2589 1
1261 2583 1268 2589 .
1282 2557 1319 2590 Si
1331 2558 1426 2603 quid,
1443 2558 1556 2596 Fasce,
1569 2565 1634 2590 etc.
1648 2555 1725 2588 Hoc
1739 2563 1806 2596 est,
1822 2555 1858 2588 Si

1178 2623 1271 2643 novo
1293 2609 1406 2643 amico
1430 2610 1526 2642 locus
1547 2609 1591 2642 sit
1616 2607 1712 2654 apud
1734 2617 1779 2642 te.
1802 2609 1856 2641 De

1179 2663 1306 2703 Fusco,
1332 2662 1402 2696 vid.
1430 2663 1579 2703 lih.VI‚
1595 2662 1705 2707 epigr.
1734 2672 1855 2695 Lxxv1.
