2061 3288
427 234 523 296 374
803 237 864 279 M.
889 237 1028 279 VAL.
1069 237 1462 283 MARTIALIS

635 323 768 380 Quod
790 323 855 367 his
876 324 1042 367 murice
1064 323 1201 368 vellus
1227 325 1500 386 inquinatum
1518 363 1529 381 ‚

634 394 767 450 Quod
787 394 951 454 jejunia
977 394 1322 439 sabbatariorum
1340 432 1352 451 ‚

636 465 897 508 Moestorum
928 465 1045 525 quod
1071 465 1289 510 anhelitus
1315 483 1490 511 reorum
1508 504 1519 524 ,

637 535 770 592 Quod
800 552 968 596 spurcae
993 537 1182 580 moriens
1212 536 1389 581 lucerna
1415 538 1568 593 Ledae,

636 606 769 663 Quod
800 616 1020 650 ceromata
1048 607 1152 652 faece
1183 607 1237 652 de
1264 608 1446 665 Sabina,
1810 640 1842 654 Π»

424 756 494 779 tem
516 745 576 778 lib.
598 746 637 786 I,
659 746 863 791 epigramm.
890 758 965 787 mv,
986 759 1035 779 vs.
1058 751 1078 786 4
1092 772 1102 786 ,

424 798 717 832 Bardocucullum
754 799 857 831 fuisse
893 799 977 832 villo
1011 811 1102 832 cras-

426 852 509 886 siori
535 850 719 886 sordidum
735 879 744 893 ,
767 860 801 885 et
827 853 905 885 oleo
931 861 1075 885 unctum
1093 878 1102 891 ‚

427 915 530 951 atque
541 904 621 938 ideo
631 906 701 950 jam
716 918 778 951 per
792 917 827 938 se
838 906 926 938 male
936 906 1102 939 olentem.

426 959 598 992 Evocatus
614 971 696 991 vero
713 966 786 992 erat
803 959 903 992 miles
919 967 1104 992 veteranus

426 1012 662 1056 emeritusque
677 1037 685 1051 ‚
704 1011 762 1057 qui
782 1010 998 1045 difficillimis
1016 1020 1104 1045 tem-

426 1065 571 1110 poribus
583 1064 773 1110 rogabatur
792 1065 920 1098 iterum
937 1064 1105 1107 militare,

428 1127 461 1150 et
481 1130 543 1163 per
558 1118 676 1151 literas
688 1118 742 1150 vel
756 1118 903 1151 nuncios
919 1119 1107 1151 evocabatur

427 1184 467 1204 ex
489 1171 561 1204 otio
583 1183 670 1211 suo;
693 1179 750 1204 aut
769 1170 867 1204 ducis
890 1172 944 1204 vel
971 1183 1105 1205 merce-

426 1223 480 1257 dis
509 1224 619 1269 gratia
657 1236 748 1257 nova
782 1225 902 1257 volens
931 1224 1108 1270 stipendia

427 1278 592 1310 merebat.
625 1277 730 1310 Hunc
751 1286 851 1311 vocat
875 1278 990 1311 lassum
1012 1278 1105 1310 Mar-

428 1330 538 1371 tialis,
564 1330 697 1363 scilicet
723 1339 877 1363 senectute
898 1339 930 1363 et
955 1332 1106 1364 diuturna

428 1384 540 1416 militia
552 1383 761 1427 defatigamm
773 1411 782 1423 ‚
797 1392 836 1416 ut
846 1384 965 1417 multis
975 1384 1106 1429 placet3

429 1445 510 1477 aut,
532 1435 627 1482 quod
652 1449 715 1482 ego
742 1437 912 1469 libentius
936 1437 1107 1482 iutellige-

429 1502 504 1523 rem
517 1516 525 1529 ‚
547 1492 602 1521 ”via
623 1489 776 1531 defessum
793 1503 831 1521 ac
852 1489 1012 1522 sudantem
1025 1504 1037 1523 .·
1056 1489 1107 1522 illi

430 1543 535 1588 igitur
559 1542 738 1582 veterani,
761 1542 933 1587 incompti
962 1543 1106 1576 hirsuti-

431 1608 498 1641 que
512 1621 521 1637 ,
539 1597 609 1640 jam
625 1608 689 1640 per
702 1607 737 1628 se
755 1596 845 1628 male
862 1595 1002 1628 olebant
1014 1609 1023 1637 ;
1037 1607 1108 1641 gra·

427 1648 505 1681 vius
521 1660 585 1694 per
597 1647 760 1681 sudorem
777 1648 1002 1694 laboremque
1019 1664 1027 1689 ;
1045 1648 1108 1681 du-

430 1702 583 1747 plicique
608 1701 658 1733 illi
684 1700 786 1734 odori
815 1701 1107 1735 commiscebatur

429 1754 518 1787 odor
539 1753 780 1787 bardocuculli
798 1755 853 1787 vel
872 1755 1015 1787 bardiaci
1033 1767 1106 1800 quo

426 1807 666 1840 induebantur
678 1832 687 1847 ‚
699 1808 853 1840 vestibus
862 1806 905 1840 ad
923 1808 1106 1841 utilitatem

429 1862 545 1906 potius
569 1873 672 1906 quan]
699 1859 741 1893 ad
761 1859 925 1893 decorem
945 1869 1082 1895 utentes
1097 1889 1105 1903 ‚

427 1923 462 1947 ot
478 1912 618 1959 quidem
634 1926 736 1959 parce
750 1939 758 1954 ‚
779 1926 844 1947 nec
862 1926 952 1960 saepe
966 1927 1021 1947 eas
1035 1927 1108 1947 mu-

429 1976 538 2000 tantes
555 1993 563 2007 ‚
591 1975 632 1999 ut
661 1979 758 2000 senes
786 1967 836 1999 rei
868 1967 1031 2000 familiari
1057 1976 1106 2000 at-

428 2020 594 2053 tentiores
638 2019 895 2053 conservandae.
943 2021 1009 2054 En.
1052 2042 1104 2046 —

429 2073 601 2118 Georgius
634 2074 717 2118 legit
731 2099 739 2114 ,
774 2074 867 2106 Lassi
897 2073 1040 2117 bqrdat'cz'
1073 2087 1106 2106 os

429 2126 515 2171 quod
525 2126 680 2159 advocali.
698 2125 885 2159 Bardaicus
899 2136 1013 2160 autem
1026 2152 1035 2169 ‚
1052 2127 1105 2159 in-

428 2181 522 2225 quit,
545 2188 616 2212 erat
636 2188 825 2224 patronus,
845 2180 905 2225 qui
929 2189 1006 2225 post
1032 2192 1109 2224 per-

428 2241 539 2265 oratas
559 2232 693 2265 diutius
716 2245 833 2266 causas
850 2245 989 2278 gravem
1008 2233 1108 2266 emit·

428 2286 521 2318 tebat
531 2286 689 2319 halitum.
700 2286 797 2319 Illius
808 2286 965 2320 meminit
977 2287 1103 2319 Juven.

427 2346 488 2371 sat.
510 2339 617 2379 XVI,
649 2339 691 2371 13
717 2350 725 2371 z
755 2356 768 2367 u
791 2338 979 2372 Bardiacus
995 2338 1105 2384 judex

428 2390 530 2424 datur
554 2391 625 2424 haec
644 2392 771 2436 punire
789 2392 934 2425 volenti.
954 2409 967 2421 n

482 2446 515 2476 6.
536 2445 595 2477 Bis
615 2447 738 2477 murice.
765 2445 832 2477 Lib
869 2446 885 2477 I
898 2471 906 2486 ‚
930 2445 1037 2491 epigr.
1058 2458 1078 2478 L
1091 2470 1101 2486 ,

429 2510 462 2529 v.
482 2496 525 2529 32
542 2508 550 2529 z
570 2514 583 2524 ·‹
603 2497 787 2543 Olidaeque
799 2506 909 2531 vestes
923 2498 1068 2531 murice.
1089 2515 1102 2527 υ

426 2549 518 2582 Male
539 2550 679 2583 olebant
699 2559 809 2583 vestes
826 2563 1012 2596 purpureae
1024 2564 1104 2596 pro-

428 2611 504 2646 pter
530 2602 655 2635 lotium
676 2604 818 2636 fortasse
839 2617 910 2648 quo
931 2613 1101 2649 tempera-

428 2655 530 2688 batur
557 2668 734 2700 purpura,
763 2656 856 2701 quod
884 2658 1029 2690 innuere
1050 2658 1099 2689 vi-

1161 746 1264 780 detur
1291 747 1380 781 Plin.
1412 747 1473 780 lib.
1500 748 1572 789 IX,
1597 761 1672 793 cap.
1701 749 1769 790 343
1802 758 1837 782 et

1161 800 1228 833 hoc
1263 800 1410 833 nornine
1446 800 1630 834 Philaenim
1655 802 1843 847 purpureis

1160 851 1366 886 delectatam
1384 854 1537 887 vestibus
1559 854 1672 900 arguit
1698 854 1762 887 lib.
1775 855 1842 895 IX,

1163 905 1270 951 epigr.
1292 918 1406 947 LXIII,
1423 906 1499 940 vitii
1517 920 1590 940 non
1611 907 1778 940 absimilis
1800 907 1842 939 il-

1162 959 1230 992 lius
1253 959 1352 1004 quod
1375 960 1504 993 Baetico
1525 960 1646 1005 objicit
1674 961 1736 994 lib.
1760 961 1814 993 III
1831 986 1841 1000 ,

1162 1012 1365 1058 epigramm.
1386 1025 1503 1046 Lxxvx.
1520 1013 1614 1046 Vide
1629 1021 1663 1047 et
1680 1014 1838 1047 Turneb.

1163 1064 1306 1099 Advers.
1330 1066 1388 1099 lib.
1408 1066 1459 1098 IX
1475 1093 1483 1107 ,
1501 1079 1573 1112 cap.
1599 1067 1631 1100 5.

1219 1131 1252 1163 7.
1265 1119 1395 1164 Jejum'a
1409 1119 1660 1152 sabbatariorum
1672 1147 1681 1159 ,
1701 1128 1766 1152 etc.
1781 1119 1845 1152 Ju-

1164 1170 1229 1204 daei
1248 1173 1387 1205 sabbata
1410 1172 1664 1218 religiosissime
1681 1173 1844 1206 colebant

1165 1233 1197 1257 et
1226 1223 1300 1258 dies
1323 1225 1527 1270 septimanae
1554 1238 1572 1258 a
1603 1226 1745 1259 sabbato
1773 1238 1842 1258 nu-

1163 1279 1354 1312 merabant.
1368 1278 1402 1310 F
1401 1287 1524 1310 metentes
1534 1279 1554 1311 J
1560 1277 1675 1312 udaeos
1690 1279 1844 1324 appellat

1166 1331 1372 1364 Ammianus
1393 1331 1617 1365 Marcellinus
1633 1357 1642 1370 ‚
1665 1331 1755 1364 libro
1781 1332 1817 1364 II
1835 1357 1845 1372 ,

1165 1384 1211 1415 ob
1234 1383 1365 1430 jejunia
1386 1397 1463 1430 quae
1481 1383 1623 1429 quidem
1647 1384 1844 1429 religiosius

1164 1436 1397 1474 observabant
1420 1449 1429 1470 ε
1451 1437 1580 1482 jejunis
1610 1446 1726 1470 autem
1748 1436 1844 1470 haud

1165 1501 1244 1522 raro
1263 1490 1359 1523 foetet
1380 1490 1505 1522 anima.

1221 1543 1254 1576 8.
1275 1543 1421 1576 Reor-um.
1448 1543 1540 1576 Cura
1562 1551 1597 1576 et
1619 1555 1747 1588 angore
1769 1543 1844 1576 ani-

1165 1596 1212 1627 mi
1231 1604 1402 1629 avocatur
1431 1596 1500 1630 alio
1529 1595 1697 1629 stomachi
1724 1596 1844 1638 calor,

1165 1647 1262 1681 unde
1294 1649 1411 1681 minus
1450 1657 1655 1694 coquuntur
1681 1649 1774 1689 eibi;
1803 1661 1845 1682 ex

1166 1714 1203 1734 ea
1236 1711 1351 1735 autem
1382 1701 1556 1736 cruditate
1586 1702 1702 1736 anima
1732 1702 1846 1747 putris

1166 1755 1308 1788 oritur:
1339 1755 1430 1788 nihil
1460 1763 1575 1788 autem
1609 1755 1755 1788 homine
1783 1767 1844 1788 reo

1166 1807 1311 1841 tristius.

1220 1873 1255 1905 9.
1275 1861 1448 1895 Her-aldus
1464 1874 1530 1908 pro
1544 1861 1640 1894 Ledae
1656 1861 1739 1906 legit
1753 1861 1843 1893 tedoe.

1165 1929 1218 1935 —
1239 1914 1391 1948 Moriens.
1426 1916 1558 1948 Recens
1591 1922 1650 1948 aut
1683 1913 1843 1947 nondum

1167 1967 1346 2001 exstincta.
1371 1990 1423 1993 —
1453 1968 1559 2001 Ledae.
1579 1967 1697 2009 Quam
1724 1967 1845 2012 posuit

1164 2032 1230 2065 pro
1248 2020 1371 2065 quavis
1391 2021 1573 2054 meretrice
1601 2028 1782 2066 prestante
1801 2019 1844 2052 ad

1165 2074 1337 2107 lucernas.
1357 2074 1556 2115 Juvenalis‚
1580 2082 1640 2107 sat.
1656 2074 1709 2106 VI
1721 2101 1730 2113 ,
1753 2073 1822 2107 132
1835 2099 1845 2114 ⁷

1168 2125 1212 2159 de
1227 2126 1432 2160 Messalina:
1460 2144 1473 2155 n
1490 2127 1729 2172 Obscurisque
1748 2126 1844 2172 genis

1169 2179 1279 2224 turpis
1291 2206 1299 2222 ,
1312 2179 1479 2225 fumoque
1496 2180 1647 2213 lucernae
1661 2178 1763 2212 Foeda
1773 2205 1782 2220 ,
1794 2180 1846 2212 lu-

1168 2233 1306 2277 panaris
1326 2233 1405 2266 tulit
1418 2232 1461 2266 ad
1480 2233 1644 2278 pulvinar
1659 2232 1840 2266 odorem.»

1168 2285 1250 2318 Vid.
1270 2286 1390 2319 Horat.
1413 2295 1475 2319 sat.
1494 2287 1566 2318 VII
1581 2312 1589 2327 ‚
1611 2285 1674 2319 lib.
1697 2286 1745 2318 II.

1223 2351 1280 2373 10.
1299 2339 1480 2372 Ceromata.
1505 2340 1652 2373 Ceroma
1677 2350 1841 2383 unguen-

1165 2400 1239 2425 tum
1256 2400 1328 2425 erat
1348 2404 1499 2425 crassum
1529 2405 1570 2425 ex
1598 2392 1676 2424 oleo
1709 2400 1743 2424 et
1770 2391 1844 2423 luto

1165 2445 1361 2478 confectum
1384 2458 1456 2491 quo
1477 2445 1647 2478 luctantes
1663 2444 1844 2489 ungeban-

1165 2506 1241 2539 tur;
1264 2498 1292 2530 si
1314 2511 1355 2531 ex
1378 2498 1455 2530 oleo
1473 2497 1604 2531 Sabino
1619 2523 1628 2539 ‚
1651 2496 1747 2543 quod
1770 2504 1844 2529 erat

1163 2550 1338 2591 deterius,
1359 2551 1560 2584 confectum
1580 2558 1674 2591 erat,
1695 2550 1844 2595 pessime

1162 2604 1297 2645 olebat3
1315 2603 1402 2650 quid
1421 2613 1535 2637 autem
1554 2604 1580 2637 si
1600 2610 1776 2636 constaret
1802 2614 1843 2634 ex

1163 2658 1244 2691 faece
1261 2658 1312 2690 vel
1329 2657 1493 2690 amurca?
