2061 3288
441 207 1021 252 EPIGRAMMATUM
1057 207 1183 249 LIB.
1224 207 1254 248 Ι.
1493 202 1551 264 57

813 355 882 411 V.

663 510 732 538 AD
770 509 1046 539 CAESAREM.

219 640 512 683 CON'rml-:ms
539 646 737 691 nostros,
766 638 935 691 Caesar,
959 636 993 679 si
1020 635 1132 679 forte
1163 634 1353 687 libellos,

289 711 523 751 Terrarum
550 707 775 752 (lominum
802 723 915 769 pone
942 705 1236 766 supercilium.

223 781 500 824 Consuevere
527 779 650 839 jocos
676 779 808 822 vestri
833 793 1006 838 quoque
1033 776 1146 821 ferre
1172 778 1410 839 triumphi3

292 850 521 892 Materiam
549 849 674 893 dictis
700 865 781 893 nec
806 848 941 909 pudet
964 864 1056 891 esse
1081 847 1251 892 ducem.

221 921 322 978 Qua
345 919 586 981 Thymelen
612 929 800 981 spectas,
830 919 1154 979 derisoremque
1185 920 1390 963 Latinum
1406 956 1418 975 ‚

289 989 367 1034 llla
395 990 539 1035 fronte
562 1008 720 1052 precor
744 991 937 1035 carmina
962 999 1111 1033 nostra
1137 989 1266 1051 legas.

224 1064 445 1106 Innocuos
476 1078 660 1106 censura
689 1071 834 1123 potest
859 1062 1112 1122 permittere
1143 1059 1290 1105 lusus:

295 1134 480 1177 Lasciva
508 1142 574 1177 est
598 1133 724 1177 nobis
749 1133 931 1194 pagina,
953 1133 1043 1176 vita
1071 1131 1211 1192 proba
1241 1141 1316 1176 est.

214 1285 247 1306 2.
260 1272 476 1318 Supercilium.
493 1274 649 1318 Usurpat
666 1286 731 1319 pro
746 1273 835 1306 fastu

158 1334 192 1360 et
205 1326 399 1360 severitate.
424 1327 591 1360 Terrarum
605 1327 763 1359 dominum
778 1339 838 1359 vo-

157 1386 230 1418 cat,
251 1378 346 1425 quod
362 1391 403 1412 eo
418 1388 589 1414 terrarum
604 1379 699 1413 orbis
714 1380 838 1424 guber-

158 1440 312 1466 naretur.
336 1431 420 1467 Vid.
448 1433 538 1467 Plin.
565 1433 644 1466 Lib.
672 1433 742 1474 XI,
762 1444 836 1478 cap.

161 1484 207 1530 37
230 1493 264 1518 et
288 1486 346 1519 52.

216 1538 249 1572 3.
282 1538 489 1572 Beverlandi
522 1539 595 1572 MS.
629 1552 721 1585 quam
749 1540 839 1582 serre

163 1592 321 1636 triumphi.
339 1612 391 1617 ——-
410 1592 444 1625 F
443 1605 509 1625 erre
528 1593 686 1637 triumphi.
706 1593 748 1625 In
766 1591 839 1637 ipsa

162 1643 333 1689 triumphi
360 1656 489 1690 pompa
511 1658 571 1690 per
588 1647 709 1690 jocum
732 1644 843 1678 dicte-

163 1695 225 1729 riis
243 1704 277 1729 et
297 1697 463 1730 conviciis
485 1698 737 1743 Imperatorem
756 1710 840 1731 con-

164 1750 386 1783 sectabantur
414 1750 552 1784 milites.
585 1751 776 1785 Suetonius
804 1751 841 1783 in

164 1802 282 1843 Julio,
310 1815 386 1847 cap.
414 1806 479 1848 49,
508 1812 541 1836 et
563 1804 651 1845 Dio,
683 1804 744 1837 lib.
781 1804 840 1843 43.

171 1855 389 1900 Triumphalia
406 1856 671 1902 appellabantur
686 1856 759 1890 haec
774 1869 844 1889 car-

167 1908 281 1948 mina,
301 1908 451 1942 licentiae
472 1909 575 1954 plena
599 1918 632 1942 et
658 1909 844 1955 procacita-

167 1960 232 2001 tis,
256 1973 333 2006 quae
360 1962 395 1994 in
421 1974 500 1995 eum
528 1962 727 1996 audientem
755 1962 844 1995 effu-

169 2014 322 2054 tiebant,
339 2026 379 2047 eo
404 2014 479 2060 ipso
505 2013 582 2056 die,
605 2029 675 2061 quo
708 2028 844 2049 summo

170 2066 304 2099 honore
314 2065 642 2102 decorabaturNid.
655 2069 744 2114 epig.
756 2081 824 2102 v111
833 2094 842 2110 ,

169 2119 231 2152 lib.
253 2119 365 2163 7.ED.

227 2172 260 2204 5.
279 2173 363 2205 Erat
375 2173 545 2218 Thymele
559 2174 674 2207 Latini
687 2200 695 2215 ,
709 2174 846 2207 histrio-

173 2224 226 2257 nis
243 2224 378 2265 famosi,
392 2238 498 2266 uxor3
514 2227 698 2272 utriusque
712 2227 847 2260 actione

172 2277 310 2310 mimica
320 2278 515 2323 plurimum
526 2278 764 2313 delectabatur
781 2281 849 2312 Do-

172 2330 350 2364 mitianus.
374 2332 454 2364 Vox
473 2331 536 2364 ista
555 2332 726 2376 Thymele
746 2333 850 2377 signi-

173 2382 255 2416 ficat
294 2384 398 2417 etiam
437 2385 625 2418 orchestrae
660 2386 847 2430 pulpitum.

173 2436 374 2474 Juvenalis,
405 2447 466 2470 sat.
501 2439 529 2471 I.
565 2439 640 2471 «Et
666 2452 683 2471 a
711 2437 849 2483 trepido

175 2489 328 2534 thymele
356 2491 534 2524 summissa
552 2492 688 2524 Latino.
712 2510 725 2521 »
758 2493 849 2523 Deri-

176 2555 332 2588 soremque
363 2545 521 2577 Lalimcm.
548 2545 677 2577 Mimos
708 2545 849 2589 proprie

896 1272 926 1305 is
945 1272 1161 1317 appellatur.
1185 1271 1245 1317 qui
1271 1272 1356 1305 alios
1383 1272 1576 1306 imitatione

894 1325 1033 1358 scurrili
1059 1325 1245 1370 exprimit,
1269 1333 1304 1358 et
1331 1326 1497 1371 propinat
1519 1324 1578 1359 de-

894 1376 1074 1411 ridendos.
1096 1377 1180 1411 Vid.
1202 1379 1314 1424 epigr.
1334 1379 1517 1420 xx1x‚lih.
1541 1393 1576 1424 9.

951 1444 987 1476 7.
1017 1432 1172 1464 Innocuos
1199 1445 1339 1464 censura.
1369 1432 1578 1478 Susceperat

897 1484 1134 1524 Domitianus,
1150 1493 1190 1517 ut
1198 1493 1321 1518 auctor
1332 1493 1382 1518 est
1390 1485 1577 1519 Suetonius

898 1537 933 1570 in
952 1539 1025 1583 ejus
1041 1537 1113 1570 vita
1125 1563 1134 1578 ‚
1151 1550 1225 1583 cap.
1242 1540 1262 1573 8
1281 1563 1291 1578 ‚
1313 1547 1346 1571 et
1365 1539 1581 1572 severissime

898 1599 1103 1623 exercuerat
1133 1603 1271 1624 morum
1302 1592 1557 1625 correctionem
1570 1617 1579 1632 ‚

898 1643 935 1676 in
955 1644 1085 1676 famosa
1102 1644 1230 1689 scripta
1248 1645 1350 1678 etiam
1368 1657 1488 1690 asper,
1504 1657 1582 1691 quae

899 1709 972 1729 non
989 1696 1064 1730 sine
1083 1705 1267 1730 auctorum
1290 1698 1483 1743 ignominia
1502 1698 1584 1730 abo-

899 1748 1042 1783 leverat.
1066 1750 1218 1783 Excusat
1244 1763 1327 1796 ergo
1351 1751 1487 1784 censori
1507 1751 1581 1796 epi-

899 1810 1089 1848 grammata
1106 1803 1279 1837 Martialis
1293 1831 1301 1844 ,
1320 1816 1398 1850 quae
1423 1804 1459 1836 in
1477 1804 1582 1837 vitio-

900 1868 979 1888 rum
999 1855 1262 1889 insectationem
1279 1882 1288 1897 ‚
1310 1869 1382 1890 non
1405 1857 1441 1889 in
1462 1869 1583 1902 perso-

902 1921 1028 1941 narum
1054 1909 1233 1942 infamiam
1260 1910 1451 1956 composita
1467 1935 1477 1950 5
1505 1908 1581 1942 ludi

903 1971 985 1995 sunt
1009 1962 1177 2001 innocui,
1199 1974 1263 1996 nec
1285 1962 1582 2008 reprehendendi.

903 2014 995 2047 Vide
1020 2015 1127 2060 igitur
1151 2015 1361 2048 Suetonium
1394 2016 1430 2048 in
1460 2016 1582 2049 Domi-

907 2067 1024 2108 tiano,
1045 2080 1119 2113 cap.
1142 2069 1175 2101 8.
1199 2069 1265 2101 ΕΙ).

960 2123 995 2155 8.
1041 2122 1133 2155 Cum
1176 2121 1455 2166 interrogatione
1500 2121 1583 2167 legit

905 2174 1080 2207 Gruterus
1095 2187 1102 2206 :
1120 2175 1252 2206 Lasciva
1274 2182 1318 2206 est
1335 2174 1423 2207 nobis
1436 2177 1558 2219 pagina
1567 2179 1586 2206 :³

905 2226 1042 2272 lepidus
1058 2227 1153 2260 enim
1170 2226 1311 2261 videtur
1323 2254 1332 2269 ‚
1348 2236 1387 2261 ut
1406 2240 1469 2261 nec
1483 2235 1585 2274 neget

907 2279 952 2313 de
966 2293 1001 2314 se
1012 2305 1021 2319 ,
1036 2292 1100 2313 nec
1116 2280 1277 2314 fateatur.
1292 2281 1527 2326 Interrogatio
1539 2290 1587 2314 ta-

908 2345 990 2366 men
1004 2332 1166 2378 displicet
1177 2333 1359 2366 Gronovio
1372 2360 1380 2374 ‚
1400 2334 1460 2379 qui
1474 2342 1587 2379 poste—

907 2386 981 2419 rius
1003 2394 1048 2418 est
1069 2385 1258 2419 delendum
1284 2396 1411 2420 censet.
1435 2408 1487 2414 —-
1507 2388 1586 2420 Vita

906 2439 1018 2482 proba.
1042 2440 1132 2484 Lege
1157 2439 1217 2472 lib.
1246 2440 1316 2481 IX,
1339 2440 1448 2485 epigr.
1481 2453 1583 2479 xxlx,

910 2504 999 2525 vers.
1018 2491 1035 2524 5
1058 2491 1101 2525 ad
1123 2494 1142 2526 8
1159 2519 1167 2533 ,
1198 2493 1257 2525 ubi
1276 2493 1396 2527 eadem
1418 2495 1587 2527 sententia

911 2544 955 2577 cle
970 2545 1077 2577 mimo
1103 2546 1243 2580 Latino.
