2061 3288
463 226 558 273 338

840 231 901 272 M.
929 231 1068 275 VAL„
1109 232 1157 273 M
1173 232 1376 274 ARTIA
1393 233 1501 275 LIS

1059 378 1261 434 LXX.

930 535 1000 562 An
1052 515 1396 563 clznleUM.⁴

527 654 752 697 MOECHUS
777 669 822 696 es
843 652 1047 706 Aufidiae,
1069 655 1141 713 qui
1164 655 1248 706 vir,
1272 655 1481 711 Cervine,
1505 654 1636 700 fuisti.

597 723 762 767 Rivalis
793 715 934 766 fuerat
964 725 1037 784 qui
1068 733 1193 779 tuus,
1219 724 1289 768 ille
1317 726 1384 767 vir
1408 735 1482 769 est.

525 795 617 838 Cur
640 793 779 837 aliena
799 793 942 855 placet
962 794 1061 845 tibi,
1083 795 1151 838 cui
1173 811 1250 839 sua
1270 812 1360 839 non
1382 795 1523 856 placet
1545 796 1682 840 uxor?

596 864 822 925 Numquid
844 881 1021 909 securus
1045 882 1133 909 non
1157 876 1279 926 potes
1301 866 1518 927 arrigere?

507 994 520 1008 '‘
531 999 730 1032 Mirabilem
748 998 888 1032 Cervini
902 998 1081 1044 cujusdam
1094 1000 1130 1032 in

452 1064 570 1085 amore
589 1052 857 1085 mutabilitatem
874 1050 1057 1092 describit,
1071 1053 1131 1098 qui

451 1103 627 1138 Aufidiam
643 1118 786 1138 uxorem
804 1118 866 1150 per
880 1104 1060 1139 fastidium
1075 1118 1130 1138 re-

452 1157 682 1204 pudiaverat,
699 1157 828 1191 deinde
859 1167 1005 1202 nuptam
1029 1158 1130 1191 rivali

449 1224 517 1244 suo
545 1211 656 1255 priori
686 1210 867 1256 deperibat
883 1235 892 1251 ‚
916 1212 963 1244 ita
992 1219 1029 1244 ut
1053 1212 1128 1256 ejus

448 1264 606 1297 moechus
627 1264 801 1299 curaverit
825 1264 899 1296 fieri
917 1276 925 1297 z
943 1264 1054 1297 simile
1072 1277 1127 1297 ar-

447 1326 655 1362 gumentum
684 1317 789 1350 habet
821 1317 882 1350 lib.
911 1317 964 1349 VI
979 1342 988 1357 ‚
1017 1317 1126 1362 epigr.

447 1382 541 1403 Lxxt.
553 1370 613 1402 Est
627 1370 719 1402 enim
733 1369 929 1402 communis
941 1369 1126 1401 hominum

447 1421 713 1456 consuetudoiu
729 1422 835 1455 vetita
853 1422 936 1455 ferri
951 1422 1127 1466 impoten-

445 1476 527 1509 tius.
550 1475 673 1508 Horat.
692 1483 753 1508 sat.
782 1488 795 1508 1
810 1488 820 1508 1
844 1500 852 1516 ‚
878 1475 937 1508 lib.
957 1475 974 1506 I
993 1486 1000 1506 :
1030 1491 1043 1501 π
1061 1474 1126 1507 Le-

448 1541 574 1573 porem
597 1536 744 1561 venator
763 1536 802 1560 ut
824 1528 889 1560 alta
912 1528 954 1560 In
972 1527 1054 1559 nive
1075 1540 1127 1559 se-

448 1589 562 1614 eteiur
577 1605 586 1620 ‚
608 1581 761 1626 positum
786 1581 834 1613 sic
856 1585 995 1625 {angere
1013 1580 1125 1619 nolit3

446 1635 571 1667 Cantat
589 1642 622 1666 et
643 1633 791 1679 apponit
810 1645 818 1665 ε
839 1644 935 1665 meus
956 1641 1005 1665 est
1028 1645 1125 1665 amor

445 1687 528 1719 huic
557 1686 677 1719 similis
693 1699 702 1727 3
736 1698 816 1718 narn
850 1686 1057 1719 Transvolat
1088 1686 1125 1719 in

444 1738 562 1772 medio
581 1739 711 1784 posita,
730 1747 764 1771 et
780 1735 951 1783 fugientia
968 1746 1091 1784 captat.
1107 1756 1119 1767 »ι

444 1793 489 1825 Et
503 1804 621 1838 supra,
641 1792 702 1826 lib.
718 1793 752 1831 Ι,
771 1792 880 1837 epigr.
900 1804 1018 1833 Lxxw,
1035 1791 1125 1824 hanc

443 1845 649 1879 sententiam
668 1845 872 1889 complexus
889 1853 949 1878 est.
968 1845 1122 1877 Ramires.

1243 1022 1294 1027 ——
1307 1001 1367 1033 Ad
1377 1000 1540 1034 Cer-vinum
1551 999 1628 1034 Ald.
1639 1001 1737 1034 Junt.
1750 1002 1865 1034 Coun,

1191 1053 1328 1100 Gryph.
1345 1053 1489 1086 Junian.
1508 1055 1614 1098 Lang.
1631 1062 1695 1086 etc.
1712 1054 1773 1086 Ad
1783 1054 1865 1087 Sece-

1190 1109 1298 1138 vimcm
1320 1106 1485 1139 exhibent
1501 1105 1578 1140 cod.
1602 1106 1808 1147 Pulmanni,
1831 1115 1866 1139 et

1191 1158 1423 1192 Schrevelius.

1248 1224 1278 1245 1.
1302 1212 1444 1245 Moeclms
1467 1225 1498 1244 es
1523 1210 1653 1255 Alficlle
1669 1240 1678 1252 ‚
1705 1212 1784 1258 quid
1813 1215 1866 1245 vir

1190 1264 1320 1297 Cervine
1337 1266 1434 1308 suisti
1458 1264 1493 1296 in
1522 1265 1623 1298 Junt.
1647 1278 1726 1298 ann.
1755 1269 1863 1298 1512.

1187 1318 1329 1350 Moechus
1356 1331 1386 1350 es
1408 1317 1556 1362 Acfidie,
1583 1320 1634 1364 qui
1655 1321 1709 1350 Til*
1734 1317 1863 1351 Cet-vine

1180 1371 1278 1412 [αἶα-η’
1299 1369 1378 1404 Ald.
1399 1378 1432 1403 et
1454 1371 1567 1404 Colin.

1244 1422 1276 1455 3.
1298 1424 1340 1456 In
1362 1421 1484 1456 iisdem
1500 1435 1507 1455 :
1525 1436 1594 1468 quw
1610 1431 1663 1455 [ιια
1682 1435 1743 1455 non
1757 1423 1862 1468 placet

1189 1488 1277 1508 uxor.

1243 1533 1274 1568 4.
1298 1527 1482 1573 Numquid,
1507 1536 1573 1561 etc.
1602 1528 1749 1573 Elegans
1769 1541 1862 1573 quae-

1187 1580 1307 1613 §tionis
1327 1581 1516 1626 propositae
1535 1594 1598 1625 per
1620 1581 1861 1626 interrogatio-

1185 1646 1263 1666 nem
1289 1634 1426 1666 solutio.
1447 1633 1560 1667 Causa
1580 1634 1670 1666 enim
1692 1645 1754 1666 cur
1774 1634 1861 1667 Cer-

1185 1686 1286 1719 vinus
1316 1686 1379 1719 iste
1403 1685 1623 1732 repudiatam
1651 1699 1798 1719 uxorem
1828 1695 1862 1719 et

1185 1739 1284 1772 alteri
1303 1747 1450 1784 nuptam
1479 1740 1635 1779 amabat,
1663 1747 1736 1772 erat
1766 1738 1861 1784 quod

1186 1792 1352 1824 feminam
1380 1804 1486 1837 quam
1513 1804 1633 1825 secure
1661 1791 1861 1837 possidebat

1187 1853 1350 1890 appetere
1368 1858 1439 1878 non
1459 1853 1606 1890 poterat,
1628 1846 1779 1878 Ramires.

1026 1974 1268 2029 LXXI.

917 2118 1004 2152 'IN
1043 2124 1345 2153 NAEVOLUM.

513 2247 753 2289 MENTULA
781 2259 916 2304 quum
945 2241 1089 2285 doleat
1120 2257 1282 2302 puero;
1313 2241 1416 2294 tibi,
1447 2241 1654 2297 Naevole‚
1679 2240 1832 2285 culus:

584 2317 685 2359 Non
711 2331 806 2358 suin
833 2313 1007 2356 divinus
1024 2347 1035 2367 ,
1061 2311 1136 2355 sed
1163 2312 1250 2355 scio
1278 2311 1382 2371 quid
1411 2311 1555 2355 facias.

503 2462 533 2482 1.
556 2450 658 2493 Quum
677 2449 793 2481 doleat.
813 2447 997 2480 Naevolum
1013 2445 1127 2491 pathi-

446 2515 524 2536 cum
541 2502 749 2539 insectatur,
771 2501 830 2545 qui
852 2499 1088 2545 paedicabatur
1107 2511 1123 2530 a

445 2567 555 2588 servo.
572 2554 693 2586 Ramir.

501 2621 532 2640 2.
568 2607 719 2652 Langius
750 2619 792 2638 ex
825 2605 907 2638 edit.
942 2604 1125 2638 Pulmanni

444 2660 524 2693 citat
549 2672 555 2692 2
584 2663 611 2692 ,η’
632 2661 694 2692 sci0
721 2659 930 2704 quiclfizcias.
958 2659 999 2691 In
1027 2658 1124 2690 Junt.

1191 2446 1279 2478 1512
1295 2471 1303 2485 ‚
1325 2453 1358 2478 et
1372 2445 1488 2479 Colin.
1512 2457 1525 2477 1
1537 2445 1607 2479 528
1623 2471 1632 2486 ‚
1653 2458 1732 2478 cum
1753 2444 1857 2478 inter-

1185 2498 1376 2542 rogaiionis
1398 2507 1481 2531 nota
1501 2510 1509 2531 ι
1532 2498 1588 2530 sed
1603 2500 1667 2530 scio
1683 2525 1692 2537 ‚
1716 2497 1857 2542 quidsu-

1185 2553 1250 2583 cias
1265 2556 1283 2582 ὅ)
1317 2572 1358 2577 -—
1401 2552 1546 2584 Divinas.
1578 2551 1657 2583 Non
1688 2562 1775 2595 opus
1808 2558 1857 2583 est

1187 2603 1329 2649 OEdipo
1342 2602 1384 2636 ad
1400 2604 1466 2637 hoc
1479 2603 1622 2648 :enigma
1638 2601 1855 2635 solvendum.

1185 2677 1236 2681 —
1253 2656 1463 2700 Om'dfizcias.
1479 2657 1590 2689 Immo
1605 2654 1688 2701 quid
1704 2655 1858 2700 patiaris.
