2061 3288
444 224 506 269 26

819 229 882 272 M.
908 229 1050 274 VAL.
1090 231 1483 276 MARTIALIS

583 313 819 359 Herculeas
843 318 987 376 potuit
1011 318 1085 378 qui
1108 318 1302 363 decuisse
1325 335 1506 374 manus;

512 385 569 427 Et
591 383 817 429 volucrem
841 385 973 448 longo
998 390 1193 449 porrexit
1221 388 1401 434 vulnere
1428 388 1613 451 pardum
1633 407 1641 433 :

578 456 762 499 Praemia
791 473 926 517 quum
957 457 1096 503 laudis
1125 460 1280 516 ferret,
1311 460 1459 505 adhuc
1482 470 1666 522 poterat.

582 551 812 622 Ἡρακλέους
839 563 1046 623 παλάμαις
1073 563 1208 625 ἄρκιον
1237 566 1483 610 ἀντίπαλον·

511 626 609 675 Rex&
637 627 682 675 δὲ
711 633 804 681 Θοῆν
829 634 990 694 ςόρεσεν
1016 635 1178 695 μνκίςῳ
1205 631 1406 697 πάρδαλιν
1435 640 1550 680 ἕλκει.

582 688 674 751 Ηδη
703 702 825 747 ἄεθλα
853 707 978 765 φέρων
1007 708 1240 766 πρόσφατον
1267 708 1357 767 ἔσχε
1382 709 1512 767 μένος.

496 827 529 859 6.
554 825 741 860 Herculeas.
766 828 880 861 Instar
905 828 1059 862 Nemeaei
1077 829 1119 861 il-

441 877 506 911 lius
527 891 632 924 quem
654 880 776 913 stravit
789 880 972 914 Hercules.

497 944 533 976 7.
560 932 715 965 Par-dum.
745 933 816 975 Qui
845 946 917 967 mas
941 934 1120 979 pantherae

442 993 586 1019 vocatur
601 998 620 1019 a
635 985 751 1018 Plinio
764 1013 773 1026 ‚
785 986 847 1019 lib.
860 987 967 1029 VHI,
978 1000 1052 1033 cap.
1066 1000 1121 1032 17,

442 1036 488 1069 de
513 1040 610 1084 cujus
636 1039 815 1073 celeritate
839 1040 907 1085 agit
933 1040 1120 1086 Oppianus

443 1090 612 1137 Cyneget.
631 1091 693 1126 lib.
708 1093 774 1125 ΙΙΙ.
797 1091 895 1126 Adeo
916 1094 1011 1126 enim
1037 1106 1120 1127 con-

444 1152 538 1177 tente
559 1154 710 1179 currunt
734 1158 878 1192 seseque
901 1145 1120 1188 extendunt,

442 1205 481 1229 ut
503 1207 623 1231 ventre
641 1198 899 1244 propemodum
919 1208 1047 1233 terram
1070 1213 1123 1233 ra-

443 1248 546 1293 dant,
569 1260 603 1285 et
620 1263 749 1297 equum
771 1252 1050 1298 pernicissimum
1069 1262 1122 1287 ter

443 1311 477 1336 et
503 1304 634 1350 pluries
656 1317 759 1338 cursu
782 1314 978 1339 retrorsum
995 1307 1121 1341 iterato

442 1360 872 1403 assequantur.—Longo.
883 1359 1031 1394 Eminus
1045 1361 1120 1393 lan-

440 1421 502 1442 cea
517 1435 527 1450 ‚
547 1411 645 1444 hasta
665 1411 779 1445 missa.
798 1432 851 1438 —
870 1413 1033 1446 Pom-esic.
1051 1413 1121 1446 Oc·

443 1462 530 1497 cidit
543 1490 552 1505 ‚
577 1465 667 1498 forte
687 1477 705 1498 a
727 1477 825 1498 more
841 1464 1055 1499 extendendi
1074 1474 1122 1499 at-

446 1528 515 1561 que
524 1516 721 1551 collocandi
733 1517 917 1552 defunctos
928 1527 1119 1564 sumptum.

444 1568 534 1602 Nam
545 1571 693 1604 Romani
708 1570 893 1605 defunctos
903 1572 1121 1606 collocabant

445 1621 642 1669 adjanuam
659 1623 788 1657 aedium
807 1637 849 1658 eo
865 1625 943 1659 loco
962 1633 996 1659 et
1011 1634 1101 1659 statu
1113 1652 1121 1667 ,

1178 837 1217 862 ut
1239 829 1363 862 faciem
1381 837 1414 862 et
1433 828 1539 874 pedes
1553 829 1723 863 haberent
1740 836 1858 863 exten-

1180 891 1231 915 tos
1253 881 1298 914 ad
1318 882 1411 915 viam
1436 890 1470 915 et
1487 882 1672 927 publicum
1691 895 1828 916 aversos
1844 908 1854 921 ‚

1180 934 1276 980 quod
1307 935 1427 981 ipsum
1457 935 1622 968 collocari
1650 934 1831 969 dicebatur
1847 948 1855 968 :

1179 988 1226 1021 ita
1248 987 1292 1021 ad
1313 1000 1441 1034 rogum
1459 1000 1602 1033 quoque
1623 997 1720 1022 extra
1734 989 1854 1022 urbem

1180 1041 1420 1075 efferebantur
1432 1067 1442 1080 ‚
1477 1050 1516 1074 ut
1555 1039 1661 1087 pedes
1688 1050 1723 1075 et
1753 1050 1855 1086 caput

1180 1103 1318 1140 portam
1349 1103 1571 1140 spectarent,
1596 1093 1694 1139 quod
1720 1094 1857 1128 Persius

1181 1148 1354 1181 intellexit
1368 1173 1377 1188 ‚
1395 1160 1507 1193 quum
1519 1147 1676 1192 scripsit:
1695 1164 1709 1177 ιι
1724 1148 1766 1180 In
1779 1159 1859 1192 por-

1181 1209 1252 1234 tam
1271 1199 1403 1246 rigidos
1418 1200 1526 1234 calces
1542 1199 1711 1233 extendit.
1731 1217 1745 1229 »
1767 1201 1858 1234 Cau-

1181 1266 1252 1288 sam
1270 1254 1378 1300 hujus
1389 1254 1497 1287 moris
1514 1252 1613 1287 addit
1626 1252 1805 1286 Plutarch.
1821 1253 1857 1286 in

1181 1308 1355 1353 problem.
1389 1305 1485 1353 quod
1515 1319 1655 1340 occasus
1690 1306 1784 1339 ortui
1816 1305 1860 1339 sit

1181 1361 1388 1394 contrarius.
1404 1361 1445 1393 In
1461 1367 1568 1405 caput
1584 1359 1781 1401 nascimur,
1797 1371 1858 1404 pe-

1181 1412 1284 1446 dibus
1304 1413 1403 1459 quasi
1419 1412 1633 1458 egredimur.

1236 1469 1269 1501 8.
1315 1467 1434 1500 Adhuc
1474 1473 1611 1511 poterat.
1662 1463 1860 1498 Indefessus

1182 1518 1298 1553 adhuc
1318 1528 1352 1553 et
1368 1519 1513 1565 integris
1532 1518 1687 1559 viribus,
1712 1516 1860 1563 perinde

1182 1585 1220 1606 ac
1242 1585 1364 1606 recens
1387 1585 1557 1618 novaeque
1576 1583 1704 1618 pugnae
1723 1578 1858 1616 potens.

1181 1625 1288 1668 Quod
1306 1626 1486 1666 mirabile,
1504 1637 1570 1658 nec
1588 1625 1731 1670 vulgare
1750 1631 1813 1657 est.

1063 1757 1238 1812 XVI.

475 1895 535 1923 DE
574 1895 790 1924 HERCULE
828 1895 1076 1925 INSIDENTE
1114 1897 1273 1926 TAURO
1311 1897 1375 1926 AD
1413 1896 1586 1926 CAELUM
1624 1873 1826 1924 RAPTO...

446 1988 627 2026 Ediderat
650 1989 892 2027 Domitianus
917 1991 1199 2041 spectaculum,
1223 2004 1300 2040 quo
1324 1990 1508 2028 Hercules
1539 1998 1648 2026 tauro
1669 1997 1800 2025 vectus
1822 1987 1858 2024 in

496 2052 629 2088 caelum
651 2051 877 2102 portabatur

902 2068 909 2089 :
936 2052 1026 2089 inde
1053 2060 1204 2089 taurum
1224 2052 1327 2088 hunc
1352 2050 1563 2088 Domitiani
1590 2063 1676 2086 cum
1700 2053 1796 2086 Jove
1820 2047 1860 2084 iu

498 2123 648 2151 taurum
668 2128 855 2151 converso
876 2123 914 2151 et
932 2118 1115 2165 Europen
1132 2114 1315 2151 efferente
1333 2113 1514 2150 collatum
1531 2112 1701 2162 praefert.
1722 2113 1792 2148 En.

515 2229 707 2273 Ripa-ns
727 2229 817 2271 abit
836 2228 979 2272 media
998 2228 1117 2289 quod
1137 2228 1191 2271 ad
1214 2228 1375 2271 aethera
1396 2236 1546 2270 taurus
1568 2240 1699 2269 arena
1712 2260 1724 2281 ‚

517 2336 625 2375 ()ττι
655 2324 820 2394 διηέριος
848 2334 964 2395 “soci-ng
993 2332 1073 2377 ἄπο
1102 2339 1246 2394 ταῦρος
1276 2334 1450 2391 ἀνήχθη,

499 2450 514 2464 '
544 2454 688 2488 Lemma
714 2464 766 2489 est
793 2456 829 2488 in
857 2456 1021 2489 omnibus
1051 2456 1122 2488 fere

446 2505 550 2540 codd.
564 2516 597 2539 et
616 2507 714 2542 editt.
727 2517 811 2542 vett.
832 2510 880 2541 De
899 2510 1028 2548 Taur0;
1043 2507 1121 2541 cod.

449 2559 549 2593 Bodl.
570 2560 726 2597 exhibet,
748 2563 799 2594 De
814 2562 951 2595 Hercule
972 2562 1122 2594 insidente

452 2622 540 2645 lauro
574 2613 619 2645 ad
646 2615 754 2647 crelam
791 2623 906 2659 rapto‚·
942 2615 1123 2648 Marcilius

452 2667 544 2707 vult,
568 2667 616 2699 Da
640 2668 746 2700 Tauro
765 2671 817 2712 qui
836 2668 1003 2702 Herculem
1024 2675 1124 2701 sustu-

1183 2455 1221 2486 lit
1249 2456 1281 2486 in
1310 2453 1438 2491 ccelum‚·
1468 2450 1625 2484 Ramires
1652 2447 1696 2481 de
1722 2446 1858 2480 Prado,

1184 2509 1234 2540 De
1253 2508 1360 2540 Tauro
1370 2506 1547 2539 Domitiani
1563 2501 1699 2546 effigiem
1714 2514 1753 2533 es:
1767 2513 1861 2531 arena

1183 2564 1215 2593 irz
1244 2560 1353 2593 caelum
1381 2559 1533 2595 tollente,·
1560 2556 1641 2595 alii,
1673 2555 1723 2587 De
1757 2554 1862 2585 Tam-1>

1184 2614 1375 2647 Domitiani,

1243 2680 1273 2699 1.
1308 2666 1426 2709 Raptus
1457 2663 1521 2695 alut
1543 2661 1642 2694 media
1661 2688 1668 2699 ,
1701 2668 1766 2693 etc.
1803 2659 1862 2695 Fv-
