<?xml version="1.0" encoding="UTF-8"?>
<!DOCTYPE html PUBLIC "-//W3C//DTD XHTML 1.0 Transitional//EN"
    "http://www.w3.org/TR/xhtml1/DTD/xhtml1-transitional.dtd">
<html xmlns="http://www.w3.org/1999/xhtml" xml:lang="en" lang="en">
 <head>
  <title>
</title>
<meta http-equiv="Content-Type" content="text/html;charset=utf-8" />
  <meta name='ocr-system' content='tesseract 3.04.00' />
  <meta name='ocr-capabilities' content='ocr_page ocr_carea ocr_par ocr_line ocrx_word'/>
</head>
<body>
  <div class='ocr_page' id='page_1' title='image "./epigrammata01martuoft_0411.png"; bbox 0 0 2061 3288; ppageno 0'>
   <div class='ocr_carea' id='block_1_1' title="bbox 466 219 1325 263">
    <p class='ocr_par' dir='ltr' id='par_1_1' title="bbox 466 219 1325 263">
     <span class='ocr_line' id='line_1_1' title="bbox 466 219 1325 263; baseline -0.003 0"><span class='ocrx_word' id='word_1_1' title='bbox 466 219 1054 263; x_wconf 80' lang='lat' dir='ltr'><strong>EPIGRAMMATUM</strong></span> <span class='ocrx_word' id='word_1_2' title='bbox 1093 219 1218 262; x_wconf 84' lang='lat' dir='ltr'>LIB.</span> <span class='ocrx_word' id='word_1_3' title='bbox 1260 220 1325 261; x_wconf 89' lang='grc' dir='ltr'>ΙΙ.</span> 
     </span>
    </p>
   </div>
   <div class='ocr_carea' id='block_1_2' title="bbox 1511 217 1606 273">
    <p class='ocr_par' dir='ltr' id='par_1_2' title="bbox 1511 217 1606 273">
     <span class='ocr_line' id='line_1_2' title="bbox 1511 217 1606 273; baseline 0.011 -11"><span class='ocrx_word' id='word_1_4' title='bbox 1511 217 1606 273; x_wconf 73' lang='lat'>245</span> 
     </span>
    </p>
   </div>
   <div class='ocr_carea' id='block_1_3' title="bbox 733 381 1060 437">
    <p class='ocr_par' dir='ltr' id='par_1_3' title="bbox 733 381 1060 437">
     <span class='ocr_line' id='line_1_3' title="bbox 733 381 1060 437; baseline -0.003 -1"><span class='ocrx_word' id='word_1_5' title='bbox 733 381 1060 437; x_wconf 85' lang='lat' dir='ltr'>LXXVII.</span> 
     </span>
    </p>
   </div>
   <div class='ocr_carea' id='block_1_4' title="bbox 653 506 1135 555">
    <p class='ocr_par' dir='ltr' id='par_1_4' title="bbox 653 506 1135 555">
     <span class='ocr_line' id='line_1_4' title="bbox 653 506 1135 555; baseline -0.004 -1"><span class='ocrx_word' id='word_1_6' title='bbox 653 528 702 554; x_wconf 77' lang='lat' dir='ltr'>IN</span> <span class='ocrx_word' id='word_1_7' title='bbox 753 506 1135 555; x_wconf 56' lang='lat' dir='ltr'>COSCONIUM.*</span> 
     </span>
    </p>
   </div>
   <div class='ocr_carea' id='block_1_5' title="bbox 254 644 1605 991">
    <p class='ocr_par' dir='ltr' id='par_1_5' title="bbox 256 644 1458 777">
     <span class='ocr_line' id='line_1_5' title="bbox 256 644 1458 706; baseline -0.003 -16"><span class='ocrx_word' id='word_1_8' title='bbox 256 647 464 690; x_wconf 68' lang='lat' dir='ltr'>Cosconi</span> <span class='ocrx_word' id='word_1_9' title='bbox 482 681 493 702; x_wconf 84' lang='lat'>‚</span> <span class='ocrx_word' id='word_1_10' title='bbox 513 646 587 705; x_wconf 87' lang='lat' dir='ltr'>qui</span> <span class='ocrx_word' id='word_1_11' title='bbox 618 644 748 706; x_wconf 83' lang='lat' dir='ltr'>longa</span> <span class='ocrx_word' id='word_1_12' title='bbox 776 654 902 706; x_wconf 84' lang='lat' dir='ltr'>putas</span> <span class='ocrx_word' id='word_1_13' title='bbox 928 644 1258 704; x_wconf 82' lang='lat' dir='ltr'>Epigrammata</span> <span class='ocrx_word' id='word_1_14' title='bbox 1284 653 1458 701; x_wconf 79' lang='lat' dir='ltr'>nostra,</span> 
     </span>
     <span class='ocr_line' id='line_1_6' title="bbox 322 714 1164 777; baseline -0.004 -17"><span class='ocrx_word' id='word_1_15' title='bbox 322 714 451 760; x_wconf 87' lang='lat' dir='ltr'>Utilis</span> <span class='ocrx_word' id='word_1_16' title='bbox 480 715 696 777; x_wconf 79' lang='lat' dir='ltr'>ungendis</span> <span class='ocrx_word' id='word_1_17' title='bbox 725 715 877 759; x_wconf 85' lang='lat' dir='ltr'>axibus</span> <span class='ocrx_word' id='word_1_18' title='bbox 905 731 996 759; x_wconf 86' lang='lat' dir='ltr'>csse</span> <span class='ocrx_word' id='word_1_19' title='bbox 1026 725 1164 776; x_wconf 86' lang='lat' dir='ltr'>potes.</span> 
     </span>
    </p>

    <p class='ocr_par' dir='ltr' id='par_1_6' title="bbox 254 784 1352 919">
     <span class='ocr_line' id='line_1_7' title="bbox 254 784 1352 848; baseline -0.001 -19"><span class='ocrx_word' id='word_1_20' title='bbox 254 789 346 832; x_wconf 86' lang='lat' dir='ltr'>Hac</span> <span class='ocrx_word' id='word_1_21' title='bbox 371 797 418 831; x_wconf 88' lang='lat' dir='ltr'>tu</span> <span class='ocrx_word' id='word_1_22' title='bbox 443 787 679 831; x_wconf 83' lang='lat' dir='ltr'>credideris</span> <span class='ocrx_word' id='word_1_23' title='bbox 705 785 886 848; x_wconf 80' lang='lat' dir='ltr'>longum</span> <span class='ocrx_word' id='word_1_24' title='bbox 914 787 1083 830; x_wconf 82' lang='lat' dir='ltr'>ratione</span> <span class='ocrx_word' id='word_1_25' title='bbox 1110 784 1352 839; x_wconf 73' lang='lat' dir='ltr'>colossum,</span> 
     </span>
     <span class='ocr_line' id='line_1_8' title="bbox 325 856 1279 919; baseline -0.002 -17"><span class='ocrx_word' id='word_1_26' title='bbox 325 860 382 902; x_wconf 85' lang='lat' dir='ltr'>Et</span> <span class='ocrx_word' id='word_1_27' title='bbox 410 875 597 919; x_wconf 88' lang='lat' dir='ltr'>puerum</span> <span class='ocrx_word' id='word_1_28' title='bbox 628 859 750 902; x_wconf 87' lang='lat' dir='ltr'>Bruti</span> <span class='ocrx_word' id='word_1_29' title='bbox 780 857 936 901; x_wconf 85' lang='lat' dir='ltr'>dixeris</span> <span class='ocrx_word' id='word_1_30' title='bbox 964 873 1055 901; x_wconf 89' lang='lat' dir='ltr'>esse</span> <span class='ocrx_word' id='word_1_31' title='bbox 1085 856 1279 900; x_wconf 81' lang='lat' dir='ltr'>brevem.</span> 
     </span>
    </p>

    <p class='ocr_par' dir='ltr' id='par_1_7' title="bbox 254 927 1605 991">
     <span class='ocr_line' id='line_1_9' title="bbox 254 927 1605 991; baseline -0.001 -18"><span class='ocrx_word' id='word_1_32' title='bbox 254 930 411 985; x_wconf 86' lang='lat' dir='ltr'>Disce,</span> <span class='ocrx_word' id='word_1_33' title='bbox 435 929 553 990; x_wconf 83' lang='lat' dir='ltr'>quod</span> <span class='ocrx_word' id='word_1_34' title='bbox 577 930 751 991; x_wconf 78' lang='lat' dir='ltr'>ignoras</span> <span class='ocrx_word' id='word_1_35' title='bbox 777 946 785 972; x_wconf 92' lang='lat'>:</span> <span class='ocrx_word' id='word_1_36' title='bbox 810 929 946 972; x_wconf 82' lang='lat' dir='ltr'>Marsi</span> <span class='ocrx_word' id='word_1_37' title='bbox 967 927 1172 989; x_wconf 86' lang='lat' dir='ltr'>doctique</span> <span class='ocrx_word' id='word_1_38' title='bbox 1199 927 1385 972; x_wconf 86' lang='lat' dir='ltr'>Pedonis</span> <span class='ocrx_word' id='word_1_39' title='bbox 1594 951 1605 972; x_wconf 73' lang='lat'><strong>5</strong></span> 
     </span>
    </p>
   </div>
   <div class='ocr_carea' id='block_1_6' title="bbox 182 1063 881 2708">
    <p class='ocr_par' dir='ltr' id='par_1_8' title="bbox 182 1063 866 1752">
     <span class='ocr_line' id='line_1_10' title="bbox 238 1063 864 1115; baseline -0.002 -13"><span class='ocrx_word' id='word_1_40' title='bbox 238 1063 253 1078; x_wconf 71' lang='lat'><em>*</em></span> <span class='ocrx_word' id='word_1_41' title='bbox 271 1070 399 1115; x_wconf 85' lang='lat' dir='ltr'>Inepto</span> <span class='ocrx_word' id='word_1_42' title='bbox 419 1068 557 1102; x_wconf 83' lang='lat' dir='ltr'>cuidam</span> <span class='ocrx_word' id='word_1_43' title='bbox 580 1069 715 1102; x_wconf 82' lang='lat' dir='ltr'>censori</span> <span class='ocrx_word' id='word_1_44' title='bbox 735 1069 864 1102; x_wconf 89' lang='lat' dir='ltr'>Cosco-</span> 
     </span>
     <span class='ocr_line' id='line_1_11' title="bbox 184 1121 864 1168; baseline 0 -14"><span class='ocrx_word' id='word_1_45' title='bbox 184 1121 245 1154; x_wconf 91' lang='lat' dir='ltr'>nio</span> <span class='ocrx_word' id='word_1_46' title='bbox 290 1122 461 1156; x_wconf 81' lang='lat' dir='ltr'>Martialis</span> <span class='ocrx_word' id='word_1_47' title='bbox 506 1122 706 1155; x_wconf 81' lang='lat' dir='ltr'>numeranti</span> <span class='ocrx_word' id='word_1_48' title='bbox 744 1121 864 1168; x_wconf 87' lang='lat' dir='ltr'>potius</span> 
     </span>
     <span class='ocr_line' id='line_1_12' title="bbox 184 1174 864 1221; baseline -0.001 -13"><span class='ocrx_word' id='word_1_49' title='bbox 184 1187 290 1219; x_wconf 80' lang='lat' dir='ltr'>quam</span> <span class='ocrx_word' id='word_1_50' title='bbox 309 1174 523 1220; x_wconf 83' lang='lat' dir='ltr'>ponderanti</span> <span class='ocrx_word' id='word_1_51' title='bbox 541 1188 660 1209; x_wconf 89' lang='lat' dir='ltr'>versus</span> <span class='ocrx_word' id='word_1_52' title='bbox 674 1200 682 1216; x_wconf 90' lang='lat'>‚</span> <span class='ocrx_word' id='word_1_53' title='bbox 706 1183 740 1208; x_wconf 90' lang='lat' dir='ltr'>et</span> <span class='ocrx_word' id='word_1_54' title='bbox 757 1175 864 1221; x_wconf 85' lang='lat' dir='ltr'>ipsius</span> 
     </span>
     <span class='ocr_line' id='line_1_13' title="bbox 186 1228 865 1274; baseline 0 -14"><span class='ocrx_word' id='word_1_55' title='bbox 186 1228 434 1273; x_wconf 81' lang='lat' dir='ltr'>epigrammata</span> <span class='ocrx_word' id='word_1_56' title='bbox 452 1229 612 1274; x_wconf 83' lang='lat' dir='ltr'>longiora</span> <span class='ocrx_word' id='word_1_57' title='bbox 630 1228 865 1269; x_wconf 86' lang='lat' dir='ltr'>existimanti,</span> 
     </span>
     <span class='ocr_line' id='line_1_14' title="bbox 185 1280 864 1327; baseline -0.001 -13"><span class='ocrx_word' id='word_1_58' title='bbox 185 1281 375 1327; x_wconf 86' lang='lat' dir='ltr'>respondet</span> <span class='ocrx_word' id='word_1_59' title='bbox 407 1282 513 1315; x_wconf 84' lang='lat' dir='ltr'>Poeta</span> <span class='ocrx_word' id='word_1_60' title='bbox 532 1308 540 1322; x_wconf 83' lang='lat'><strong>‚</strong></span> <span class='ocrx_word' id='word_1_61' title='bbox 574 1295 645 1314; x_wconf 88' lang='lat' dir='ltr'>non</span> <span class='ocrx_word' id='word_1_62' title='bbox 672 1283 763 1315; x_wconf 89' lang='lat' dir='ltr'>bene</span> <span class='ocrx_word' id='word_1_63' title='bbox 795 1280 864 1314; x_wconf 83' lang='lat' dir='ltr'>dici</span> 
     </span>
     <span class='ocr_line' id='line_1_15' title="bbox 186 1334 865 1380; baseline 0 -14"><span class='ocrx_word' id='word_1_64' title='bbox 186 1334 333 1378; x_wconf 76' lang='lat' dir='ltr'>longiora</span> <span class='ocrx_word' id='word_1_65' title='bbox 365 1335 421 1367; x_wconf 86' lang='lat' dir='ltr'>vel</span> <span class='ocrx_word' id='word_1_66' title='bbox 461 1335 600 1367; x_wconf 70' lang='lat' dir='ltr'>breviora</span> <span class='ocrx_word' id='word_1_67' title='bbox 634 1345 865 1380; x_wconf 66' lang='lat' dir='ltr'>quaecumque</span> 
     </span>
     <span class='ocr_line' id='line_1_16' title="bbox 182 1388 866 1434; baseline 0 -14"><span class='ocrx_word' id='word_1_68' title='bbox 182 1388 275 1432; x_wconf 85' lang='lat' dir='ltr'>justa</span> <span class='ocrx_word' id='word_1_69' title='bbox 297 1400 439 1422; x_wconf 89' lang='lat' dir='ltr'>suarum</span> <span class='ocrx_word' id='word_1_70' title='bbox 457 1388 610 1434; x_wconf 86' lang='lat' dir='ltr'>partium</span> <span class='ocrx_word' id='word_1_71' title='bbox 633 1388 866 1433; x_wconf 87' lang='lat' dir='ltr'>proportione</span> 
     </span>
     <span class='ocr_line' id='line_1_17' title="bbox 185 1441 866 1486; baseline -0.001 -12"><span class='ocrx_word' id='word_1_72' title='bbox 185 1449 421 1486; x_wconf 85' lang='lat' dir='ltr'>congruenter</span> <span class='ocrx_word' id='word_1_73' title='bbox 449 1441 729 1483; x_wconf 82' lang='lat' dir='ltr'>concinnantur3</span> <span class='ocrx_word' id='word_1_74' title='bbox 755 1441 803 1474; x_wconf 88' lang='lat' dir='ltr'>sic</span> <span class='ocrx_word' id='word_1_75' title='bbox 832 1449 866 1473; x_wconf 88' lang='lat' dir='ltr'>et</span> 
     </span>
     <span class='ocr_line' id='line_1_18' title="bbox 186 1492 865 1539; baseline 0.001 -13"><span class='ocrx_word' id='word_1_76' title='bbox 186 1494 321 1527; x_wconf 77' lang='lat' dir='ltr'>Plinius</span> <span class='ocrx_word' id='word_1_77' title='bbox 335 1519 344 1535; x_wconf 89' lang='lat'>‚</span> <span class='ocrx_word' id='word_1_78' title='bbox 370 1494 431 1527; x_wconf 91' lang='lat' dir='ltr'>lib.</span> <span class='ocrx_word' id='word_1_79' title='bbox 452 1495 499 1535; x_wconf 84' lang='lat' dir='ltr'>V,</span> <span class='ocrx_word' id='word_1_80' title='bbox 522 1494 624 1539; x_wconf 85' lang='lat' dir='ltr'>epist.</span> <span class='ocrx_word' id='word_1_81' title='bbox 653 1497 698 1527; x_wconf 84' lang='lat'>6:</span> <span class='ocrx_word' id='word_1_82' title='bbox 724 1512 737 1524; x_wconf 75' lang='grc' dir='ltr'>α</span> <span class='ocrx_word' id='word_1_83' title='bbox 754 1492 865 1527; x_wconf 70' lang='lat' dir='ltr'>Vides</span> 
     </span>
     <span class='ocr_line' id='line_1_19' title="bbox 187 1538 865 1593; baseline 0 -13"><span class='ocrx_word' id='word_1_84' title='bbox 187 1555 275 1592; x_wconf 88' lang='lat' dir='ltr'>quot</span> <span class='ocrx_word' id='word_1_85' title='bbox 291 1547 447 1581; x_wconf 82' lang='lat' dir='ltr'>versibus</span> <span class='ocrx_word' id='word_1_86' title='bbox 462 1548 636 1581; x_wconf 87' lang='lat' dir='ltr'>Homerus</span> <span class='ocrx_word' id='word_1_87' title='bbox 648 1573 656 1589; x_wconf 94' lang='lat'>‚</span> <span class='ocrx_word' id='word_1_88' title='bbox 675 1555 761 1593; x_wconf 87' lang='lat' dir='ltr'>quot</span> <span class='ocrx_word' id='word_1_89' title='bbox 770 1538 865 1580; x_wconf 49' lang='lat' dir='ltr'>Vir-</span> 
     </span>
     <span class='ocr_line' id='line_1_20' title="bbox 187 1600 865 1645; baseline 0.001 -13"><span class='ocrx_word' id='word_1_90' title='bbox 187 1600 290 1645; x_wconf 88' lang='lat' dir='ltr'>gilius</span> <span class='ocrx_word' id='word_1_91' title='bbox 316 1613 410 1633; x_wconf 82' lang='lat' dir='ltr'>arma</span> <span class='ocrx_word' id='word_1_92' title='bbox 427 1627 435 1642; x_wconf 89' lang='lat'>‚</span> <span class='ocrx_word' id='word_1_93' title='bbox 462 1601 521 1634; x_wconf 90' lang='lat' dir='ltr'>hic</span> <span class='ocrx_word' id='word_1_94' title='bbox 550 1603 688 1643; x_wconf 72' lang='lat' dir='ltr'>sEneae,</span> <span class='ocrx_word' id='word_1_95' title='bbox 719 1600 865 1633; x_wconf 81' lang='lat' dir='ltr'>Achillis</span> 
     </span>
     <span class='ocr_line' id='line_1_21' title="bbox 187 1652 865 1695; baseline 0.001 -10"><span class='ocrx_word' id='word_1_96' title='bbox 187 1653 246 1685; x_wconf 89' lang='lat' dir='ltr'>ille</span> <span class='ocrx_word' id='word_1_97' title='bbox 265 1652 460 1695; x_wconf 80' lang='lat' dir='ltr'>describat3</span> <span class='ocrx_word' id='word_1_98' title='bbox 488 1654 604 1687; x_wconf 84' lang='lat' dir='ltr'>brevis</span> <span class='ocrx_word' id='word_1_99' title='bbox 626 1662 739 1687; x_wconf 89' lang='lat' dir='ltr'>tamen</span> <span class='ocrx_word' id='word_1_100' title='bbox 768 1662 865 1687; x_wconf 86' lang='lat' dir='ltr'>uter-</span> 
     </span>
     <span class='ocr_line' id='line_1_22' title="bbox 189 1706 863 1752; baseline 0.003 -14"><span class='ocrx_word' id='word_1_101' title='bbox 189 1718 277 1750; x_wconf 88' lang='lat' dir='ltr'>que,</span> <span class='ocrx_word' id='word_1_102' title='bbox 299 1706 380 1751; x_wconf 89' lang='lat' dir='ltr'>quia</span> <span class='ocrx_word' id='word_1_103' title='bbox 398 1707 479 1740; x_wconf 86' lang='lat' dir='ltr'>facit</span> <span class='ocrx_word' id='word_1_104' title='bbox 499 1706 595 1752; x_wconf 83' lang='lat' dir='ltr'>quod</span> <span class='ocrx_word' id='word_1_105' title='bbox 614 1707 778 1740; x_wconf 78' lang='lat' dir='ltr'>instituit.</span> <span class='ocrx_word' id='word_1_106' title='bbox 796 1707 863 1740; x_wconf 78' lang='lat' dir='ltr'>En.</span> 
     </span>
    </p>

    <p class='ocr_par' dir='ltr' id='par_1_9' title="bbox 189 1760 865 1911">
     <span class='ocr_line' id='line_1_23' title="bbox 242 1760 865 1793; baseline 0 -1"><span class='ocrx_word' id='word_1_107' title='bbox 242 1781 293 1786; x_wconf 82' lang='lat'><strong>—</strong></span> <span class='ocrx_word' id='word_1_108' title='bbox 324 1760 392 1792; x_wconf 87' lang='lat' dir='ltr'>Hic</span> <span class='ocrx_word' id='word_1_109' title='bbox 411 1760 507 1792; x_wconf 86' lang='lat' dir='ltr'>nulla</span> <span class='ocrx_word' id='word_1_110' title='bbox 531 1760 689 1792; x_wconf 89' lang='lat' dir='ltr'>lectionis</span> <span class='ocrx_word' id='word_1_111' title='bbox 718 1760 865 1793; x_wconf 81' lang='lat' dir='ltr'>varietas</span> 
     </span>
     <span class='ocr_line' id='line_1_24' title="bbox 189 1811 865 1858; baseline 0.001 -14"><span class='ocrx_word' id='word_1_112' title='bbox 189 1811 401 1845; x_wconf 83' lang='lat' dir='ltr'>invenienda</span> <span class='ocrx_word' id='word_1_113' title='bbox 442 1821 492 1846; x_wconf 90' lang='lat' dir='ltr'>est</span> <span class='ocrx_word' id='word_1_114' title='bbox 533 1813 569 1845; x_wconf 90' lang='lat' dir='ltr'>in</span> <span class='ocrx_word' id='word_1_115' title='bbox 610 1813 865 1858; x_wconf 80' lang='lat' dir='ltr'>exemplaribus</span> 
     </span>
     <span class='ocr_line' id='line_1_25' title="bbox 189 1865 609 1911; baseline 0 -12"><span class='ocrx_word' id='word_1_116' title='bbox 189 1865 328 1911; x_wconf 84' lang='lat' dir='ltr'>scriptis</span> <span class='ocrx_word' id='word_1_117' title='bbox 343 1873 404 1898; x_wconf 88' lang='lat' dir='ltr'>aut</span> <span class='ocrx_word' id='word_1_118' title='bbox 422 1865 609 1911; x_wconf 86' lang='lat' dir='ltr'>impressis.</span> 
     </span>
    </p>

    <p class='ocr_par' dir='ltr' id='par_1_10' title="bbox 191 1919 881 2708">
     <span class='ocr_line' id='line_1_26' title="bbox 247 1919 868 1963; baseline -0.002 -11"><span class='ocrx_word' id='word_1_119' title='bbox 247 1932 278 1952; x_wconf 87' lang='lat'>2.</span> <span class='ocrx_word' id='word_1_120' title='bbox 310 1919 405 1952; x_wconf 59' lang='lat' dir='ltr'>Utilis</span> <span class='ocrx_word' id='word_1_121' title='bbox 425 1919 587 1963; x_wconf 79' lang='lat' dir='ltr'>ungendis.</span> <span class='ocrx_word' id='word_1_122' title='bbox 609 1919 731 1961; x_wconf 85' lang='lat' dir='ltr'>Quum</span> <span class='ocrx_word' id='word_1_123' title='bbox 754 1927 868 1951; x_wconf 77' lang='lat' dir='ltr'>tanto-</span> 
     </span>
     <span class='ocr_line' id='line_1_27' title="bbox 191 1972 870 2016; baseline 0.003 -13"><span class='ocrx_word' id='word_1_124' title='bbox 191 1983 276 2016; x_wconf 86' lang='lat' dir='ltr'>pere</span> <span class='ocrx_word' id='word_1_125' title='bbox 286 1972 498 2006; x_wconf 83' lang='lat' dir='ltr'>celeritatem</span> <span class='ocrx_word' id='word_1_126' title='bbox 513 1985 604 2006; x_wconf 88' lang='lat' dir='ltr'>ames</span> <span class='ocrx_word' id='word_1_127' title='bbox 619 1998 627 2013; x_wconf 89' lang='lat'><strong><em>‚</em></strong></span> <span class='ocrx_word' id='word_1_128' title='bbox 641 1972 766 2005; x_wconf 88' lang='lat' dir='ltr'>melior</span> <span class='ocrx_word' id='word_1_129' title='bbox 782 1985 870 2005; x_wconf 83' lang='lat' dir='ltr'>esses</span> 
     </span>
     <span class='ocr_line' id='line_1_28' title="bbox 192 2025 871 2072; baseline 0 -15"><span class='ocrx_word' id='word_1_130' title='bbox 192 2025 310 2070; x_wconf 88' lang='lat' dir='ltr'>auriga</span> <span class='ocrx_word' id='word_1_131' title='bbox 321 2037 423 2070; x_wconf 78' lang='lat' dir='ltr'>quam</span> <span class='ocrx_word' id='word_1_132' title='bbox 441 2034 561 2072; x_wconf 86' lang='lat' dir='ltr'>poeta,</span> <span class='ocrx_word' id='word_1_133' title='bbox 581 2034 615 2059; x_wconf 88' lang='lat' dir='ltr'>et</span> <span class='ocrx_word' id='word_1_134' title='bbox 628 2038 771 2059; x_wconf 86' lang='lat' dir='ltr'>currum</span> <span class='ocrx_word' id='word_1_135' title='bbox 783 2052 791 2066; x_wconf 91' lang='lat'>‚</span> <span class='ocrx_word' id='word_1_136' title='bbox 806 2038 871 2058; x_wconf 86' lang='lat' dir='ltr'>un-</span> 
     </span>
     <span class='ocr_line' id='line_1_29' title="bbox 193 2077 870 2123; baseline 0.001 -13"><span class='ocrx_word' id='word_1_137' title='bbox 193 2077 307 2123; x_wconf 87' lang='lat' dir='ltr'>gendo</span> <span class='ocrx_word' id='word_1_138' title='bbox 332 2079 423 2112; x_wconf 91' lang='lat' dir='ltr'>illius</span> <span class='ocrx_word' id='word_1_139' title='bbox 446 2087 540 2112; x_wconf 81' lang='lat' dir='ltr'>rotas</span> <span class='ocrx_word' id='word_1_140' title='bbox 555 2102 564 2117; x_wconf 85' lang='lat'><em>‚</em></span> <span class='ocrx_word' id='word_1_141' title='bbox 587 2079 720 2113; x_wconf 86' lang='lat' dir='ltr'>facilius</span> <span class='ocrx_word' id='word_1_142' title='bbox 746 2078 870 2112; x_wconf 85' lang='lat' dir='ltr'>incita-</span> 
     </span>
     <span class='ocr_line' id='line_1_30' title="bbox 192 2131 872 2177; baseline 0.004 -15"><span class='ocrx_word' id='word_1_143' title='bbox 192 2142 248 2163; x_wconf 86' lang='lat' dir='ltr'>res</span> <span class='ocrx_word' id='word_1_144' title='bbox 266 2156 277 2175; x_wconf 60' lang='lat'>9</span> <span class='ocrx_word' id='word_1_145' title='bbox 314 2144 418 2177; x_wconf 85' lang='lat' dir='ltr'>quam</span> <span class='ocrx_word' id='word_1_146' title='bbox 450 2145 591 2165; x_wconf 87' lang='lat' dir='ltr'>versum</span> <span class='ocrx_word' id='word_1_147' title='bbox 626 2131 782 2166; x_wconf 88' lang='lat' dir='ltr'>duceres.</span> <span class='ocrx_word' id='word_1_148' title='bbox 820 2153 872 2158; x_wconf 90' lang='lat'>-—</span> 
     </span>
     <span class='ocr_line' id='line_1_31' title="bbox 196 2184 872 2230; baseline 0.003 -14"><span class='ocrx_word' id='word_1_149' title='bbox 196 2184 262 2216; x_wconf 81' lang='lat' dir='ltr'>Vel</span> <span class='ocrx_word' id='word_1_150' title='bbox 278 2197 284 2218; x_wconf 74' lang='grc' dir='ltr'>ε</span> <span class='ocrx_word' id='word_1_151' title='bbox 301 2184 408 2217; x_wconf 90' lang='lat' dir='ltr'>homo</span> <span class='ocrx_word' id='word_1_152' title='bbox 424 2198 458 2218; x_wconf 89' lang='lat' dir='ltr'>es</span> <span class='ocrx_word' id='word_1_153' title='bbox 476 2185 523 2218; x_wconf 86' lang='lat' dir='ltr'>ita</span> <span class='ocrx_word' id='word_1_154' title='bbox 538 2186 679 2230; x_wconf 86' lang='lat' dir='ltr'>pinguis</span> <span class='ocrx_word' id='word_1_155' title='bbox 695 2193 729 2218; x_wconf 90' lang='lat' dir='ltr'>et</span> <span class='ocrx_word' id='word_1_156' title='bbox 745 2185 872 2218; x_wconf 81' lang='lat' dir='ltr'>obesus</span> 
     </span>
     <span class='ocr_line' id='line_1_32' title="bbox 196 2233 874 2279; baseline 0.004 -11"><span class='ocrx_word' id='word_1_157' title='bbox 196 2233 259 2275; x_wconf 89' lang='lat' dir='ltr'>(id</span> <span class='ocrx_word' id='word_1_158' title='bbox 279 2245 329 2270; x_wconf 83' lang='lat' dir='ltr'>est</span> <span class='ocrx_word' id='word_1_159' title='bbox 344 2262 354 2279; x_wconf 84' lang='lat'><strong>,</strong></span> <span class='ocrx_word' id='word_1_160' title='bbox 376 2239 422 2271; x_wconf 81' lang='lat' dir='ltr'>ita</span> <span class='ocrx_word' id='word_1_161' title='bbox 442 2237 588 2271; x_wconf 86' lang='lat' dir='ltr'>stolidus</span> <span class='ocrx_word' id='word_1_162' title='bbox 608 2247 640 2271; x_wconf 90' lang='lat' dir='ltr'>et</span> <span class='ocrx_word' id='word_1_163' title='bbox 660 2236 815 2279; x_wconf 86' lang='lat' dir='ltr'>hebes),</span> <span class='ocrx_word' id='word_1_164' title='bbox 836 2247 874 2271; x_wconf 92' lang='lat' dir='ltr'>ut</span> 
     </span>
     <span class='ocr_line' id='line_1_33' title="bbox 195 2288 874 2336; baseline 0.003 -14"><span class='ocrx_word' id='word_1_165' title='bbox 195 2288 355 2323; x_wconf 81' lang='lat' dir='ltr'>adhiberi</span> <span class='ocrx_word' id='word_1_166' title='bbox 385 2291 495 2336; x_wconf 87' lang='lat' dir='ltr'>possis</span> <span class='ocrx_word' id='word_1_167' title='bbox 530 2292 607 2323; x_wconf 91' lang='lat' dir='ltr'>loco</span> <span class='ocrx_word' id='word_1_168' title='bbox 641 2291 810 2336; x_wconf 85' lang='lat' dir='ltr'>unguinis</span> <span class='ocrx_word' id='word_1_169' title='bbox 841 2300 874 2324; x_wconf 87' lang='lat' dir='ltr'>et</span> 
     </span>
     <span class='ocr_line' id='line_1_34' title="bbox 197 2342 876 2388; baseline 0.001 -13"><span class='ocrx_word' id='word_1_170' title='bbox 197 2342 307 2388; x_wconf 78' lang='lat' dir='ltr'>adipis</span> <span class='ocrx_word' id='word_1_171' title='bbox 328 2344 423 2385; x_wconf 75' lang='lat' dir='ltr'>vice,</span> <span class='ocrx_word' id='word_1_172' title='bbox 445 2343 487 2376; x_wconf 88' lang='lat' dir='ltr'>ad</span> <span class='ocrx_word' id='word_1_173' title='bbox 504 2343 684 2388; x_wconf 82' lang='lat' dir='ltr'>ungendas</span> <span class='ocrx_word' id='word_1_174' title='bbox 707 2352 876 2377; x_wconf 81' lang='lat' dir='ltr'>rotas.—</span> 
     </span>
     <span class='ocr_line' id='line_1_35' title="bbox 196 2396 874 2442; baseline 0 -14"><span class='ocrx_word' id='word_1_175' title='bbox 196 2396 299 2429; x_wconf 89' lang='lat' dir='ltr'>Hunc</span> <span class='ocrx_word' id='word_1_176' title='bbox 320 2408 460 2430; x_wconf 86' lang='lat' dir='ltr'>sensum</span> <span class='ocrx_word' id='word_1_177' title='bbox 479 2396 623 2442; x_wconf 83' lang='lat' dir='ltr'>adoptat</span> <span class='ocrx_word' id='word_1_178' title='bbox 638 2397 853 2429; x_wconf 79' lang='lat' dir='ltr'>Ramiresius</span> <span class='ocrx_word' id='word_1_179' title='bbox 866 2423 874 2437; x_wconf 83' lang='lat'>‚</span> 
     </span>
     <span class='ocr_line' id='line_1_36' title="bbox 197 2449 878 2495; baseline 0 -13"><span class='ocrx_word' id='word_1_180' title='bbox 197 2457 231 2482; x_wconf 88' lang='lat' dir='ltr'>et</span> <span class='ocrx_word' id='word_1_181' title='bbox 264 2449 410 2482; x_wconf 79' lang='lat' dir='ltr'>stultum</span> <span class='ocrx_word' id='word_1_182' title='bbox 450 2462 626 2495; x_wconf 84' lang='lat' dir='ltr'>quemque</span> <span class='ocrx_word' id='word_1_183' title='bbox 649 2463 668 2483; x_wconf 86' lang='lat' dir='ltr'>a</span> <span class='ocrx_word' id='word_1_184' title='bbox 690 2449 878 2482; x_wconf 83' lang='lat' dir='ltr'>Veteribus</span> 
     </span>
     <span class='ocr_line' id='line_1_37' title="bbox 197 2503 879 2547; baseline 0.003 -13"><span class='ocrx_word' id='word_1_185' title='bbox 197 2503 365 2547; x_wconf 85' lang='lat' dir='ltr'>pinguem</span> <span class='ocrx_word' id='word_1_186' title='bbox 387 2511 421 2535; x_wconf 86' lang='lat' dir='ltr'>et</span> <span class='ocrx_word' id='word_1_187' title='bbox 447 2515 601 2536; x_wconf 74' lang='lat' dir='ltr'>crassum</span> <span class='ocrx_word' id='word_1_188' title='bbox 622 2503 738 2535; x_wconf 61' lang='lat' dir='ltr'>vocari</span> <span class='ocrx_word' id='word_1_189' title='bbox 762 2503 879 2536; x_wconf 86' lang='lat' dir='ltr'>multis</span> 
     </span>
     <span class='ocr_line' id='line_1_38' title="bbox 198 2555 879 2600; baseline 0 -13"><span class='ocrx_word' id='word_1_190' title='bbox 198 2556 383 2589; x_wconf 84' lang='lat' dir='ltr'>confirmat</span> <span class='ocrx_word' id='word_1_191' title='bbox 420 2556 588 2600; x_wconf 64' lang='lat' dir='ltr'>exemplis</span> <span class='ocrx_word' id='word_1_192' title='bbox 619 2567 626 2588; x_wconf 76' lang='grc' dir='ltr'>ε</span> <span class='ocrx_word' id='word_1_193' title='bbox 671 2556 716 2587; x_wconf 84' lang='lat' dir='ltr'>ita</span> <span class='ocrx_word' id='word_1_194' title='bbox 757 2555 879 2588; x_wconf 83' lang='lat' dir='ltr'>Horat.</span> 
     </span>
     <span class='ocr_line' id='line_1_39' title="bbox 200 2607 881 2650; baseline 0.004 -11"><span class='ocrx_word' id='word_1_195' title='bbox 200 2608 309 2640; x_wconf 86' lang='lat' dir='ltr'>Serm.</span> <span class='ocrx_word' id='word_1_196' title='bbox 333 2609 393 2642; x_wconf 90' lang='lat' dir='ltr'>lih.</span> <span class='ocrx_word' id='word_1_197' title='bbox 421 2610 458 2645; x_wconf 82' lang='lat' dir='ltr'>l,</span> <span class='ocrx_word' id='word_1_198' title='bbox 483 2608 501 2640; x_wconf 79' lang='grc'>3</span> <span class='ocrx_word' id='word_1_199' title='bbox 523 2635 532 2650; x_wconf 85' lang='grc'><em>,</em></span> <span class='ocrx_word' id='word_1_200' title='bbox 556 2609 600 2642; x_wconf 87' lang='lat'>58</span> <span class='ocrx_word' id='word_1_201' title='bbox 623 2617 629 2637; x_wconf 89' lang='lat'>:</span> <span class='ocrx_word' id='word_1_202' title='bbox 653 2623 665 2634; x_wconf 79' lang='lat'>«</span> <span class='ocrx_word' id='word_1_203' title='bbox 682 2607 801 2641; x_wconf 85' lang='lat' dir='ltr'>Tardo</span> <span class='ocrx_word' id='word_1_204' title='bbox 823 2621 881 2642; x_wconf 86' lang='lat' dir='ltr'>co-</span> 
     </span>
     <span class='ocr_line' id='line_1_40' title="bbox 204 2661 801 2708; baseline 0.002 -15"><span class='ocrx_word' id='word_1_205' title='bbox 204 2674 354 2705; x_wconf 83' lang='lat' dir='ltr'>gnomen</span> <span class='ocrx_word' id='word_1_206' title='bbox 378 2661 517 2708; x_wconf 82' lang='lat' dir='ltr'>pinguis</span> <span class='ocrx_word' id='word_1_207' title='bbox 538 2661 669 2695; x_wconf 84' lang='lat' dir='ltr'>damus.</span> <span class='ocrx_word' id='word_1_208' title='bbox 695 2679 707 2690; x_wconf 74' lang='lat' dir='ltr'>n</span> <span class='ocrx_word' id='word_1_209' title='bbox 735 2662 801 2694; x_wconf 83' lang='lat' dir='ltr'>En.</span> 
     </span>
    </p>
   </div>
   <div class='ocr_carea' id='block_1_7' title="bbox 923 1067 1624 2707">
    <p class='ocr_par' dir='ltr' id='par_1_11' title="bbox 923 1067 1606 1379">
     <span class='ocr_line' id='line_1_41' title="bbox 979 1067 1606 1109; baseline 0.003 -9"><span class='ocrx_word' id='word_1_210' title='bbox 979 1067 1013 1101; x_wconf 80' lang='lat'>3.</span> <span class='ocrx_word' id='word_1_211' title='bbox 1042 1068 1116 1100; x_wconf 85' lang='lat' dir='ltr'>Hac</span> <span class='ocrx_word' id='word_1_212' title='bbox 1146 1069 1279 1100; x_wconf 81' lang='lat' dir='ltr'>ratione.</span> <span class='ocrx_word' id='word_1_213' title='bbox 1314 1068 1393 1109; x_wconf 80' lang='lat' dir='ltr'>Qua</span> <span class='ocrx_word' id='word_1_214' title='bbox 1422 1076 1461 1101; x_wconf 90' lang='lat' dir='ltr'>tu</span> <span class='ocrx_word' id='word_1_215' title='bbox 1487 1080 1606 1102; x_wconf 85' lang='lat' dir='ltr'>censes</span> 
     </span>
     <span class='ocr_line' id='line_1_42' title="bbox 924 1121 1605 1167; baseline 0.001 -14"><span class='ocrx_word' id='word_1_216' title='bbox 924 1121 1028 1166; x_wconf 86' lang='lat' dir='ltr'>longa</span> <span class='ocrx_word' id='word_1_217' title='bbox 1058 1134 1131 1155; x_wconf 90' lang='lat' dir='ltr'>esse</span> <span class='ocrx_word' id='word_1_218' title='bbox 1156 1133 1233 1154; x_wconf 89' lang='lat' dir='ltr'>mea</span> <span class='ocrx_word' id='word_1_219' title='bbox 1261 1122 1510 1167; x_wconf 82' lang='lat' dir='ltr'>epigrammata</span> <span class='ocrx_word' id='word_1_220' title='bbox 1525 1146 1534 1162; x_wconf 91' lang='lat'>‚</span> <span class='ocrx_word' id='word_1_221' title='bbox 1557 1122 1605 1155; x_wconf 76' lang='lat' dir='ltr'>ita</span> 
     </span>
     <span class='ocr_line' id='line_1_43' title="bbox 925 1173 1606 1220; baseline 0.001 -13"><span class='ocrx_word' id='word_1_222' title='bbox 925 1173 1018 1207; x_wconf 85' lang='lat' dir='ltr'>dices</span> <span class='ocrx_word' id='word_1_223' title='bbox 1050 1175 1194 1220; x_wconf 89' lang='lat' dir='ltr'>longum</span> <span class='ocrx_word' id='word_1_224' title='bbox 1225 1186 1298 1208; x_wconf 86' lang='lat' dir='ltr'>esse</span> <span class='ocrx_word' id='word_1_225' title='bbox 1328 1175 1525 1216; x_wconf 84' lang='lat' dir='ltr'>colossum,</span> <span class='ocrx_word' id='word_1_226' title='bbox 1544 1175 1606 1220; x_wconf 88' lang='lat' dir='ltr'>qui</span> 
     </span>
     <span class='ocr_line' id='line_1_44' title="bbox 923 1227 1605 1273; baseline 0 -13"><span class='ocrx_word' id='word_1_227' title='bbox 923 1227 1048 1273; x_wconf 88' lang='lat' dir='ltr'>longus</span> <span class='ocrx_word' id='word_1_228' title='bbox 1076 1240 1148 1261; x_wconf 85' lang='lat' dir='ltr'>esse</span> <span class='ocrx_word' id='word_1_229' title='bbox 1178 1228 1321 1273; x_wconf 87' lang='lat' dir='ltr'>nequit,</span> <span class='ocrx_word' id='word_1_230' title='bbox 1348 1241 1455 1273; x_wconf 84' lang='lat' dir='ltr'>quum</span> <span class='ocrx_word' id='word_1_231' title='bbox 1480 1228 1605 1261; x_wconf 79' lang='lat' dir='ltr'>habeat</span> 
     </span>
     <span class='ocr_line' id='line_1_45' title="bbox 924 1281 1602 1326; baseline 0.001 -13"><span class='ocrx_word' id='word_1_232' title='bbox 924 1293 1020 1313; x_wconf 85' lang='lat' dir='ltr'>suam</span> <span class='ocrx_word' id='word_1_233' title='bbox 1031 1281 1311 1326; x_wconf 82' lang='lat' dir='ltr'>proportionem.</span> <span class='ocrx_word' id='word_1_234' title='bbox 1320 1281 1404 1314; x_wconf 88' lang='lat' dir='ltr'>Vid.</span> <span class='ocrx_word' id='word_1_235' title='bbox 1415 1282 1476 1314; x_wconf 80' lang='lat' dir='ltr'>lib.</span> <span class='ocrx_word' id='word_1_236' title='bbox 1485 1281 1602 1326; x_wconf 85' lang='lat' dir='ltr'>Spect.</span> 
     </span>
     <span class='ocr_line' id='line_1_46' title="bbox 926 1334 1230 1379; baseline 0.007 -14"><span class='ocrx_word' id='word_1_237' title='bbox 926 1334 1036 1379; x_wconf 85' lang='lat' dir='ltr'>epigr.</span> <span class='ocrx_word' id='word_1_238' title='bbox 1053 1345 1102 1375; x_wconf 85' lang='lat'>11,</span> <span class='ocrx_word' id='word_1_239' title='bbox 1122 1347 1171 1367; x_wconf 79' lang='lat' dir='ltr'>vs.</span> <span class='ocrx_word' id='word_1_240' title='bbox 1200 1346 1230 1367; x_wconf 91' lang='lat'>1.</span> 
     </span>
    </p>

    <p class='ocr_par' dir='ltr' id='par_1_12' title="bbox 924 1387 1611 2388">
     <span class='ocr_line' id='line_1_47' title="bbox 979 1387 1603 1431; baseline 0 -11"><span class='ocrx_word' id='word_1_241' title='bbox 979 1391 1010 1427; x_wconf 72' lang='grc'>4.</span> <span class='ocrx_word' id='word_1_242' title='bbox 1041 1388 1090 1419; x_wconf 75' lang='lat' dir='ltr'>Et</span> <span class='ocrx_word' id='word_1_243' title='bbox 1111 1400 1243 1431; x_wconf 75' lang='lat' dir='ltr'>puerum</span> <span class='ocrx_word' id='word_1_244' title='bbox 1270 1387 1376 1420; x_wconf 81' lang='lat' dir='ltr'>Bruti.</span> <span class='ocrx_word' id='word_1_245' title='bbox 1404 1387 1560 1421; x_wconf 80' lang='lat' dir='ltr'>Statuam</span> <span class='ocrx_word' id='word_1_246' title='bbox 1587 1401 1603 1420; x_wconf 80' lang='lat' dir='ltr'>a</span> 
     </span>
     <span class='ocr_line' id='line_1_48' title="bbox 925 1439 1604 1486; baseline 0.003 -14"><span class='ocrx_word' id='word_1_247' title='bbox 925 1439 1174 1486; x_wconf 63' lang='lat' dir='ltr'>Strongylione</span> <span class='ocrx_word' id='word_1_248' title='bbox 1201 1440 1367 1474; x_wconf 84' lang='lat' dir='ltr'>statuario</span> <span class='ocrx_word' id='word_1_249' title='bbox 1396 1440 1537 1482; x_wconf 82' lang='lat' dir='ltr'>factam,</span> <span class='ocrx_word' id='word_1_250' title='bbox 1560 1440 1604 1474; x_wconf 85' lang='lat' dir='ltr'>ad</span> 
     </span>
     <span class='ocr_line' id='line_1_49' title="bbox 925 1493 1607 1539; baseline 0.001 -14"><span class='ocrx_word' id='word_1_251' title='bbox 925 1493 1113 1538; x_wconf 81' lang='lat' dir='ltr'>imaginem</span> <span class='ocrx_word' id='word_1_252' title='bbox 1130 1494 1230 1538; x_wconf 88' lang='lat' dir='ltr'>pueri</span> <span class='ocrx_word' id='word_1_253' title='bbox 1249 1506 1266 1526; x_wconf 81' lang='lat' dir='ltr'>a</span> <span class='ocrx_word' id='word_1_254' title='bbox 1282 1494 1391 1526; x_wconf 87' lang='lat' dir='ltr'>Bruto</span> <span class='ocrx_word' id='word_1_255' title='bbox 1408 1494 1529 1536; x_wconf 82' lang='lat' dir='ltr'>amati,</span> <span class='ocrx_word' id='word_1_256' title='bbox 1544 1494 1607 1539; x_wconf 89' lang='lat' dir='ltr'>qui</span> 
     </span>
     <span class='ocr_line' id='line_1_50' title="bbox 924 1546 1605 1592; baseline 0.003 -14"><span class='ocrx_word' id='word_1_257' title='bbox 924 1546 1193 1580; x_wconf 86' lang='lat' dir='ltr'>formosissimus</span> <span class='ocrx_word' id='word_1_258' title='bbox 1207 1547 1273 1579; x_wconf 84' lang='lat' dir='ltr'>fuit</span> <span class='ocrx_word' id='word_1_259' title='bbox 1285 1570 1294 1587; x_wconf 89' lang='lat'><em>‚</em></span> <span class='ocrx_word' id='word_1_260' title='bbox 1316 1546 1376 1579; x_wconf 89' lang='lat' dir='ltr'>sed</span> <span class='ocrx_word' id='word_1_261' title='bbox 1394 1547 1523 1592; x_wconf 75' lang='lat' dir='ltr'>exigua:</span> <span class='ocrx_word' id='word_1_262' title='bbox 1540 1555 1605 1580; x_wconf 84' lang='lat' dir='ltr'>sta-</span> 
     </span>
     <span class='ocr_line' id='line_1_51' title="bbox 926 1599 1605 1645; baseline 0.003 -14"><span class='ocrx_word' id='word_1_263' title='bbox 926 1607 1012 1633; x_wconf 75' lang='lat' dir='ltr'>tuiae</span> <span class='ocrx_word' id='word_1_264' title='bbox 1026 1626 1034 1641; x_wconf 89' lang='lat'>‚</span> <span class='ocrx_word' id='word_1_265' title='bbox 1053 1612 1118 1633; x_wconf 90' lang='lat' dir='ltr'>nec</span> <span class='ocrx_word' id='word_1_266' title='bbox 1135 1608 1251 1633; x_wconf 81' lang='lat' dir='ltr'>tamen</span> <span class='ocrx_word' id='word_1_267' title='bbox 1268 1612 1394 1645; x_wconf 81' lang='lat' dir='ltr'>parvus</span> <span class='ocrx_word' id='word_1_268' title='bbox 1406 1599 1605 1641; x_wconf 86' lang='lat' dir='ltr'>dicidebet‚</span> 
     </span>
     <span class='ocr_line' id='line_1_52' title="bbox 925 1652 1604 1699; baseline 0.001 -14"><span class='ocrx_word' id='word_1_269' title='bbox 925 1660 1048 1698; x_wconf 87' lang='lat' dir='ltr'>utpote</span> <span class='ocrx_word' id='word_1_270' title='bbox 1086 1652 1146 1699; x_wconf 89' lang='lat' dir='ltr'>qui</span> <span class='ocrx_word' id='word_1_271' title='bbox 1181 1653 1338 1686; x_wconf 83' lang='lat' dir='ltr'>membra</span> <span class='ocrx_word' id='word_1_272' title='bbox 1369 1654 1497 1686; x_wconf 82' lang='lat' dir='ltr'>habeat</span> <span class='ocrx_word' id='word_1_273' title='bbox 1535 1667 1604 1687; x_wconf 77' lang='lat' dir='ltr'>suae</span> 
     </span>
     <span class='ocr_line' id='line_1_53' title="bbox 925 1707 1606 1748; baseline 0.001 -10"><span class='ocrx_word' id='word_1_274' title='bbox 925 1718 1098 1740; x_wconf 83' lang='lat' dir='ltr'>mensurae</span> <span class='ocrx_word' id='word_1_275' title='bbox 1125 1707 1380 1739; x_wconf 78' lang='lat' dir='ltr'>convenientia.</span> <span class='ocrx_word' id='word_1_276' title='bbox 1411 1707 1490 1740; x_wconf 93' lang='lat' dir='ltr'>Lib.</span> <span class='ocrx_word' id='word_1_277' title='bbox 1529 1707 1606 1748; x_wconf 82' lang='lat' dir='ltr'>IX,</span> 
     </span>
     <span class='ocr_line' id='line_1_54' title="bbox 925 1759 1604 1805; baseline 0 -13"><span class='ocrx_word' id='word_1_278' title='bbox 925 1760 1036 1804; x_wconf 84' lang='lat' dir='ltr'>epigr.</span> <span class='ocrx_word' id='word_1_279' title='bbox 1058 1771 1114 1800; x_wconf 86' lang='lat' dir='ltr'>L1;</span> <span class='ocrx_word' id='word_1_280' title='bbox 1133 1760 1194 1792; x_wconf 84' lang='lat' dir='ltr'>h&#39;b.</span> <span class='ocrx_word' id='word_1_281' title='bbox 1214 1760 1315 1800; x_wconf 87' lang='lat' dir='ltr'><strong>XIV,</strong></span> <span class='ocrx_word' id='word_1_282' title='bbox 1336 1759 1447 1805; x_wconf 85' lang='lat' dir='ltr'>epigr.</span> <span class='ocrx_word' id='word_1_283' title='bbox 1470 1772 1575 1794; x_wconf 72' lang='lat' dir='ltr'>Can</span> <span class='ocrx_word' id='word_1_284' title='bbox 1595 1773 1604 1800; x_wconf 90' lang='lat'>;</span> 
     </span>
     <span class='ocr_line' id='line_1_55' title="bbox 926 1812 1608 1858; baseline 0.003 -14"><span class='ocrx_word' id='word_1_285' title='bbox 926 1821 959 1845; x_wconf 88' lang='lat' dir='ltr'>et</span> <span class='ocrx_word' id='word_1_286' title='bbox 980 1813 1071 1845; x_wconf 88' lang='lat' dir='ltr'>Plin.</span> <span class='ocrx_word' id='word_1_287' title='bbox 1098 1812 1162 1845; x_wconf 89' lang='lat' dir='ltr'>lib.</span> <span class='ocrx_word' id='word_1_288' title='bbox 1190 1812 1366 1854; x_wconf 82' lang='lat' dir='ltr'>XXXIV,</span> <span class='ocrx_word' id='word_1_289' title='bbox 1388 1825 1464 1858; x_wconf 82' lang='lat' dir='ltr'>cap.</span> <span class='ocrx_word' id='word_1_290' title='bbox 1490 1814 1524 1846; x_wconf 86' lang='lat'>8.</span> <span class='ocrx_word' id='word_1_291' title='bbox 1555 1834 1608 1839; x_wconf 85' lang='lat'>—-</span> 
     </span>
     <span class='ocr_line' id='line_1_56' title="bbox 926 1865 1607 1911; baseline 0 -13"><span class='ocrx_word' id='word_1_292' title='bbox 926 1866 1031 1898; x_wconf 76' lang='lat' dir='ltr'>Bruti.</span> <span class='ocrx_word' id='word_1_293' title='bbox 1054 1865 1192 1898; x_wconf 89' lang='lat' dir='ltr'>Decimi</span> <span class='ocrx_word' id='word_1_294' title='bbox 1212 1865 1332 1906; x_wconf 83' lang='lat' dir='ltr'>Bruti,</span> <span class='ocrx_word' id='word_1_295' title='bbox 1356 1865 1499 1899; x_wconf 81' lang='lat' dir='ltr'>Caesaris</span> <span class='ocrx_word' id='word_1_296' title='bbox 1527 1878 1607 1911; x_wconf 90' lang='lat' dir='ltr'>per-</span> 
     </span>
     <span class='ocr_line' id='line_1_57' title="bbox 927 1918 1605 1963; baseline 0.001 -13"><span class='ocrx_word' id='word_1_297' title='bbox 927 1918 1093 1957; x_wconf 64' lang='lat' dir='ltr'>cussoris,</span> <span class='ocrx_word' id='word_1_298' title='bbox 1113 1918 1177 1963; x_wconf 91' lang='lat' dir='ltr'>qui</span> <span class='ocrx_word' id='word_1_299' title='bbox 1189 1930 1225 1951; x_wconf 88' lang='lat' dir='ltr'>se</span> <span class='ocrx_word' id='word_1_300' title='bbox 1240 1926 1320 1962; x_wconf 88' lang='lat' dir='ltr'>post</span> <span class='ocrx_word' id='word_1_301' title='bbox 1341 1918 1605 1963; x_wconf 89' lang='lat' dir='ltr'>Philippensem</span> 
     </span>
     <span class='ocr_line' id='line_1_58' title="bbox 928 1971 1608 2017; baseline 0 -13"><span class='ocrx_word' id='word_1_302' title='bbox 928 1983 1103 2017; x_wconf 81' lang='lat' dir='ltr'>pugnam,</span> <span class='ocrx_word' id='word_1_303' title='bbox 1138 1971 1175 2003; x_wconf 88' lang='lat' dir='ltr'>in</span> <span class='ocrx_word' id='word_1_304' title='bbox 1210 1983 1277 2016; x_wconf 85' lang='lat' dir='ltr'>qua</span> <span class='ocrx_word' id='word_1_305' title='bbox 1308 1972 1350 2003; x_wconf 89' lang='lat' dir='ltr'>ab</span> <span class='ocrx_word' id='word_1_306' title='bbox 1383 1972 1538 2004; x_wconf 87' lang='lat' dir='ltr'>Antonio</span> <span class='ocrx_word' id='word_1_307' title='bbox 1573 1980 1608 2004; x_wconf 90' lang='lat' dir='ltr'>et</span> 
     </span>
     <span class='ocr_line' id='line_1_59' title="bbox 930 2023 1608 2065; baseline -0.001 -8"><span class='ocrx_word' id='word_1_308' title='bbox 930 2024 1076 2058; x_wconf 83' lang='lat' dir='ltr'>Octavio</span> <span class='ocrx_word' id='word_1_309' title='bbox 1086 2024 1196 2057; x_wconf 85' lang='lat' dir='ltr'>victus</span> <span class='ocrx_word' id='word_1_310' title='bbox 1207 2032 1270 2065; x_wconf 85' lang='lat' dir='ltr'>est,</span> <span class='ocrx_word' id='word_1_311' title='bbox 1279 2023 1608 2057; x_wconf 77' lang='lat' dir='ltr'>interemit.—Bre-</span> 
     </span>
     <span class='ocr_line' id='line_1_60' title="bbox 931 2077 1608 2123; baseline 0 -13"><span class='ocrx_word' id='word_1_312' title='bbox 931 2091 1004 2110; x_wconf 68' lang='lat' dir='ltr'>vem.</span> <span class='ocrx_word' id='word_1_313' title='bbox 1017 2078 1059 2110; x_wconf 90' lang='lat' dir='ltr'>In</span> <span class='ocrx_word' id='word_1_314' title='bbox 1075 2085 1227 2123; x_wconf 83' lang='lat' dir='ltr'>utroque</span> <span class='ocrx_word' id='word_1_315' title='bbox 1246 2086 1360 2110; x_wconf 89' lang='lat' dir='ltr'>autem</span> <span class='ocrx_word' id='word_1_316' title='bbox 1382 2077 1480 2123; x_wconf 86' lang='lat' dir='ltr'>signo</span> <span class='ocrx_word' id='word_1_317' title='bbox 1496 2077 1608 2110; x_wconf 84' lang='lat' dir='ltr'>laudis</span> 
     </span>
     <span class='ocr_line' id='line_1_61' title="bbox 931 2131 1604 2177; baseline 0 -14"><span class='ocrx_word' id='word_1_318' title='bbox 931 2143 1065 2164; x_wconf 80' lang='lat' dir='ltr'>summa</span> <span class='ocrx_word' id='word_1_319' title='bbox 1087 2139 1137 2164; x_wconf 88' lang='lat' dir='ltr'>est</span> <span class='ocrx_word' id='word_1_320' title='bbox 1164 2139 1310 2176; x_wconf 87' lang='lat' dir='ltr'>propter</span> <span class='ocrx_word' id='word_1_321' title='bbox 1338 2131 1577 2177; x_wconf 66' lang='lat' dir='ltr'>symmetriam</span> <span class='ocrx_word' id='word_1_322' title='bbox 1598 2145 1604 2163; x_wconf 89' lang='lat'><strong>:</strong></span> 
     </span>
     <span class='ocr_line' id='line_1_62' title="bbox 931 2184 1608 2229; baseline -0.001 -12"><span class='ocrx_word' id='word_1_323' title='bbox 931 2186 967 2217; x_wconf 89' lang='lat' dir='ltr'>in</span> <span class='ocrx_word' id='word_1_324' title='bbox 998 2185 1063 2217; x_wconf 81' lang='lat' dir='ltr'>hac</span> <span class='ocrx_word' id='word_1_325' title='bbox 1083 2184 1262 2217; x_wconf 82' lang='lat' dir='ltr'>brevitatis</span> <span class='ocrx_word' id='word_1_326' title='bbox 1282 2210 1290 2223; x_wconf 87' lang='lat'><em>,</em></span> <span class='ocrx_word' id='word_1_327' title='bbox 1321 2196 1397 2229; x_wconf 76' lang='lat' dir='ltr'>quae</span> <span class='ocrx_word' id='word_1_328' title='bbox 1421 2196 1548 2229; x_wconf 79' lang='lat' dir='ltr'>puero,</span> <span class='ocrx_word' id='word_1_329' title='bbox 1571 2185 1608 2217; x_wconf 88' lang='lat' dir='ltr'>in</span> 
     </span>
     <span class='ocr_line' id='line_1_63' title="bbox 932 2236 1611 2282; baseline 0 -12"><span class='ocrx_word' id='word_1_330' title='bbox 932 2238 992 2270; x_wconf 89' lang='lat' dir='ltr'>illo</span> <span class='ocrx_word' id='word_1_331' title='bbox 1004 2236 1198 2270; x_wconf 87' lang='lat' dir='ltr'>altitudinis</span> <span class='ocrx_word' id='word_1_332' title='bbox 1208 2262 1217 2276; x_wconf 76' lang='grc'><em>,</em></span> <span class='ocrx_word' id='word_1_333' title='bbox 1231 2249 1307 2282; x_wconf 82' lang='lat' dir='ltr'>quae</span> <span class='ocrx_word' id='word_1_334' title='bbox 1318 2237 1521 2282; x_wconf 83' lang='lat' dir='ltr'>imperatori</span> <span class='ocrx_word' id='word_1_335' title='bbox 1537 2239 1611 2270; x_wconf 89' lang='lat' dir='ltr'>Deo</span> 
     </span>
     <span class='ocr_line' id='line_1_64' title="bbox 932 2289 1609 2324; baseline 0 -1"><span class='ocrx_word' id='word_1_336' title='bbox 932 2290 1106 2323; x_wconf 84' lang='lat' dir='ltr'>convenit.</span> <span class='ocrx_word' id='word_1_337' title='bbox 1127 2289 1221 2322; x_wconf 87' lang='lat' dir='ltr'>Vide</span> <span class='ocrx_word' id='word_1_338' title='bbox 1240 2290 1330 2323; x_wconf 91' lang='lat' dir='ltr'>Plin.</span> <span class='ocrx_word' id='word_1_339' title='bbox 1345 2290 1435 2324; x_wconf 78' lang='lat' dir='ltr'>Hist.</span> <span class='ocrx_word' id='word_1_340' title='bbox 1456 2299 1528 2324; x_wconf 83' lang='lat' dir='ltr'>nat.</span> <span class='ocrx_word' id='word_1_341' title='bbox 1548 2291 1609 2323; x_wconf 91' lang='lat' dir='ltr'>lib.</span> 
     </span>
     <span class='ocr_line' id='line_1_65' title="bbox 934 2344 1345 2388; baseline -0.002 -12"><span class='ocrx_word' id='word_1_342' title='bbox 934 2344 1106 2381; x_wconf 82' lang='lat' dir='ltr'>XXXIV,</span> <span class='ocrx_word' id='word_1_343' title='bbox 1130 2356 1204 2388; x_wconf 84' lang='lat' dir='ltr'>cap.</span> <span class='ocrx_word' id='word_1_344' title='bbox 1226 2345 1260 2377; x_wconf 89' lang='lat'>8.</span> <span class='ocrx_word' id='word_1_345' title='bbox 1278 2344 1345 2376; x_wconf 81' lang='lat' dir='ltr'>En.</span> 
     </span>
    </p>

    <p class='ocr_par' dir='ltr' id='par_1_13' title="bbox 936 2396 1624 2707">
     <span class='ocr_line' id='line_1_66' title="bbox 991 2396 1617 2441; baseline 0 -12"><span class='ocrx_word' id='word_1_346' title='bbox 991 2397 1024 2429; x_wconf 86' lang='lat'>5.</span> <span class='ocrx_word' id='word_1_347' title='bbox 1046 2396 1151 2428; x_wconf 55' lang='grc' dir='ltr'>Αἶαν-εἱ</span> <span class='ocrx_word' id='word_1_348' title='bbox 1173 2397 1316 2441; x_wconf 76' lang='lat' dir='ltr'>doctique</span> <span class='ocrx_word' id='word_1_349' title='bbox 1331 2397 1478 2429; x_wconf 60' lang='lat' dir='ltr'>Pedonis.</span> <span class='ocrx_word' id='word_1_350' title='bbox 1502 2397 1617 2429; x_wconf 80' lang='lat' dir='ltr'>Poetae</span> 
     </span>
     <span class='ocr_line' id='line_1_67' title="bbox 936 2449 1613 2494; baseline 0.001 -13"><span class='ocrx_word' id='word_1_351' title='bbox 936 2461 1062 2494; x_wconf 87' lang='lat' dir='ltr'>nempe</span> <span class='ocrx_word' id='word_1_352' title='bbox 1102 2449 1230 2494; x_wconf 84' lang='lat' dir='ltr'>egregii</span> <span class='ocrx_word' id='word_1_353' title='bbox 1270 2449 1436 2490; x_wconf 79' lang='lat' dir='ltr'>fuerunt,</span> <span class='ocrx_word' id='word_1_354' title='bbox 1464 2450 1524 2494; x_wconf 91' lang='lat' dir='ltr'>qui</span> <span class='ocrx_word' id='word_1_355' title='bbox 1556 2450 1613 2482; x_wconf 82' lang='lat' dir='ltr'>vel</span> 
     </span>
     <span class='ocr_line' id='line_1_68' title="bbox 941 2502 1624 2547; baseline 0.003 -14"><span class='ocrx_word' id='word_1_356' title='bbox 941 2515 1049 2534; x_wconf 87' lang='lat' dir='ltr'>unum</span> <span class='ocrx_word' id='word_1_357' title='bbox 1078 2503 1291 2547; x_wconf 83' lang='lat' dir='ltr'>epigramma</span> <span class='ocrx_word' id='word_1_358' title='bbox 1323 2502 1458 2536; x_wconf 88' lang='lat' dir='ltr'>duabus</span> <span class='ocrx_word' id='word_1_359' title='bbox 1486 2503 1624 2547; x_wconf 82' lang='lat' dir='ltr'>paginis</span> 
     </span>
     <span class='ocr_line' id='line_1_69' title="bbox 942 2555 1622 2602; baseline 0.003 -16"><span class='ocrx_word' id='word_1_360' title='bbox 942 2555 1184 2587; x_wconf 83' lang='lat' dir='ltr'>absolvebant.</span> <span class='ocrx_word' id='word_1_361' title='bbox 1217 2556 1269 2588; x_wconf 84' lang='lat' dir='ltr'>De</span> <span class='ocrx_word' id='word_1_362' title='bbox 1294 2555 1412 2589; x_wconf 83' lang='lat' dir='ltr'>Marso</span> <span class='ocrx_word' id='word_1_363' title='bbox 1441 2568 1544 2602; x_wconf 77' lang='lat' dir='ltr'>supra</span> <span class='ocrx_word' id='word_1_364' title='bbox 1567 2556 1622 2588; x_wconf 81' lang='lat' dir='ltr'>di·</span> 
     </span>
     <span class='ocr_line' id='line_1_70' title="bbox 942 2609 1617 2653; baseline -0.001 -13"><span class='ocrx_word' id='word_1_365' title='bbox 942 2616 1038 2640; x_wconf 86' lang='lat' dir='ltr'>ctum</span> <span class='ocrx_word' id='word_1_366' title='bbox 1055 2609 1222 2653; x_wconf 74' lang='lat' dir='ltr'>epigram.</span> <span class='ocrx_word' id='word_1_367' title='bbox 1242 2621 1347 2649; x_wconf 73' lang='lat' dir='ltr'>LXXI,</span> <span class='ocrx_word' id='word_1_368' title='bbox 1370 2622 1419 2642; x_wconf 81' lang='lat' dir='ltr'>vs.</span> <span class='ocrx_word' id='word_1_369' title='bbox 1444 2622 1484 2650; x_wconf 78' lang='lat'>23</span> <span class='ocrx_word' id='word_1_370' title='bbox 1505 2616 1538 2641; x_wconf 84' lang='lat' dir='ltr'>et</span> <span class='ocrx_word' id='word_1_371' title='bbox 1555 2609 1617 2641; x_wconf 81' lang='lat' dir='ltr'>lib.</span> 
     </span>
     <span class='ocr_line' id='line_1_71' title="bbox 945 2661 1620 2707; baseline 0.003 -15"><span class='ocrx_word' id='word_1_372' title='bbox 945 2662 1016 2693; x_wconf 85' lang='lat' dir='ltr'>VII</span> <span class='ocrx_word' id='word_1_373' title='bbox 1030 2687 1038 2703; x_wconf 72' lang='lat'>⁷</span> <span class='ocrx_word' id='word_1_374' title='bbox 1064 2663 1173 2707; x_wconf 86' lang='lat' dir='ltr'>epigr.</span> <span class='ocrx_word' id='word_1_375' title='bbox 1190 2673 1303 2695; x_wconf 71' lang='lat' dir='ltr'>xcvn1</span> <span class='ocrx_word' id='word_1_376' title='bbox 1318 2688 1325 2700; x_wconf 94' lang='lat'>‚</span> <span class='ocrx_word' id='word_1_377' title='bbox 1347 2675 1396 2694; x_wconf 78' lang='lat' dir='ltr'>vs.</span> <span class='ocrx_word' id='word_1_378' title='bbox 1419 2664 1451 2695; x_wconf 86' lang='lat'>5.</span> <span class='ocrx_word' id='word_1_379' title='bbox 1469 2661 1620 2695; x_wconf 86' lang='lat' dir='ltr'>Pedonis</span> 
     </span>
    </p>
   </div>
   <div class='ocr_carea' id='block_1_8' title="bbox 1327 2725 1411 2777">
    <p class='ocr_par' dir='ltr' id='par_1_14' title="bbox 1327 2725 1411 2777">
     <span class='ocr_line' id='line_1_72' title="bbox 1327 2725 1411 2777; baseline 0 0"><span class='ocrx_word' id='word_1_380' title='bbox 1327 2725 1411 2777; x_wconf 63' lang='lat'>26⁵</span> 
     </span>
    </p>
   </div>
  </div>
 </body>
</html>
