2061 3288
472 262 536 291 c11
771 250 862 292 DE
901 251 1164 296 METRIS
1202 254 1602 298 MARTIALIS.

471 336 554 379 Sed
579 346 679 396 post
703 352 924 398 egressum
953 339 1180 384 redeamus
1207 340 1261 384 ad
1286 341 1503 386 [ambicos
1533 352 1729 398 nostros,
1759 342 1886 388 dime-

471 416 588 449 trum
617 423 774 468 nempe
804 418 847 452 et
875 409 1135 454 trimetrum.
1168 411 1368 455 Diximus
1400 412 1531 456 modo
1562 413 1764 474 subjungi
1795 416 1885 459 Do-

470 476 744 538 (lecasyllabo
765 478 1111 540 Octosyllabum.
1136 482 1387 526 Istiusmodi
1411 493 1475 527 est
1494 485 1762 545 epigramma
1788 484 1885 529 libri

469 549 532 591 XI
560 549 967 610 quinquagesimum
996 568 1183 596 nonum:

681 678 798 714 Senos
821 678 1010 715 Charinus
1033 679 1211 717 omnibus
1233 680 1361 731 digitis
1383 682 1503 731 gerit,

891 746 971 781 Nec
994 753 1105 781 nocte
1128 745 1237 795 ponit
1259 746 1439 792 annulos,

679 810 758 843 Nec
783 821 900 857 quum
925 809 1086 846 lavatur.
1109 811 1231 847 Causa
1251 824 1334 860 quae
1355 811 1421 856 sit,
1439 812 1605 860 quaeritis

889 875 1211 922 Dactyliothecam
1230 889 1306 912 non
1326 875 1453 912 habet.

463 1029 518 1070 II.
547 1030 660 1085 Quae
679 1031 960 1087 pote'ssc'mmn
991 1029 1059 1072 his
1089 1030 1165 1073 vel
1191 1030 1279 1073 z'llc's
1309 1029 1580 1074 carminibus
1605 1030 1876 1089 ffel-antur.

532 1191 648 1232 Rare
680 1192 955 1234 Hexametris
987 1190 1089 1235 solis
1117 1192 1254 1235 utitur
1285 1191 1580 1252 lepidissimus
1610 1201 1740 1253 poeta
1762 1186 1882 1248 (haec

463 1261 576 1304 enim
614 1262 737 1321 Epici
767 1262 971 1305 carminis
1003 1261 1278 1323 dignitatem,
1312 1261 1587 1307 altitudinem
1614 1272 1657 1306 et
1686 1262 1880 1307 sedatam

464 1332 707 1392 emphasim
729 1328 923 1389 decent);
938 1333 1076 1377 utitur
1090 1343 1239 1377 tamen
1258 1333 1518 1394 quibusdam
1536 1334 1580 1377 in
1603 1332 1724 1389 locis,
1747 1334 1881 1378 immo

464 1402 505 1445 id
535 1404 862 1447 usitatissimum
888 1405 1163 1464 pronuntiat,
1184 1403 1255 1448 lib.
1278 1405 1366 1460 VI,
1388 1405 1525 1466 epigr.
1554 1420 1660 1461 LXV,
1686 1421 1774 1465 quo
1798 1405 1881 1465 epi-

463 1476 716 1532 grammatis
747 1470 1194 1534 praecedentis(LX1v)
1215 1485 1402 1519 metrum
1431 1485 1631 1520 excusat:

673 1601 911 1637 Hexametris
928 1600 1161 1651 epigramma
1180 1601 1287 1637 facis!
1306 1601 1384 1637 scio
1405 1600 1531 1637 dicere
1551 1602 1735 1637 Tuccam:

776 1668 924 1710 Tucca,
947 1665 1043 1701 solet
1060 1665 1158 1701 fieri.
1179 1693 1186 1701 .
1206 1694 1212 1699 .
1233 1695 1239 1700 .

461 1792 598 1833 rarius
629 1806 732 1833 vero
757 1790 981 1844 lambicis,
1003 1791 1218 1834 rarissime
1236 1791 1498 1850 Asynarteto
1520 1790 1593 1850 qui
1616 1806 1639 1832 e
1662 1789 1874 1850 Dactylic.

461 1862 644 1904 trimetr.
687 1861 914 1921 trimorph.
952 1871 1060 1905 acat.
1112 1871 1155 1905 et
1186 1860 1345 1905 Troch.
1383 1860 1485 1905 dim.
1529 1869 1611 1904 cat.
1655 1860 1698 1903 in
1738 1859 1873 1920 bisyll.

465 1933 652 1976 Unicum
687 1932 860 1992 quidem
894 1931 979 1975 tale
1012 1934 1113 1975 novi
1146 1932 1187 1975 in
1227 1948 1301 1987 eo,
1332 1930 1437 1974 illud
1477 1947 1634 1991 nempe
1673 1930 1773 1974 libri
1805 1932 1873 1974 III

461 2004 718 2063 vigesimum
747 2004 948 2055 tertium,
979 2003 1095 2063 quod
1126 2003 1256 2047 modo
1279 2001 1661 2046 exscribebamus:

671 2121 746 2155 Has
768 2132 853 2154 cum
876 2119 1025 2167 gemina
1045 2118 1252 2168 compede,
1273 2126 1344 2154 etc.

536 2234 589 2274 At
629 2230 800 2292 Elegis‚
840 2233 1077 2285 scazonte,
1113 2229 1490 2290 Hendecasyllabo
1526 2230 1724 2290 inprimis
1765 2228 1873 2273 dele-

460 2312 613 2345 ctatur.

532 2371 653 2433 Elegi
684 2372 856 2433 quidem
889 2373 1034 2415 omnia
1064 2372 1334 2432 exprimunt,
1360 2381 1402 2414 et
1432 2371 1497 2415 his
1531 2370 1661 2415 modo
1689 2371 1870 2420 Caesari,

464 2453 538 2486 aut
553 2444 646 2487 Diis
659 2479 669 2499 ,
684 2453 758 2487 aut
777 2444 925 2486 amicae
939 2441 1212 2486 callidissime
1224 2441 1424 2486 adulatur
1437 2441 1465 2496 ¹3
1480 2441 1612 2485 modo
1627 2457 1726 2484 cum
1743 2439 1871 2484 Zoilis

650 2591 678 2610 ι,
706 2578 761 2610 On
786 2592 829 2611 ne
851 2588 935 2623 peut
968 2587 1047 2623 trop
1070 2579 1169 2611 louer
1191 2580 1275 2612 trois
1306 2588 1414 2612 sortes
1436 2577 1479 2611 de
1501 2589 1690 2622 personnes
1706 2603 1713 2616 ,

847 2632 911 2664 Les
938 2630 1058 2669 dieta,
1087 2645 1120 2665 sa
1141 2634 1314 2665 maitresse
1332 2640 1363 2664 et
1387 2644 1448 2664 son
1470 2631 1534 2663 roi.

1515 2695 1760 2727 Lxrmvmmn.
