2061 3288
472 213 570 261 256

849 216 910 259 M.
943 217 1084 260 VAL.
1124 217 1220 258 MA
1236 217 1516 260 RTIALIS

955 377 1392 434 LXXXVIII.

938 539 995 569 IN
1036 518 1420 568 ΜΑΜΕΒΕΠΜῩι

533 671 624 715 ΝΠ,
648 670 826 726 recitas,
851 679 894 714 et
914 671 1001 727 vis,
1023 671 1246 715 Mamerce
1261 707 1273 728 ‚
1297 673 1432 715 Poeta
1454 671 1602 715 videri.

609 740 836 802 Quidquid
860 742 924 786 vis
945 751 1061 798 esto,
1083 741 1323 786 dummodo
1346 741 1405 785 nil
1427 743 1592 787 recites.

521 889 536 904 *
564 894 774 940 Perstringit
805 906 934 927 vanum
962 893 1151 940 quemdam

468 947 708 988 Mamercum,
735 947 797 993 qui
829 948 979 993 gloriose
1009 956 1150 993 poetam

469 1013 503 1034 se
530 999 681 1034 subinde
708 1001 876 1046 jactabat,
899 1013 1010 1046 quum
1032 1009 1149 1034 tamen

466 1054 557 1087 nihil
569 1067 724 1100 unquam
739 1055 912 1087 recitaret.
926 1055 1034 1099 Cujus
1053 1055 1149 1100 inge-

468 1107 529 1140 nio
555 1108 603 1141 ita
622 1106 774 1148 diffidit,
796 1116 835 1140 ut
854 1107 1044 1140 molestum
1069 1120 1149 1141 eum

464 1161 542 1193 fore
557 1186 566 1201 ‚
588 1160 616 1193 si
638 1159 725 1206 quid
742 1161 890 1201 recitet,
913 1161 1086 1201 affirmet,
1116 1170 1150 1195 et

467 1214 617 1259 eleganti
635 1215 858 1248 concessione
872 1222 906 1247 et
919 1214 1149 1260 permissione

468 1266 644 1313 quidquid
684 1267 769 1300 velit
798 1280 892 1309 esse,
928 1268 982 1300 vel
1021 1280 1148 1301 nomen

466 1328 579 1365 poetae
596 1321 626 1353 ei
646 1320 833 1362 concedat,
849 1319 1042 1354 dummodo
1057 1321 1147 1354 nihil

467 1373 601 1407 recitet.
621 1375 826 1408 Hamis-osius.

524 1440 555 1460 1.
578 1428 674 1461 Nihil
703 1430 815 1460 recitas
856 1427 893 1460 in
921 1428 1020 1460 Junt.
1052 1439 1146 1460 anno

470 1479 579 1513 1512.
611 1480 741 1513 Caetera
770 1493 842 1513 non
866 1480 1002 1513 variant
1030 1492 1146 1513 exem-

465 1533 575 1577 plaria
606 1533 734 1579 scripta
775 1541 834 1567 aut
871 1533 1050 1579 impressa.
1094 1553 1147 1560 —-

1211 893 1307 926 Olim
1321 902 1432 939 poetae
1448 906 1570 928 recens
1589 894 1791 928 elucubrata
1807 908 1889 941 poe-

1210 955 1302 980 mata
1327 947 1466 992 publice
1484 947 1689 981 recitabant.
1709 948 1888 982 Juvenalis

1210 1008 1272 1034 sat.
1308 1000 1378 1033 VII
1396 1027 1405 1041 ‚
1436 1000 1481 1045 39
1502 1015 1508 1033 :
1549 1017 1562 1030 n
1584 1003 1627 1033 At
1654 1001 1681 1034 si
1702 999 1888 1035 dulcedine

1210 1053 1308 1087 famae
1319 1053 1512 1087 Succensus
1524 1054 1648 1087 recites
1659 1080 1668 1095 ‚
1677 1054 1887 1088 Maculonus

1210 1105 1413 1140 commodat
1435 1105 1544 1149 aedes,
1567 1107 1617 1140 Ac
1638 1107 1741 1153 longe
1761 1108 1888 1141 ferrata

1209 1158 1335 1194 domus
1356 1161 1488 1194 servire
1503 1161 1662 1206 jubetur.
1685 1176 1698 1190 n

1266 1227 1298 1247 2.
1322 1213 1512 1246 Dummodo.
1541 1217 1611 1247 Nos
1635 1214 1730 1246 enim
1755 1213 1887 1260 impor-

1209 1267 1302 1300 tunis
1326 1267 1394 1300 tuis
1422 1267 1688 1300 recitationibus
1713 1278 1885 1300 enecares.

1207 1320 1398 1360 Horatius,
1433 1321 1469 1353 in
1496 1320 1567 1353 fine
1596 1321 1689 1353 Artis
1716 1321 1885 1354 Poeticae:

1213 1391 1226 1403 «
1245 1373 1434 1407 Indoctum
1466 1373 1683 1418 doctumque
1706 1373 1802 1418 fugat
1830 1385 1886 1406 re-

1206 1426 1332 1459 citator
1353 1427 1497 1460 acerbus
1520 1438 1528 1459 :
1553 1426 1669 1467 Quem
1690 1439 1773 1459 vero
1798 1426 1885 1459 arri-

1207 1480 1305 1524 puit,
1330 1488 1427 1513 tenet
1442 1505 1452 1521 ‚
1483 1478 1680 1524 occiditque
1705 1478 1855 1524 legendo
1875 1492 1882 1510 :

1207 1532 1289 1566 Non
1311 1533 1458 1566 missura
1477 1541 1598 1566 cutem
1613 1558 1621 1574 ,
1637 1540 1701 1565 etc.
1724 1549 1737 1562 ι

986 1680 1361 1737 LXXXIX.

976 1845 1033 1873 IN
1084 1822 1381 1873 GAURUM.⁴‘

534 1976 678 2033 QUOD
705 1976 839 2018 nimio
867 1975 1029 2036 gaudes
1056 1984 1231 2019 noctem
1260 1974 1503 2034 producere
1529 1974 1653 2029 vino,

603 2048 792 2107 Ignosco
817 2062 825 2088 :
850 2046 1001 2089 vitium
1019 2082 1030 2102 ⁷
1055 2048 1225 2101 Gaure,
1249 2045 1427 2089 Catonis
1454 2043 1598 2087 habes.

535 2118 739 2161 Carmina
764 2116 882 2177 quod
909 2116 1058 2161 scribis
1082 2117 1221 2160 Musis
1249 2125 1292 2158 et
1315 2113 1514 2176 Apolline
1544 2113 1688 2169 nullo,

604 2188 796 2232 Laudari
825 2187 956 2231 debes
982 2205 990 2229 :
1014 2187 1100 2231 hoc
1127 2187 1352 2232 Ciceronis
1378 2185 1522 2229 hahes.

518 2338 533 2351 *
548 2339 659 2384 Hujus
678 2338 938 2384 epigrammatis
952 2338 1056 2371 lectio
1072 2350 1143 2370 non

465 2392 575 2425 variat
602 2393 638 2424 in
666 2392 766 2424 libris
799 2390 1061 2436 manuscriptis,
1087 2400 1144 2424 aut

464 2445 562 2490 prelo
607 2445 862 2490 typographico
909 2444 1055 2477 excusis.
1093 2465 1144 2470 -—

463 2497 630 2543 Ejusdem
653 2507 702 2531 est
724 2498 918 2544 argumenti
941 2498 1012 2530 fere
1034 2497 1142 2543 epigr.

466 2563 581 2585 vant
598 2551 659 2583 lib.
680 2552 743 2584 IX.

519 2618 553 2637 2.
574 2604 705 2637 Catonis
725 2605 830 2637 habes.
849 2605 971 2637 Horat.
988 2604 1042 2636 III
1056 2628 1065 2643 ‚
1085 2602 1142 2636 od.

465 2670 505 2690 21
528 2671 533 2689 :
561 2675 573 2685 e·
594 2657 765 2690 Narratur
798 2666 831 2690 et
862 2657 965 2701 prisci
997 2656 1139 2690 Catonis

1207 2337 1305 2382 Saepe
1330 2349 1427 2369 mero
1447 2336 1591 2370 caluisse
1611 2336 1733 2369 virtus.
1755 2352 1768 2364 »ι
1789 2335 1882 2368 Vide

1206 2399 1240 2423 et
1261 2390 1353 2423 Plut.
1383 2390 1420 2422 in
1446 2389 1516 2422 vita
1539 2389 1699 2430 Catonis;
1727 2396 1761 2421 et
1788 2388 1879 2421 Plin.

1205 2443 1266 2476 lib.
1290 2444 1362 2485 III,
1387 2443 1498 2488 epigr.
1518 2454 1585 2475 XII.

1262 2500 1293 2537 4.
1311 2496 1385 2528 Hoc
1408 2495 1577 2528 Ciceronis.
1600 2493 1671 2535 Qui
1691 2505 1814 2538 parum
1837 2493 1882 2526 fe-

1205 2550 1319 2583 liciter
1335 2561 1450 2581 musas
1464 2547 1615 2594 poeticas
1628 2554 1679 2580 est
1693 2558 1878 2591 aggressus.

1206 2601 1289 2635 Vid.
1308 2602 1426 2635 Senec.
1441 2601 1542 2645 epist.
1570 2600 1656 2639 108;
1673 2599 1798 2640 Juven.
1818 2608 1878 2632 sat.

1201 2657 1232 2688 X
1244 2682 1251 2694 ,
1264 2668 1296 2688 v.
1318 2667 1330 2687 1
1342 2668 1357 2686 α
1369 2669 1385 2687 2
1406 2667 1413 2685 :
1437 2669 1449 2680 κ
1463 2654 1494 2685 O
1516 2654 1726 2685 fortunatam
1738 2677 1746 2691 ,
1765 2659 1877 2684 natum
