2061 3288
570 224 659 267 DE
698 224 1189 269 SPECTACULIS.

1524 230 1588 288 [19

242 312 417 356 Numen
442 310 573 355 habet
601 311 759 355 Caesar.
785 313 918 356 Sacra
947 320 1011 355 est
1036 312 1101 354 vis
1117 346 1128 365 ‚
1154 327 1276 356 sacra
1300 322 1505 373 potestas.

314 381 490 426 Credite
513 399 521 425 ε
550 383 724 426 mentiri
749 398 839 426 non
865 382 1054 427 didicere
1081 381 1196 427 ferae.

241 513 397 572 Καῖσαρ
424 512 504 572 ἔχει
530 529 571 554 τι
596 508 805 571 σέὲασμα,
835 510 930 570 σάφ’
954 510 1093 564 ἴσατε,
1120 511 1168 553 τὸ
1195 509 1342 571 κράτος
1370 514 1495 555 αὐτοῦ

314 583 441 642 Ιερόν·
470 583 505 625 οἱ
531 581 641 643 θῆρες
669 577 835 640 ψεύδεος
861 578 931 625 εἷσ’
957 576 1108 632 ἀδικεῖς.

729 734 1043 791 ΧΧΧΙΙΙ.

212 884 381 925 ΑΙᾸΙῙΙ),
420 884 548 913 APUD
588 883 844 921 ANTIQUUM
881 884 1141 914 JUVENALIS
1179 883 1512 914 SCHOLIASTEN.
1535 865 1551 882 ψ

242 1011 418 1053 FLAVIA
443 1025 573 1069 gens,
600 1017 811 1068 quantum
839 1008 918 1051 tibi
943 1008 1096 1051 tertius
1119 1007 1297 1053 abstulit
1319 1007 1475 1054 haeres!

313 1081 440 1123 Paene
471 1078 555 1123 fuit
588 1079 722 1133 tanti,
755 1095 845 1122 non
870 1078 1074 1123 habuisse
1102 1078 1224 1123 duos.

252 1237 858 1248 000000000000000000

321 1307 860 1319 οοοοοοοοοοοοοοοο

225 1410 239 1425 '‘
255 1415 332 1448 Hoc
348 1414 605 1460 epigrammatis
616 1414 851 1459 fragmentum

171 1477 308 1502 tantum
331 1480 403 1501 esse
425 1476 568 1514 apparet
588 1479 629 1500 ex
650 1466 851 1501 Scholiastae

176 1521 292 1555 verbis
316 1520 360 1554 ad
379 1521 559 1555 Juvenalis
582 1520 651 1554 Sat.
675 1520 743 1559 IV,
773 1519 819 1561 34
841 1532 849 1554 :

178 1591 191 1604 a
210 1574 375 1608 Meminit
396 1575 465 1608 hoc
494 1574 654 1608 Valerius
681 1573 851 1607 Martialis

173 1628 210 1660 in
223 1628 471 1673 epigrammate
486 1640 494 1661 :
511 1627 566 1660 his
578 1639 663 1660 vero
673 1626 739 1660 sibi
754 1626 850 1660 finit:

176 1681 291 1714 Flavia
305 1693 382 1726 gens
408 1698 421 1710 n
439 1706 447 1723 ‚
467 1689 533 1714 etc.

245 1746 275 1767 1.
318 1734 443 1766 Tertius
483 1733 590 1765 hoeres.
628 1731 851 1766 Domitianus

176 1798 327 1832 nuempe
349 1786 560 1821 inhumanus
589 1793 622 1818 et
644 1785 742 1818 ferox
758 1808 767 1824 ‚
791 1786 852 1830 qui

883 1237 1385 1249 ooooooooooooooo

912 1426 983 1448 suae
1013 1415 1110 1460 genti
1139 1414 1305 1449 dedecori
1336 1417 1415 1451 fuit.
1452 1419 1593 1464 Ubique

911 1467 1023 1513 palam
1050 1468 1253 1503 Domitiano
1279 1470 1444 1516 palpatur
1466 1471 1592 1515 Poeta,

912 1529 1063 1555 attamen
1079 1522 1147 1555 hoc
1162 1523 1241 1556 loco
1254 1523 1354 1557 illum
1371 1525 1593 1559 acerbissime

911 1574 1023 1620 carpit
1036 1587 1044 1608 :
1057 1587 1162 1625 qil-are
1175 1576 1345 1610 Martialis
1358 1590 1430 1611 esse
1442 1578 1500 1611 vix
1517 1591 1593 1612 cre-

910 1626 1073 1661 diderim.

969 1693 1002 1715 2.
1028 1681 1103 1715 Non
1128 1682 1270 1714 habuisse
1293 1682 1382 1715 duos.
1408 1683 1594 1730 Vespasia·

912 1746 996 1766 num
1025 1742 1059 1768 et
1088 1734 1232 1777 Titum,
1260 1735 1410 1769 alterum
1438 1745 1593 1783 patrem,

913 1786 1055 1820 fratrem
1077 1787 1224 1821 alterum
1244 1789 1449 1824 Domitiani.
