2061 3288
436 223 535 276 440

811 219 872 261 Μ.
896 218 1040 263 VAL.
1074 216 1471 260 MARTIALIS

1076 377 1193 432 [SR

947 537 1017 564 An
1066 512 1338 563 mmmm*

646 668 787 720 Luci,
813 663 951 725 gloria
974 672 1225 723 temporum
1256 669 1459 715 tuorum,

648 737 738 795 Qui
763 736 949 780 Graium
973 742 1167 777 veterem
1187 732 1443 791 Tagumque
1467 739 1669 775 nostrum

648 807 778 869 Arpis
805 805 961 850 cedere
987 820 1078 848 non
1103 802 1207 848 sinis
1232 801 1426 857 disertis3

490 957 505 972 *
521 960 675 995 Pulchro
698 960 736 994 in
755 960 903 1006 patriam
927 957 1037 992 amori
1057 969 1119 1003 po-

436 1015 505 1049 tius
523 1027 628 1060 quam
644 1013 800 1047 molliori
819 1012 982 1047 carminis
997 1022 1120 1044 nume·

435 1082 477 1102 ro
521 1067 708 1102 consulens
732 1092 741 1108 ,
778 1066 928 1099 Lucium
977 1072 1118 1110 poetam

436 1122 635 1168 Hispanum
646 1120 689 1155 ad
701 1118 911 1154 celebranda
923 1117 1120 1153 Celtiberiae

435 1175 515 1209 loca
532 1174 703 1208 Martialis
726 1173 932 1207 exhortatur
953 1180 987 1205 et
1004 1182 1120 1204 exem·

435 1229 497 1275 plo
518 1227 622 1262 docet
636 1241 645 1270 3
661 1227 804 1261 duriora
817 1226 912 1259 enim
930 1226 989 1258 illa
1005 1224 1120 1257 nomi-

436 1294 483 1315 na
515 1291 550 1316 et
578 1282 675 1327 quasi
705 1280 911 1314 rebellantia
939 1280 976 1312 in
1001 1290 1121 1312 versus

436 1348 519 1370 suos
531 1336 654 1369 venire
671 1335 763 1380 cogit
782 1333 885 1367 simili
905 1333 1034 1373 labore,
1048 1343 1120 1377 quo

436 1389 571 1422 Bolaeus
593 1396 712 1422 noster
731 1389 767 1421 in
787 1387 889 1433 epist.
912 1387 966 1418 IV
983 1397 990 1418 :

437 1463 473 1487 Et
489 1464 534 1497 qui
547 1469 607 1497 peut
618 1473 676 1487 sans
690 1463 780 1487 he'mir
791 1462 901 1486 aboi-dci·
914 1459 1068 1485 WVobrdcn?

436 1510 501 1540 Quei
528 1519 586 1534 vers
614 1519 646 1534 nc
676 1509 816 1534 tomberait
839 1517 871 1531 au
896 1507 950 1531 seul
977 1516 1038 1530 nom
1067 1506 1097 1528 de

527 1557 669 1582 Heusden?

436 1603 526 1634 Quelle
542 1613 613 1628 muse
625 1603 638 1627 a
654 1604 734 1627 rimer
749 1610 780 1626 en
797 1607 854 1625 tous
869 1599 938 1623 lieux
955 1599 1074 1632 disposcc

437 1652 538 1676 Oserait
552 1650 695 1685 approcher
711 1650 755 1673 des
773 1648 851 1672 bor-ds
864 1647 898 1671 du
912 1644 1067 1670 Zuiderze'e?

437 1698 576 1723 comment
587 1708 618 1722 en
633 1706 691 1722 vers
701 1696 815 1721 heureux
831 1695 944 1727 assicger
956 1694 1121 1726 Docsbourg,

437 1746 559 1779 Zutpheu
569 1764 575 1774 ,
591 1743 793 1778 Ἆ”ῖ13εηίυς1]εη
803 1761 809 1772 ,
834 1742 984 1766 Harderwic
994 1759 1000 1770 ,
1018 1740 1101 1765 Knot-

525 1791 688 1825 zemliourg?
1070 1787 1119 1812 En.

495 1866 526 1888 1.
544 1852 632 1887 Cod.
653 1851 755 1886 Bodl.
776 1861 945 1896 temporum
958 1862 1118 1883 novorum.

437 1908 610 1942 Gruterus
631 1919 672 1939 ex
701 1906 809 1939 Palat.
837 1905 922 1950 legit
950 1911 1117 1948 temporum

435 1962 569 1994 duorum
582 1974 596 2000 ,·
617 1959 789 2006 praeteriti
805 1972 851 1992 sc.
871 1966 905 1991 et
922 1957 1116 2003 praesentis.

436 2036 490 2041 —-
505 2016 604 2054 Luci,
626 2014 755 2058 gloria,
777 2021 842 2046 etc.
862 2011 893 2044 Ο
916 2011 1004 2044 Luci
1022 2037 1030 2052 ,
1053 2024 1118 2044 no·

436 2068 515 2101 hilis
530 2076 632 2114 poeta
647 2093 656 2108 ,
676 2067 739 2113 qui
754 2079 828 2099 non
844 2065 972 2110 pateris
991 2064 1118 2110 Hispa-

435 2121 530 2154 niam
541 2147 549 2162 ,
564 2133 641 2167 quae
658 2129 692 2154 te
709 2120 848 2165 genuit,
864 2119 1002 2164 Apuliae
1019 2117 1118 2151 cede-

435 2186 492 2215 re,
511 2187 588 2220 quae
604 2174 727 2219 genuit
742 2173 929 2207 Horatium
945 2198 953 2214 ‚
966 2181 1030 2205 etc.
1049 2172 1117 2204 Alii

434 2228 641 2273 intelligunt
661 2227 726 2273 qui
744 2226 923 2272 Hispaniae
949 2226 1025 2258 loca
1047 2234 1117 2258 tani

436 2279 568 2315 diserte
595 2281 748 2314 celebras
763 2306 773 2322 ‚
795 2292 899 2325 quam
923 2291 1019 2312 suam
1043 2278 1117 2311 Ho-

435 2334 545 2368 ratius
574 2334 735 2380 Apuliam
751 2346 760 2375 ;
792 2333 853 2379 qui
880 2332 995 2365 miuus
1028 2331 1116 2364 mihi

434 2387 551 2432 placet
571 2400 690 2421 sensus
706 2399 716 2429 3
732 2399 843 2432 quum
871 2385 914 2419 ad
943 2385 1018 2418 haec
1039 2385 1116 2418 loca

434 2439 643 2474 celebranda
663 2441 759 2473 hunc
783 2440 948 2473 hortetur
973 2439 1115 2471 Noster.

433 2493 502 2527 ΕΙ).
511 2515 564 2521 —--
575 2494 665 2527 Luci.
678 2494 759 2526 Fuit
770 2493 833 2526 iste
846 2493 977 2526 Lucius
989 2491 1115 2537 Hispa-

436 2559 505 2580 nus
520 2555 624 2592 poeta
635 2547 777 2591 lyricus,
793 2545 1052 2591 quiHoratiuin
1065 2554 1116 2578 est

435 2600 611 2641 imitatus;
628 2600 692 2632 sub
709 2599 913 2632 Domitiano
933 2598 1068 2632 floruit.

491 2665 524 2686 2.
543 2653 609 2697 Qui
623 2652 767 2687 Gaurum
783 2650 862 2685 Ald.
879 2653 980 2686 Junt.
998 2651 1100 2685 Colin

1177 953 1316 999 Gryph.
1345 951 1443 999 quod
1464 951 1551 986 falso
1578 952 1776 987 attribuunt
1793 954 1857 988 Ju-

1177 1007 1239 1040 nio
1253 1018 1262 1040 ε
1285 1019 1363 1052 quae
1380 1006 1486 1040 lectio
1501 1005 1690 1052 rejicienda
1703 1005 1858 1049 videtur,

1177 1073 1288 1106 quum
1305 1060 1445 1094 Gaurus
1462 1059 1507 1094 sit
1523 1071 1629 1093 mons
1645 1060 1858 1106 Campaniae,

1177 1122 1212 1147 et
1249 1112 1294 1147 de
1329 1113 1498 1159 Hispania
1534 1113 1699 1159 loquatur
1737 1113 1857 1148 Poeta.

1178 1167 1311 1200 Forsan
1351 1175 1467 1200 tamen
1510 1164 1670 1212 ejusdem
1705 1167 1859 1201 nominis

1178 1232 1281 1254 mons
1300 1220 1366 1253 fuit
1384 1219 1421 1252 in
1443 1219 1622 1265 Hispania.
1647 1242 1701 1246 —
1721 1219 1859 1254 Graium

1178 1281 1326 1307 veterem.
1353 1273 1414 1307 Est
1434 1273 1561 1307 Graius
1585 1272 1713 1307 fluvius
1730 1272 1860 1319 Hispa-

1179 1327 1267 1370 niae;
1284 1334 1440 1360 veterem
1456 1334 1558 1360 vocat
1570 1352 1579 1367 ,
1596 1326 1678 1372 quia
1696 1338 1715 1360 a
1730 1327 1859 1360 veteri-

1179 1381 1244 1414 bus
1261 1380 1378 1413 dictus
1394 1388 1467 1413 erat
1486 1379 1627 1419 Graius,
1647 1392 1665 1412 a
1685 1379 1858 1413 recentio-

1179 1433 1276 1466 ribus
1303 1433 1444 1467 vac'us
1469 1433 1583 1466 fuerat
1606 1441 1858 1478 nuncupatus;

1179 1499 1252 1519 non
1276 1486 1381 1530 longe
1409 1486 1453 1519 ab
1477 1485 1546 1518 hoc
1572 1484 1705 1525 fluvio,
1729 1493 1769 1518 ut
1796 1498 1858 1531 ap—

1179 1547 1301 1584 paret,
1319 1547 1422 1572 natus
1435 1539 1548 1572 fuerat
1563 1538 1697 1572 Lucius
1710 1563 1720 1579 ,
1737 1546 1771 1572 et
1786 1547 1860 1573 erat

1179 1605 1198 1624 e
1217 1592 1362 1625 natione
1383 1591 1597 1625 Graviorum
1616 1591 1678 1637 qui
1696 1600 1777 1625 sunt
1793 1604 1859 1638 po-

1182 1645 1257 1691 puli
1274 1645 1447 1678 citerioris
1465 1644 1661 1690 Hispaniae,
1682 1653 1769 1679 teste
1786 1645 1860 1678 Pli-

1179 1698 1239 1731 nio
1255 1725 1265 1739 ,
1285 1698 1348 1732 lib.
1367 1699 1433 1739 IV,
1457 1709 1534 1743 cap.
1566 1710 1625 1731 20.
1649 1719 1700 1724 —
1723 1699 1858 1743 Tagum.

1178 1751 1294 1796 Tagus
1307 1777 1317 1792 ‚
1339 1763 1434 1784 nunc
1457 1751 1539 1796 Tajo
1553 1776 1562 1792 ,
1584 1749 1714 1784 fluvius
1732 1751 1860 1797 Hispa-

1178 1805 1246 1838 niae
1255 1804 1398 1841 nobilis,
1413 1804 1449 1837 in
1463 1803 1612 1838 Castella
1625 1816 1716 1837 nova
1730 1805 1859 1847 oriens,

1178 1870 1282 1903 quam
1301 1866 1411 1891 totam
1431 1858 1530 1890 alluit
1543 1883 1552 1898 ‚
1572 1869 1654 1890 cum
1670 1857 1860 1891 Lusitaniae

1178 1919 1280 1957 parte
1296 1937 1305 1953 ,
1327 1920 1361 1945 et
1378 1910 1514 1944 duabus
1536 1910 1643 1944 leucis
1670 1911 1761 1944 infra
1781 1911 1860 1944 Uli-

1177 1965 1338 2010 siponem
1371 1965 1408 1997 in
1439 1964 1653 1997 Atlanticum
1680 1976 1777 1997 mare
1801 1963 1862 1998 de-

1177 2018 1343 2051 volvitur.
1361 2018 1429 2051 En.

1233 2072 1267 2105 3.
1290 2072 1390 2116 Aiyn's
1412 2070 1518 2103 cedere
1539 2083 1601 2102 non
1619 2071 1696 2102 sinis
1715 2070 1855 2104 disertis.

1177 2124 1258 2157 Non
1287 2124 1370 2157 sinis
1399 2123 1523 2157 cedere
1548 2123 1695 2157 Horatio
1714 2123 1858 2158 diserto,

1179 2177 1284 2223 Arpi,
1297 2178 1476 2223 Arporum
1493 2173 1506 2216 (
1519 2189 1605 2223 quos
1620 2189 1695 2210 non
1710 2177 1858 2210 confun-

1176 2229 1261 2265 dere
1289 2239 1431 2277 oportet
1455 2243 1537 2264 cum
1562 2230 1699 2275 Arpino
1714 2223 1727 2273 )
1742 2256 1751 2273 ,
1770 2230 1856 2264 urbs

1177 2284 1316 2329 Apuliae
1335 2283 1501 2325 Dauniae,
1521 2296 1618 2316 nunc
1638 2282 1768 2317 diruta.
1785 2284 1860 2329 Ap-

1176 2338 1281 2382 pulus
1303 2345 1421 2370 autem
1442 2345 1534 2374 erat,
1559 2345 1660 2370 natus
1681 2337 1856 2378 Venusii,

1175 2390 1342 2424 Horatius
1357 2417 1366 2432 ,
1385 2390 1442 2423 vel
1465 2390 1580 2423 forsan
1603 2398 1721 2422 tamen
1743 2390 1859 2423 Luca·

1175 2456 1241 2476 nus
1254 2469 1262 2484 ,
1280 2444 1329 2477 sic
1349 2451 1390 2476 ut·
1418 2443 1492 2488 ipse
1513 2442 1632 2488 lepide
1649 2442 1717 2484 ait,
1737 2451 1798 2475 sat.
1815 2443 1834 2474 I
1848 2467 1859 2484 ‚

1175 2497 1234 2529 lib.
1255 2498 1291 2529 II
1307 2510 1315 2529 z
1334 2514 1347 2526 «
1362 2497 1522 2530 Lucanus
1539 2509 1582 2529 an
1603 2496 1763 2541 Appulus
1776 2521 1784 2536 ‚
1801 2507 1860 2528 an-

1176 2560 1258 2594 ceps
1285 2562 1293 2582 :
1325 2549 1415 2583 Nam
1437 2549 1638 2583 Venusinus
1657 2556 1731 2582 arat
1748 2548 1858 2581 finem

1175 2603 1242 2635 sub
1261 2610 1449 2648 utrumque
1473 2602 1618 2635 colonus
1635 2627 1644 2643 ,
1668 2601 1794 2634 Missus
1814 2599 1858 2633 ad

1174 2655 1243 2688 hoc
1259 2656 1367 2700 pulsis
1379 2678 1389 2695 ,
1410 2664 1513 2689 vetus
1529 2664 1577 2688 est
1604 2663 1642 2689 ut
1667 2654 1755 2687 fama
1769 2680 1778 2695 ‚
1797 2653 1857 2687 Sao
