<?xml version="1.0" encoding="UTF-8"?>
<!DOCTYPE html PUBLIC "-//W3C//DTD XHTML 1.0 Transitional//EN"
    "http://www.w3.org/TR/xhtml1/DTD/xhtml1-transitional.dtd">
<html xmlns="http://www.w3.org/1999/xhtml" xml:lang="en" lang="en">
 <head>
  <title>
</title>
<meta http-equiv="Content-Type" content="text/html;charset=utf-8" />
  <meta name='ocr-system' content='tesseract 3.04.00' />
  <meta name='ocr-capabilities' content='ocr_page ocr_carea ocr_par ocr_line ocrx_word'/>
</head>
<body>
  <div class='ocr_page' id='page_1' title='image "./epigrammata01martuoft_0416.png"; bbox 0 0 2061 3288; ppageno 0'>
   <div class='ocr_carea' id='block_1_1' title="bbox 522 223 1519 271">
    <p class='ocr_par' dir='ltr' id='par_1_1' title="bbox 522 223 1519 271">
     <span class='ocr_line' id='line_1_1' title="bbox 522 223 1519 271; baseline 0.003 -4"><span class='ocrx_word' id='word_1_1' title='bbox 522 223 539 235; x_wconf 64' lang='grc'><strong><em>”</em></strong></span> <span class='ocrx_word' id='word_1_2' title='bbox 861 227 923 269; x_wconf 82' lang='lat' dir='ltr'>M.</span> <span class='ocrx_word' id='word_1_3' title='bbox 947 226 1089 270; x_wconf 84' lang='lat' dir='ltr'><strong>VAL.</strong></span> <span class='ocrx_word' id='word_1_4' title='bbox 1129 227 1519 271; x_wconf 85' lang='lat' dir='ltr'><strong>MARTIALIS</strong></span> 
     </span>
    </p>
   </div>
   <div class='ocr_carea' id='block_1_2' title="bbox 480 240 577 268">
    <p class='ocr_par' dir='ltr' id='par_1_2' title="bbox 480 240 577 268">
     <span class='ocr_line' id='line_1_2' title="bbox 480 240 577 268; baseline 0 -1"><span class='ocrx_word' id='word_1_5' title='bbox 480 240 577 268; x_wconf 65' lang='lat'>5200</span> 
     </span>
    </p>
   </div>
   <div class='ocr_carea' id='block_1_3' title="bbox 685 312 1894 515">
    <p class='ocr_par' dir='ltr' id='par_1_3' title="bbox 685 312 1894 515">
     <span class='ocr_line' id='line_1_3' title="bbox 693 312 1520 374; baseline 0.004 -20"><span class='ocrx_word' id='word_1_6' title='bbox 693 312 856 356; x_wconf 84' lang='lat' dir='ltr'><strong>Trunci</strong></span> <span class='ocrx_word' id='word_1_7' title='bbox 876 312 1054 357; x_wconf 85' lang='lat' dir='ltr'>naribus</span> <span class='ocrx_word' id='word_1_8' title='bbox 1075 313 1337 374; x_wconf 81' lang='lat' dir='ltr'>auribusque</span> <span class='ocrx_word' id='word_1_9' title='bbox 1361 312 1520 357; x_wconf 86' lang='lat' dir='ltr'>vultus.</span> 
     </span>
     <span class='ocr_line' id='line_1_4' title="bbox 687 382 1465 428; baseline 0.003 -3"><span class='ocrx_word' id='word_1_10' title='bbox 687 382 842 427; x_wconf 83' lang='lat' dir='ltr'>Credis</span> <span class='ocrx_word' id='word_1_11' title='bbox 864 392 906 427; x_wconf 85' lang='lat' dir='ltr'>te</span> <span class='ocrx_word' id='word_1_12' title='bbox 927 385 1028 427; x_wconf 81' lang='lat' dir='ltr'>satis</span> <span class='ocrx_word' id='word_1_13' title='bbox 1052 400 1143 427; x_wconf 86' lang='lat' dir='ltr'>esse</span> <span class='ocrx_word' id='word_1_14' title='bbox 1165 383 1465 428; x_wconf 79' lang='lat' dir='ltr'>vindicatum?</span> 
     </span>
     <span class='ocr_line' id='line_1_5' title="bbox 685 454 1894 515; baseline 0.003 -19"><span class='ocrx_word' id='word_1_15' title='bbox 685 454 848 498; x_wconf 85' lang='lat' dir='ltr'>Erras:</span> <span class='ocrx_word' id='word_1_16' title='bbox 881 455 959 498; x_wconf 87' lang='lat' dir='ltr'>iste</span> <span class='ocrx_word' id='word_1_17' title='bbox 989 464 1133 515; x_wconf 86' lang='lat' dir='ltr'>potest</span> <span class='ocrx_word' id='word_1_18' title='bbox 1162 464 1205 498; x_wconf 87' lang='lat' dir='ltr'>et</span> <span class='ocrx_word' id='word_1_19' title='bbox 1232 455 1456 498; x_wconf 82' lang='lat' dir='ltr'>irrumare.</span> <span class='ocrx_word' id='word_1_20' title='bbox 1881 477 1894 500; x_wconf 82' lang='lat'>5</span> 
     </span>
    </p>
   </div>
   <div class='ocr_carea' id='block_1_4' title="bbox 470 588 1154 741">
    <p class='ocr_par' dir='ltr' id='par_1_4' title="bbox 470 588 1154 741">
     <span class='ocr_line' id='line_1_6' title="bbox 473 588 1150 634; baseline 0.003 -13"><span class='ocrx_word' id='word_1_21' title='bbox 473 588 668 633; x_wconf 84' lang='lat' dir='ltr'>requiritur</span> <span class='ocrx_word' id='word_1_22' title='bbox 710 590 810 634; x_wconf 32' lang='lat' dir='ltr'>prio-1=</span> <span class='ocrx_word' id='word_1_23' title='bbox 852 589 975 623; x_wconf 88' lang='lat' dir='ltr'>moechi</span> <span class='ocrx_word' id='word_1_24' title='bbox 1018 590 1150 627; x_wconf 85' lang='lat' dir='ltr'>forma,</span> 
     </span>
     <span class='ocr_line' id='line_1_7' title="bbox 473 643 1154 689; baseline 0.004 -15"><span class='ocrx_word' id='word_1_25' title='bbox 473 654 584 686; x_wconf 89' lang='lat' dir='ltr'>quum</span> <span class='ocrx_word' id='word_1_26' title='bbox 611 655 691 676; x_wconf 86' lang='lat' dir='ltr'>sana</span> <span class='ocrx_word' id='word_1_27' title='bbox 711 643 762 675; x_wconf 89' lang='lat' dir='ltr'>illi</span> <span class='ocrx_word' id='word_1_28' title='bbox 791 643 944 688; x_wconf 85' lang='lat' dir='ltr'>supersit</span> <span class='ocrx_word' id='word_1_29' title='bbox 974 655 1056 689; x_wconf 85' lang='lat' dir='ltr'>pars</span> <span class='ocrx_word' id='word_1_30' title='bbox 1083 656 1154 689; x_wconf 86' lang='lat' dir='ltr'>qua</span> 
     </span>
     <span class='ocr_line' id='line_1_8' title="bbox 470 696 1154 741; baseline 0.003 -13"><span class='ocrx_word' id='word_1_31' title='bbox 470 706 617 739; x_wconf 85' lang='lat' dir='ltr'>peccare</span> <span class='ocrx_word' id='word_1_32' title='bbox 660 696 796 741; x_wconf 68' lang='lat' dir='ltr'>possit7</span> <span class='ocrx_word' id='word_1_33' title='bbox 826 705 861 730; x_wconf 88' lang='lat' dir='ltr'>et</span> <span class='ocrx_word' id='word_1_34' title='bbox 900 697 991 730; x_wconf 73' lang='lat' dir='ltr'>torte</span> <span class='ocrx_word' id='word_1_35' title='bbox 1026 696 1154 731; x_wconf 84' lang='lat' dir='ltr'>foedius</span> 
     </span>
    </p>
   </div>
   <div class='ocr_carea' id='block_1_5' title="bbox 1213 590 1895 691">
    <p class='ocr_par' dir='ltr' id='par_1_5' title="bbox 1213 590 1895 691">
     <span class='ocr_line' id='line_1_9' title="bbox 1214 590 1895 638; baseline 0.003 -15"><span class='ocrx_word' id='word_1_36' title='bbox 1214 602 1319 636; x_wconf 82' lang='lat' dir='ltr'>quam</span> <span class='ocrx_word' id='word_1_37' title='bbox 1347 599 1457 624; x_wconf 83' lang='lat' dir='ltr'>antea.</span> <span class='ocrx_word' id='word_1_38' title='bbox 1477 590 1561 624; x_wconf 82' lang='lat' dir='ltr'>Vid.</span> <span class='ocrx_word' id='word_1_39' title='bbox 1587 603 1664 637; x_wconf 87' lang='lat' dir='ltr'>sup.</span> <span class='ocrx_word' id='word_1_40' title='bbox 1696 591 1805 638; x_wconf 84' lang='lat' dir='ltr'>epigr.</span> <span class='ocrx_word' id='word_1_41' title='bbox 1830 605 1895 634; x_wconf 76' lang='lat' dir='ltr'>Lx,</span> 
     </span>
     <span class='ocr_line' id='line_1_10' title="bbox 1213 643 1894 691; baseline 0.003 -14"><span class='ocrx_word' id='word_1_42' title='bbox 1213 656 1263 677; x_wconf 88' lang='lat' dir='ltr'>vs.</span> <span class='ocrx_word' id='word_1_43' title='bbox 1285 643 1304 676; x_wconf 88' lang='grc'>3</span> <span class='ocrx_word' id='word_1_44' title='bbox 1315 656 1326 685; x_wconf 86' lang='grc'><strong>;</strong></span> <span class='ocrx_word' id='word_1_45' title='bbox 1339 652 1374 677; x_wconf 87' lang='lat' dir='ltr'>et</span> <span class='ocrx_word' id='word_1_46' title='bbox 1383 644 1492 690; x_wconf 83' lang='lat' dir='ltr'>epigr.</span> <span class='ocrx_word' id='word_1_47' title='bbox 1507 657 1619 678; x_wconf 76' lang='lat' dir='ltr'>Lxxxv</span> <span class='ocrx_word' id='word_1_48' title='bbox 1632 645 1694 678; x_wconf 83' lang='lat' dir='ltr'>lib.</span> <span class='ocrx_word' id='word_1_49' title='bbox 1712 646 1765 678; x_wconf 91' lang='lat' dir='ltr'>III</span> <span class='ocrx_word' id='word_1_50' title='bbox 1776 670 1785 687; x_wconf 82' lang='lat'><em>‚</em></span> <span class='ocrx_word' id='word_1_51' title='bbox 1798 644 1894 691; x_wconf 89' lang='lat' dir='ltr'>quod</span> 
     </span>
    </p>
   </div>
   <div class='ocr_carea' id='block_1_6' title="bbox 1213 696 1838 743">
    <p class='ocr_par' dir='ltr' id='par_1_6' title="bbox 1213 696 1838 743">
     <span class='ocr_line' id='line_1_11' title="bbox 1213 696 1838 743; baseline 0.002 -13"><span class='ocrx_word' id='word_1_52' title='bbox 1213 696 1370 742; x_wconf 79' lang='lat' dir='ltr'>ejusdem</span> <span class='ocrx_word' id='word_1_53' title='bbox 1392 698 1588 743; x_wconf 84' lang='lat' dir='ltr'>argumenti</span> <span class='ocrx_word' id='word_1_54' title='bbox 1607 698 1754 732; x_wconf 88' lang='lat' dir='ltr'>omnino</span> <span class='ocrx_word' id='word_1_55' title='bbox 1775 707 1838 733; x_wconf 85' lang='lat' dir='ltr'>est.</span> 
     </span>
    </p>
   </div>
   <div class='ocr_carea' id='block_1_7' title="bbox 1014 834 1350 892">
    <p class='ocr_par' dir='ltr' id='par_1_7' title="bbox 1014 834 1350 892">
     <span class='ocr_line' id='line_1_12' title="bbox 1014 834 1350 892; baseline 0.009 -3"><span class='ocrx_word' id='word_1_56' title='bbox 1014 834 1350 892; x_wconf 85' lang='lat' dir='ltr'>LXXXIV.</span> 
     </span>
    </p>
   </div>
   <div class='ocr_carea' id='block_1_8' title="bbox 953 991 1411 1020">
    <p class='ocr_par' dir='ltr' id='par_1_8' title="bbox 953 991 1411 1020">
     <span class='ocr_line' id='line_1_13' title="bbox 953 991 1411 1020; baseline 0 -1"><span class='ocrx_word' id='word_1_57' title='bbox 953 992 1010 1019; x_wconf 88' lang='lat' dir='ltr'>IN</span> <span class='ocrx_word' id='word_1_58' title='bbox 1058 991 1411 1020; x_wconf 82' lang='lat' dir='ltr'>SERTORIUM.</span> 
     </span>
    </p>
   </div>
   <div class='ocr_carea' id='block_1_9' title="bbox 541 1113 1698 1389">
    <p class='ocr_par' dir='ltr' id='par_1_9' title="bbox 543 1113 1663 1231">
     <span class='ocr_line' id='line_1_14' title="bbox 543 1113 1663 1175; baseline 0.002 -17"><span class='ocrx_word' id='word_1_59' title='bbox 543 1116 731 1160; x_wconf 85' lang='lat' dir='ltr'>MoLLls</span> <span class='ocrx_word' id='word_1_60' title='bbox 755 1124 872 1171; x_wconf 83' lang='lat' dir='ltr'>erat,</span> <span class='ocrx_word' id='word_1_61' title='bbox 895 1113 1116 1175; x_wconf 82' lang='lat' dir='ltr'>facilisque</span> <span class='ocrx_word' id='word_1_62' title='bbox 1138 1115 1240 1159; x_wconf 82' lang='lat' dir='ltr'>viris</span> <span class='ocrx_word' id='word_1_63' title='bbox 1266 1116 1480 1161; x_wconf 85' lang='lat' dir='ltr'>Paeantius</span> <span class='ocrx_word' id='word_1_64' title='bbox 1506 1116 1634 1160; x_wconf 86' lang='lat' dir='ltr'>heros</span> <span class='ocrx_word' id='word_1_65' title='bbox 1655 1134 1663 1160; x_wconf 89' lang='lat'><strong>:</strong></span> 
     </span>
     <span class='ocr_line' id='line_1_15' title="bbox 614 1184 1564 1231; baseline 0 -1"><span class='ocrx_word' id='word_1_66' title='bbox 614 1184 808 1230; x_wconf 83' lang='lat' dir='ltr'>Vulnera</span> <span class='ocrx_word' id='word_1_67' title='bbox 835 1186 896 1230; x_wconf 86' lang='lat' dir='ltr'>sic</span> <span class='ocrx_word' id='word_1_68' title='bbox 919 1186 1084 1230; x_wconf 84' lang='lat' dir='ltr'>Paridis</span> <span class='ocrx_word' id='word_1_69' title='bbox 1108 1186 1266 1230; x_wconf 85' lang='lat' dir='ltr'>dicitur</span> <span class='ocrx_word' id='word_1_70' title='bbox 1288 1185 1380 1230; x_wconf 82' lang='lat' dir='ltr'>ulta</span> <span class='ocrx_word' id='word_1_71' title='bbox 1402 1189 1564 1231; x_wconf 87' lang='lat' dir='ltr'>Venus.</span> 
     </span>
    </p>

    <p class='ocr_par' dir='ltr' id='par_1_10' title="bbox 541 1256 1698 1389">
     <span class='ocr_line' id='line_1_16' title="bbox 541 1256 1698 1318; baseline 0.002 -19"><span class='ocrx_word' id='word_1_72' title='bbox 541 1258 633 1300; x_wconf 86' lang='lat' dir='ltr'>Cur</span> <span class='ocrx_word' id='word_1_73' title='bbox 657 1256 793 1318; x_wconf 82' lang='lat' dir='ltr'>lingat</span> <span class='ocrx_word' id='word_1_74' title='bbox 816 1274 1010 1301; x_wconf 87' lang='lat' dir='ltr'>cunnum</span> <span class='ocrx_word' id='word_1_75' title='bbox 1038 1256 1208 1301; x_wconf 83' lang='lat' dir='ltr'>Siculus</span> <span class='ocrx_word' id='word_1_76' title='bbox 1231 1258 1468 1313; x_wconf 82' lang='lat' dir='ltr'>Sertorius,</span> <span class='ocrx_word' id='word_1_77' title='bbox 1494 1258 1578 1301; x_wconf 91' lang='lat' dir='ltr'>hoc</span> <span class='ocrx_word' id='word_1_78' title='bbox 1605 1267 1669 1302; x_wconf 88' lang='lat' dir='ltr'>est</span> <span class='ocrx_word' id='word_1_79' title='bbox 1691 1275 1698 1301; x_wconf 90' lang='lat'>:</span> 
     </span>
     <span class='ocr_line' id='line_1_17' title="bbox 611 1327 1517 1389; baseline 0.001 -18"><span class='ocrx_word' id='word_1_80' title='bbox 611 1330 677 1371; x_wconf 78' lang='lat' dir='ltr'>Ex</span> <span class='ocrx_word' id='word_1_81' title='bbox 704 1328 789 1371; x_wconf 90' lang='lat' dir='ltr'>hoc</span> <span class='ocrx_word' id='word_1_82' title='bbox 815 1329 1009 1384; x_wconf 82' lang='lat' dir='ltr'>occisus,</span> <span class='ocrx_word' id='word_1_83' title='bbox 1032 1327 1170 1384; x_wconf 82' lang='lat' dir='ltr'>Rufe,</span> <span class='ocrx_word' id='word_1_84' title='bbox 1188 1328 1362 1372; x_wconf 73' lang='lat' dir='ltr'>videtur</span> <span class='ocrx_word' id='word_1_85' title='bbox 1387 1331 1517 1389; x_wconf 69' lang='lat' dir='ltr'>Eryx.</span> 
     </span>
    </p>
   </div>
   <div class='ocr_carea' id='block_1_10' title="bbox 466 1465 1151 2470">
    <p class='ocr_par' dir='ltr' id='par_1_11' title="bbox 467 1465 1151 2245">
     <span class='ocr_line' id='line_1_18' title="bbox 528 1465 1151 1511; baseline -0.002 -12"><span class='ocrx_word' id='word_1_86' title='bbox 528 1478 558 1499; x_wconf 92' lang='lat'>1.</span> <span class='ocrx_word' id='word_1_87' title='bbox 573 1466 704 1506; x_wconf 73' lang='lat' dir='ltr'>Mollis,</span> <span class='ocrx_word' id='word_1_88' title='bbox 723 1478 785 1499; x_wconf 87' lang='lat' dir='ltr'>seu</span> <span class='ocrx_word' id='word_1_89' title='bbox 803 1465 974 1511; x_wconf 82' lang='lat' dir='ltr'>pathicus.</span> <span class='ocrx_word' id='word_1_90' title='bbox 993 1465 1151 1511; x_wconf 82' lang='lat' dir='ltr'>Fingunt</span> 
     </span>
     <span class='ocr_line' id='line_1_19' title="bbox 471 1519 1150 1564; baseline -0.001 -12"><span class='ocrx_word' id='word_1_91' title='bbox 471 1519 585 1552; x_wconf 81' lang='lat' dir='ltr'>Poetae</span> <span class='ocrx_word' id='word_1_92' title='bbox 601 1546 610 1561; x_wconf 85' lang='lat'>‚</span> <span class='ocrx_word' id='word_1_93' title='bbox 636 1520 815 1552; x_wconf 69' lang='lat' dir='ltr'>Venerem</span> <span class='ocrx_word' id='word_1_94' title='bbox 845 1519 955 1552; x_wconf 87' lang='lat' dir='ltr'>solere</span> <span class='ocrx_word' id='word_1_95' title='bbox 987 1519 1150 1564; x_wconf 85' lang='lat' dir='ltr'>turpibus</span> 
     </span>
     <span class='ocr_line' id='line_1_20' title="bbox 469 1571 1149 1617; baseline 0 -11"><span class='ocrx_word' id='word_1_96' title='bbox 469 1572 650 1606; x_wconf 83' lang='lat' dir='ltr'>amoribus</span> <span class='ocrx_word' id='word_1_97' title='bbox 668 1571 848 1606; x_wconf 86' lang='lat' dir='ltr'>vindicare</span> <span class='ocrx_word' id='word_1_98' title='bbox 867 1571 1011 1617; x_wconf 85' lang='lat' dir='ltr'>injurias</span> <span class='ocrx_word' id='word_1_99' title='bbox 1030 1572 1096 1605; x_wconf 89' lang='lat' dir='ltr'>sibi</span> <span class='ocrx_word' id='word_1_100' title='bbox 1112 1585 1149 1606; x_wconf 86' lang='lat' dir='ltr'>ac</span> 
     </span>
     <span class='ocr_line' id='line_1_21' title="bbox 469 1625 1149 1668; baseline 0.001 -11"><span class='ocrx_word' id='word_1_101' title='bbox 469 1625 540 1658; x_wconf 89' lang='lat' dir='ltr'>suis</span> <span class='ocrx_word' id='word_1_102' title='bbox 554 1625 677 1659; x_wconf 86' lang='lat' dir='ltr'>illatas.</span> <span class='ocrx_word' id='word_1_103' title='bbox 689 1625 825 1667; x_wconf 85' lang='lat' dir='ltr'>Quare,</span> <span class='ocrx_word' id='word_1_104' title='bbox 844 1625 892 1668; x_wconf 83' lang='lat' dir='ltr'>si,</span> <span class='ocrx_word' id='word_1_105' title='bbox 912 1634 951 1658; x_wconf 90' lang='lat' dir='ltr'>ut</span> <span class='ocrx_word' id='word_1_106' title='bbox 970 1625 1078 1659; x_wconf 82' lang='lat' dir='ltr'>refert</span> <span class='ocrx_word' id='word_1_107' title='bbox 1092 1625 1149 1658; x_wconf 88' lang='lat' dir='ltr'>in-</span> 
     </span>
     <span class='ocr_line' id='line_1_22' title="bbox 470 1677 1147 1724; baseline -0.001 -12"><span class='ocrx_word' id='word_1_108' title='bbox 470 1686 604 1724; x_wconf 87' lang='lat' dir='ltr'>terpres</span> <span class='ocrx_word' id='word_1_109' title='bbox 639 1677 860 1724; x_wconf 77' lang='lat' dir='ltr'>Thucydidis</span> <span class='ocrx_word' id='word_1_110' title='bbox 891 1677 935 1712; x_wconf 88' lang='lat' dir='ltr'>ad</span> <span class='ocrx_word' id='word_1_111' title='bbox 961 1678 1091 1711; x_wconf 90' lang='lat' dir='ltr'>librum</span> <span class='ocrx_word' id='word_1_112' title='bbox 1107 1679 1147 1721; x_wconf 89' lang='grc' dir='ltr'>Ι,</span> 
     </span>
     <span class='ocr_line' id='line_1_23' title="bbox 469 1731 1150 1777; baseline 0 -13"><span class='ocrx_word' id='word_1_113' title='bbox 469 1731 719 1774; x_wconf 85' lang='lat' dir='ltr'>Philoctetem‚</span> <span class='ocrx_word' id='word_1_114' title='bbox 742 1731 840 1777; x_wconf 87' lang='lat' dir='ltr'>quod</span> <span class='ocrx_word' id='word_1_115' title='bbox 859 1731 1073 1765; x_wconf 85' lang='lat' dir='ltr'>interfecerit</span> <span class='ocrx_word' id='word_1_116' title='bbox 1088 1731 1150 1764; x_wconf 79' lang='lat' dir='ltr'>Pa-</span> 
     </span>
     <span class='ocr_line' id='line_1_24' title="bbox 471 1784 1148 1829; baseline 0 -11"><span class='ocrx_word' id='word_1_117' title='bbox 471 1784 603 1826; x_wconf 87' lang='lat' dir='ltr'>ridem,</span> <span class='ocrx_word' id='word_1_118' title='bbox 623 1786 696 1818; x_wconf 87' lang='lat' dir='ltr'>ulta</span> <span class='ocrx_word' id='word_1_119' title='bbox 717 1785 786 1818; x_wconf 84' lang='lat' dir='ltr'>fuit</span> <span class='ocrx_word' id='word_1_120' title='bbox 809 1786 933 1817; x_wconf 86' lang='lat' dir='ltr'>Venus</span> <span class='ocrx_word' id='word_1_121' title='bbox 950 1785 1015 1818; x_wconf 85' lang='lat' dir='ltr'>hac</span> <span class='ocrx_word' id='word_1_122' title='bbox 1033 1797 1148 1829; x_wconf 85' lang='lat' dir='ltr'>poena,</span> 
     </span>
     <span class='ocr_line' id='line_1_25' title="bbox 470 1832 1149 1883; baseline -0.001 -12"><span class='ocrx_word' id='word_1_123' title='bbox 470 1846 509 1871; x_wconf 89' lang='lat' dir='ltr'>ut</span> <span class='ocrx_word' id='word_1_124' title='bbox 529 1838 689 1883; x_wconf 77' lang='lat' dir='ltr'>pathicus</span> <span class='ocrx_word' id='word_1_125' title='bbox 711 1848 821 1878; x_wconf 79' lang='lat' dir='ltr'>esset3</span> <span class='ocrx_word' id='word_1_126' title='bbox 848 1836 954 1871; x_wconf 86' lang='lat' dir='ltr'>credo</span> <span class='ocrx_word' id='word_1_127' title='bbox 979 1850 1044 1883; x_wconf 88' lang='lat' dir='ltr'>ego</span> <span class='ocrx_word' id='word_1_128' title='bbox 1069 1832 1149 1883; x_wconf 85' lang='lat' dir='ltr'>(jo-</span> 
     </span>
     <span class='ocr_line' id='line_1_26' title="bbox 469 1890 1149 1932; baseline -0.003 -7"><span class='ocrx_word' id='word_1_129' title='bbox 469 1901 567 1925; x_wconf 82' lang='lat' dir='ltr'>catur</span> <span class='ocrx_word' id='word_1_130' title='bbox 600 1890 729 1932; x_wconf 84' lang='lat' dir='ltr'>Poeta)</span> <span class='ocrx_word' id='word_1_131' title='bbox 761 1891 956 1924; x_wconf 86' lang='lat' dir='ltr'>Sertorium</span> <span class='ocrx_word' id='word_1_132' title='bbox 995 1891 1149 1924; x_wconf 70' lang='lat' dir='ltr'>Siculum</span> 
     </span>
     <span class='ocr_line' id='line_1_27' title="bbox 469 1944 1149 1978; baseline -0.003 0"><span class='ocrx_word' id='word_1_133' title='bbox 469 1944 683 1978; x_wconf 74' lang='lat' dir='ltr'>interfecisse</span> <span class='ocrx_word' id='word_1_134' title='bbox 729 1954 1000 1978; x_wconf 81' lang='lat' dir='ltr'>conterraneum</span> <span class='ocrx_word' id='word_1_135' title='bbox 1045 1957 1149 1977; x_wconf 77' lang='lat' dir='ltr'>suuni</span> 
     </span>
     <span class='ocr_line' id='line_1_28' title="bbox 468 1997 1149 2044; baseline 0 -14"><span class='ocrx_word' id='word_1_136' title='bbox 468 1999 616 2044; x_wconf 60' lang='lat' dir='ltr'>Erycem</span> <span class='ocrx_word' id='word_1_137' title='bbox 630 2026 638 2038; x_wconf 92' lang='lat'><em>‚</em></span> <span class='ocrx_word' id='word_1_138' title='bbox 665 1998 814 2031; x_wconf 64' lang='lat' dir='ltr'>Veneris</span> <span class='ocrx_word' id='word_1_139' title='bbox 835 1997 948 2030; x_wconf 86' lang='lat' dir='ltr'>filium</span> <span class='ocrx_word' id='word_1_140' title='bbox 968 2011 976 2038; x_wconf 90' lang='lat'>;</span> <span class='ocrx_word' id='word_1_141' title='bbox 998 2010 1149 2043; x_wconf 84' lang='lat' dir='ltr'>namque</span> 
     </span>
     <span class='ocr_line' id='line_1_29' title="bbox 468 2050 1148 2097; baseline 0 -14"><span class='ocrx_word' id='word_1_142' title='bbox 468 2051 567 2085; x_wconf 74' lang='lat' dir='ltr'>illuni</span> <span class='ocrx_word' id='word_1_143' title='bbox 582 2064 653 2085; x_wconf 85' lang='lat' dir='ltr'>nou</span> <span class='ocrx_word' id='word_1_144' title='bbox 667 2051 788 2084; x_wconf 82' lang='lat' dir='ltr'>leviori</span> <span class='ocrx_word' id='word_1_145' title='bbox 805 2050 1033 2096; x_wconf 80' lang='lat' dir='ltr'>turpitudinis</span> <span class='ocrx_word' id='word_1_146' title='bbox 1048 2063 1148 2097; x_wconf 86' lang='lat' dir='ltr'>poena</span> 
     </span>
     <span class='ocr_line' id='line_1_30' title="bbox 467 2105 1147 2144; baseline 0 -7"><span class='ocrx_word' id='word_1_147' title='bbox 467 2105 557 2138; x_wconf 85' lang='lat' dir='ltr'>male</span> <span class='ocrx_word' id='word_1_148' title='bbox 592 2105 773 2139; x_wconf 77' lang='lat' dir='ltr'>mulctavit</span> <span class='ocrx_word' id='word_1_149' title='bbox 809 2106 953 2144; x_wconf 71' lang='lat' dir='ltr'>Venus,</span> <span class='ocrx_word' id='word_1_150' title='bbox 993 2113 1056 2137; x_wconf 88' lang='lat' dir='ltr'>etc.</span> <span class='ocrx_word' id='word_1_151' title='bbox 1095 2125 1147 2130; x_wconf 91' lang='lat'>-—</span> 
     </span>
     <span class='ocr_line' id='line_1_31' title="bbox 468 2157 1149 2198; baseline 0 -9"><span class='ocrx_word' id='word_1_152' title='bbox 468 2159 631 2191; x_wconf 67' lang='lat' dir='ltr'>Paeantius</span> <span class='ocrx_word' id='word_1_153' title='bbox 662 2159 760 2191; x_wconf 71' lang='lat' dir='ltr'>liet-os.</span> <span class='ocrx_word' id='word_1_154' title='bbox 790 2157 1002 2190; x_wconf 83' lang='lat' dir='ltr'>Philoctetes</span> <span class='ocrx_word' id='word_1_155' title='bbox 1020 2183 1029 2198; x_wconf 90' lang='lat'>‚</span> <span class='ocrx_word' id='word_1_156' title='bbox 1056 2157 1149 2190; x_wconf 85' lang='lat' dir='ltr'>filius</span> 
     </span>
     <span class='ocr_line' id='line_1_32' title="bbox 470 2211 626 2245; baseline 0.006 -2"><span class='ocrx_word' id='word_1_157' title='bbox 470 2211 626 2245; x_wconf 85' lang='lat' dir='ltr'>Paeantis.</span> 
     </span>
    </p>

    <p class='ocr_par' dir='ltr' id='par_1_12' title="bbox 466 2263 1146 2470">
     <span class='ocr_line' id='line_1_33' title="bbox 524 2263 1146 2305; baseline -0.005 -7"><span class='ocrx_word' id='word_1_158' title='bbox 524 2269 556 2305; x_wconf 61' lang='lat' dir='ltr'>l}-</span> <span class='ocrx_word' id='word_1_159' title='bbox 593 2265 674 2298; x_wconf 86' lang='lat' dir='ltr'>Non</span> <span class='ocrx_word' id='word_1_160' title='bbox 706 2265 795 2297; x_wconf 88' lang='lat' dir='ltr'>hene</span> <span class='ocrx_word' id='word_1_161' title='bbox 830 2264 920 2297; x_wconf 88' lang='lat' dir='ltr'>hanc</span> <span class='ocrx_word' id='word_1_162' title='bbox 960 2263 1146 2296; x_wconf 80' lang='lat' dir='ltr'>lectionem</span> 
     </span>
     <span class='ocr_line' id='line_1_34' title="bbox 466 2315 1145 2364; baseline 0.001 -16"><span class='ocrx_word' id='word_1_163' title='bbox 466 2329 668 2364; x_wconf 70' lang='lat' dir='ltr'>concoquo:</span> <span class='ocrx_word' id='word_1_164' title='bbox 684 2326 917 2363; x_wconf 63' lang='lat' dir='ltr'>praeterquam</span> <span class='ocrx_word' id='word_1_165' title='bbox 927 2316 1020 2350; x_wconf 86' lang='lat' dir='ltr'>enim</span> <span class='ocrx_word' id='word_1_166' title='bbox 1029 2342 1039 2357; x_wconf 86' lang='lat'>‚</span> <span class='ocrx_word' id='word_1_167' title='bbox 1050 2315 1145 2362; x_wconf 86' lang='lat' dir='ltr'>quod</span> 
     </span>
     <span class='ocr_line' id='line_1_35' title="bbox 467 2369 1143 2411; baseline 0 -10"><span class='ocrx_word' id='word_1_168' title='bbox 467 2370 607 2404; x_wconf 74' lang='lat' dir='ltr'>insuave</span> <span class='ocrx_word' id='word_1_169' title='bbox 621 2379 718 2404; x_wconf 85' lang='lat' dir='ltr'>sonat</span> <span class='ocrx_word' id='word_1_170' title='bbox 729 2372 786 2404; x_wconf 77' lang='lat' dir='ltr'>hoc</span> <span class='ocrx_word' id='word_1_171' title='bbox 800 2398 806 2405; x_wconf 83' lang='lat'><em>.</em></span> <span class='ocrx_word' id='word_1_172' title='bbox 823 2384 858 2403; x_wconf 87' lang='lat' dir='ltr'>oc</span> <span class='ocrx_word' id='word_1_173' title='bbox 872 2384 884 2410; x_wconf 94' lang='lat'><em>;</em></span> <span class='ocrx_word' id='word_1_174' title='bbox 898 2383 970 2403; x_wconf 85' lang='lat' dir='ltr'>non</span> <span class='ocrx_word' id='word_1_175' title='bbox 988 2369 1143 2411; x_wconf 82' lang='lat' dir='ltr'>memini,</span> 
     </span>
     <span class='ocr_line' id='line_1_36' title="bbox 470 2424 1143 2470; baseline 0.003 -16"><span class='ocrx_word' id='word_1_176' title='bbox 470 2424 557 2457; x_wconf 80' lang='lat' dir='ltr'>hanc</span> <span class='ocrx_word' id='word_1_177' title='bbox 593 2424 874 2470; x_wconf 77' lang='lat' dir='ltr'>praepositioneni</span> <span class='ocrx_word' id='word_1_178' title='bbox 910 2436 927 2456; x_wconf 87' lang='lat' dir='ltr'>a</span> <span class='ocrx_word' id='word_1_179' title='bbox 965 2435 1143 2468; x_wconf 77' lang='lat' dir='ltr'>quoquam</span> 
     </span>
    </p>
   </div>
   <div class='ocr_carea' id='block_1_11' title="bbox 1206 1464 1893 2415">
    <p class='ocr_par' dir='ltr' id='par_1_13' title="bbox 1206 1464 1893 2415">
     <span class='ocr_line' id='line_1_37' title="bbox 1208 1464 1892 1512; baseline 0.001 -13"><span class='ocrx_word' id='word_1_180' title='bbox 1208 1467 1309 1499; x_wconf 82' lang='lat' dir='ltr'>bonae</span> <span class='ocrx_word' id='word_1_181' title='bbox 1320 1473 1414 1499; x_wconf 83' lang='lat' dir='ltr'>notae</span> <span class='ocrx_word' id='word_1_182' title='bbox 1427 1474 1587 1508; x_wconf 84' lang='lat' dir='ltr'>auctore,</span> <span class='ocrx_word' id='word_1_183' title='bbox 1603 1478 1666 1512; x_wconf 86' lang='lat' dir='ltr'>pro</span> <span class='ocrx_word' id='word_1_184' title='bbox 1678 1466 1717 1499; x_wconf 82' lang='lat' dir='ltr'>ab</span> <span class='ocrx_word' id='word_1_185' title='bbox 1735 1464 1798 1507; x_wconf 89' lang='lat' dir='ltr'>(eo</span> <span class='ocrx_word' id='word_1_186' title='bbox 1815 1467 1892 1512; x_wconf 89' lang='lat' dir='ltr'>qui-</span> 
     </span>
     <span class='ocr_line' id='line_1_38' title="bbox 1209 1514 1889 1565; baseline 0.001 -13"><span class='ocrx_word' id='word_1_187' title='bbox 1209 1517 1290 1552; x_wconf 91' lang='lat' dir='ltr'>dem</span> <span class='ocrx_word' id='word_1_188' title='bbox 1304 1531 1407 1552; x_wconf 88' lang='lat' dir='ltr'>sensu</span> <span class='ocrx_word' id='word_1_189' title='bbox 1422 1545 1431 1561; x_wconf 88' lang='lat'><strong><em>‚</em></strong></span> <span class='ocrx_word' id='word_1_190' title='bbox 1453 1531 1526 1564; x_wconf 87' lang='lat' dir='ltr'>quo</span> <span class='ocrx_word' id='word_1_191' title='bbox 1538 1519 1575 1553; x_wconf 87' lang='lat' dir='ltr'>h.</span> <span class='ocrx_word' id='word_1_192' title='bbox 1589 1520 1614 1553; x_wconf 87' lang='lat' dir='ltr'>l.</span> <span class='ocrx_word' id='word_1_193' title='bbox 1630 1520 1705 1565; x_wconf 80' lang='lat' dir='ltr'>capi</span> <span class='ocrx_word' id='word_1_194' title='bbox 1727 1514 1889 1563; x_wconf 86' lang='lat' dir='ltr'>deberet)</span> 
     </span>
     <span class='ocr_line' id='line_1_39' title="bbox 1208 1572 1890 1618; baseline 0.001 -13"><span class='ocrx_word' id='word_1_195' title='bbox 1208 1572 1382 1618; x_wconf 87' lang='lat' dir='ltr'>usurpari.</span> <span class='ocrx_word' id='word_1_196' title='bbox 1409 1572 1479 1605; x_wconf 76' lang='lat' dir='ltr'>Abs</span> <span class='ocrx_word' id='word_1_197' title='bbox 1502 1573 1559 1605; x_wconf 83' lang='lat' dir='ltr'>lzoc</span> <span class='ocrx_word' id='word_1_198' title='bbox 1578 1573 1654 1606; x_wconf 88' lang='lat' dir='ltr'>vult</span> <span class='ocrx_word' id='word_1_199' title='bbox 1676 1573 1824 1606; x_wconf 89' lang='lat' dir='ltr'>Guietus</span> <span class='ocrx_word' id='word_1_200' title='bbox 1847 1572 1890 1606; x_wconf 85' lang='lat' dir='ltr'>ad</span> 
     </span>
     <span class='ocr_line' id='line_1_40' title="bbox 1207 1624 1890 1671; baseline 0.001 -13"><span class='ocrx_word' id='word_1_201' title='bbox 1207 1626 1340 1659; x_wconf 89' lang='lat' dir='ltr'>Lucan.</span> <span class='ocrx_word' id='word_1_202' title='bbox 1376 1625 1447 1666; x_wconf 89' lang='lat' dir='ltr'>IV,</span> <span class='ocrx_word' id='word_1_203' title='bbox 1480 1637 1576 1670; x_wconf 82' lang='lat'>719,</span> <span class='ocrx_word' id='word_1_204' title='bbox 1607 1624 1702 1671; x_wconf 91' lang='lat' dir='ltr'>quod</span> <span class='ocrx_word' id='word_1_205' title='bbox 1737 1639 1809 1659; x_wconf 92' lang='lat' dir='ltr'>non</span> <span class='ocrx_word' id='word_1_206' title='bbox 1839 1634 1890 1660; x_wconf 88' lang='lat' dir='ltr'>est</span> 
     </span>
     <span class='ocr_line' id='line_1_41' title="bbox 1208 1676 1892 1724; baseline 0.001 -13"><span class='ocrx_word' id='word_1_207' title='bbox 1208 1679 1324 1712; x_wconf 85' lang='lat' dir='ltr'>nauci.</span> <span class='ocrx_word' id='word_1_208' title='bbox 1346 1676 1471 1719; x_wconf 80' lang='lat' dir='ltr'>Quid?</span> <span class='ocrx_word' id='word_1_209' title='bbox 1501 1678 1529 1711; x_wconf 89' lang='lat' dir='ltr'>si</span> <span class='ocrx_word' id='word_1_210' title='bbox 1559 1679 1651 1724; x_wconf 85' lang='lat' dir='ltr'>legas</span> <span class='ocrx_word' id='word_1_211' title='bbox 1676 1691 1684 1713; x_wconf 90' lang='lat'>:</span> <span class='ocrx_word' id='word_1_212' title='bbox 1713 1679 1794 1712; x_wconf 83' lang='lat' dir='ltr'>Esse</span> <span class='ocrx_word' id='word_1_213' title='bbox 1821 1679 1892 1712; x_wconf 81' lang='grc' dir='ltr'><em>Ιιιιίε</em></span> 
     </span>
     <span class='ocr_line' id='line_1_42' title="bbox 1209 1729 1890 1779; baseline 0.001 -14"><span class='ocrx_word' id='word_1_214' title='bbox 1209 1734 1326 1765; x_wconf 81' lang='lat' dir='ltr'>occisus</span> <span class='ocrx_word' id='word_1_215' title='bbox 1344 1759 1353 1773; x_wconf 88' lang='lat'><strong><em>‚</em></strong></span> <span class='ocrx_word' id='word_1_216' title='bbox 1384 1729 1468 1775; x_wconf 74' lang='lat' dir='ltr'>Rufe</span> <span class='ocrx_word' id='word_1_217' title='bbox 1484 1759 1493 1773; x_wconf 87' lang='lat'><em>,</em></span> <span class='ocrx_word' id='word_1_218' title='bbox 1528 1732 1657 1765; x_wconf 70' lang='lat' dir='ltr'>‘videtur</span> <span class='ocrx_word' id='word_1_219' title='bbox 1691 1732 1796 1779; x_wconf 59' lang='lat' dir='ltr'>Eryx.</span> <span class='ocrx_word' id='word_1_220' title='bbox 1832 1732 1890 1766; x_wconf 84' lang='lat' dir='ltr'>Sic</span> 
     </span>
     <span class='ocr_line' id='line_1_43' title="bbox 1209 1784 1893 1830; baseline 0.001 -12"><span class='ocrx_word' id='word_1_221' title='bbox 1209 1784 1364 1830; x_wconf 85' lang='lat' dir='ltr'>Spectac.</span> <span class='ocrx_word' id='word_1_222' title='bbox 1384 1785 1502 1830; x_wconf 87' lang='lat' dir='ltr'>Epigr.</span> <span class='ocrx_word' id='word_1_223' title='bbox 1523 1797 1623 1818; x_wconf 80' lang='lat' dir='ltr'>xxvn</span> <span class='ocrx_word' id='word_1_224' title='bbox 1639 1797 1648 1818; x_wconf 73' lang='grc' dir='ltr'><strong><em>ε</em></strong></span> <span class='ocrx_word' id='word_1_225' title='bbox 1675 1803 1688 1815; x_wconf 83' lang='lat'>«</span> <span class='ocrx_word' id='word_1_226' title='bbox 1703 1784 1797 1818; x_wconf 92' lang='lat' dir='ltr'>Huic</span> <span class='ocrx_word' id='word_1_227' title='bbox 1812 1797 1893 1830; x_wconf 90' lang='lat' dir='ltr'>per-</span> 
     </span>
     <span class='ocr_line' id='line_1_44' title="bbox 1210 1837 1891 1879; baseline 0.001 -8"><span class='ocrx_word' id='word_1_228' title='bbox 1210 1851 1306 1872; x_wconf 83' lang='lat' dir='ltr'>cussa</span> <span class='ocrx_word' id='word_1_229' title='bbox 1326 1839 1414 1872; x_wconf 90' lang='lat' dir='ltr'>foret</span> <span class='ocrx_word' id='word_1_230' title='bbox 1441 1856 1453 1868; x_wconf 70' lang='grc' dir='ltr'>ιι</span> <span class='ocrx_word' id='word_1_231' title='bbox 1471 1864 1479 1879; x_wconf 87' lang='grc'><strong><em>,</em></strong></span> <span class='ocrx_word' id='word_1_232' title='bbox 1500 1847 1565 1872; x_wconf 88' lang='lat' dir='ltr'>etc.</span> <span class='ocrx_word' id='word_1_233' title='bbox 1587 1838 1668 1872; x_wconf 89' lang='lat' dir='ltr'>licet</span> <span class='ocrx_word' id='word_1_234' title='bbox 1689 1838 1738 1871; x_wconf 86' lang='lat' dir='ltr'>ibi</span> <span class='ocrx_word' id='word_1_235' title='bbox 1758 1838 1796 1871; x_wconf 87' lang='lat' dir='ltr'>in</span> <span class='ocrx_word' id='word_1_236' title='bbox 1816 1837 1891 1872; x_wconf 83' lang='lat' dir='ltr'>aliis</span> 
     </span>
     <span class='ocr_line' id='line_1_45' title="bbox 1212 1890 1888 1937; baseline 0 -13"><span class='ocrx_word' id='word_1_237' title='bbox 1212 1891 1309 1925; x_wconf 87' lang='lat' dir='ltr'>libris</span> <span class='ocrx_word' id='word_1_238' title='bbox 1330 1893 1464 1937; x_wconf 86' lang='lat' dir='ltr'>legatur</span> <span class='ocrx_word' id='word_1_239' title='bbox 1480 1892 1577 1924; x_wconf 81' lang='lat' dir='ltr'>Hinc.</span> <span class='ocrx_word' id='word_1_240' title='bbox 1603 1890 1670 1925; x_wconf 86' lang='lat' dir='ltr'>Sed</span> <span class='ocrx_word' id='word_1_241' title='bbox 1691 1899 1806 1924; x_wconf 85' lang='lat' dir='ltr'>tamen</span> <span class='ocrx_word' id='word_1_242' title='bbox 1826 1903 1888 1924; x_wconf 88' lang='lat' dir='ltr'>ne-</span> 
     </span>
     <span class='ocr_line' id='line_1_46' title="bbox 1209 1944 1889 1990; baseline 0 -13"><span class='ocrx_word' id='word_1_243' title='bbox 1209 1945 1281 1978; x_wconf 89' lang='lat' dir='ltr'>scio</span> <span class='ocrx_word' id='word_1_244' title='bbox 1293 1944 1378 1990; x_wconf 88' lang='lat' dir='ltr'>quid</span> <span class='ocrx_word' id='word_1_245' title='bbox 1389 1944 1467 1977; x_wconf 83' lang='lat' dir='ltr'>duri</span> <span class='ocrx_word' id='word_1_246' title='bbox 1485 1945 1533 1978; x_wconf 83' lang='lat' dir='ltr'>sic</span> <span class='ocrx_word' id='word_1_247' title='bbox 1546 1957 1685 1990; x_wconf 83' lang='lat' dir='ltr'>quoque</span> <span class='ocrx_word' id='word_1_248' title='bbox 1696 1944 1754 1977; x_wconf 87' lang='lat' dir='ltr'>hic</span> <span class='ocrx_word' id='word_1_249' title='bbox 1770 1956 1889 1977; x_wconf 83' lang='lat' dir='ltr'>versus</span> 
     </span>
     <span class='ocr_line' id='line_1_47' title="bbox 1209 1996 1890 2043; baseline -0.001 -12"><span class='ocrx_word' id='word_1_250' title='bbox 1209 1998 1323 2031; x_wconf 78' lang='lat' dir='ltr'>hahet.</span> <span class='ocrx_word' id='word_1_251' title='bbox 1343 1998 1398 2031; x_wconf 87' lang='lat' dir='ltr'>Tu</span> <span class='ocrx_word' id='word_1_252' title='bbox 1412 1996 1491 2031; x_wconf 87' lang='lat' dir='ltr'>vide</span> <span class='ocrx_word' id='word_1_253' title='bbox 1505 2010 1547 2030; x_wconf 88' lang='lat' dir='ltr'>an</span> <span class='ocrx_word' id='word_1_254' title='bbox 1566 1998 1679 2031; x_wconf 87' lang='lat' dir='ltr'>lenius</span> <span class='ocrx_word' id='word_1_255' title='bbox 1694 1997 1890 2043; x_wconf 76' lang='lat' dir='ltr'>excogitare</span> 
     </span>
     <span class='ocr_line' id='line_1_48' title="bbox 1208 2050 1890 2097; baseline -0.001 -13"><span class='ocrx_word' id='word_1_256' title='bbox 1208 2063 1325 2097; x_wconf 80' lang='lat' dir='ltr'>queas.</span> <span class='ocrx_word' id='word_1_257' title='bbox 1344 2052 1425 2084; x_wconf 80' lang='lat' dir='ltr'>Ant.</span> <span class='ocrx_word' id='word_1_258' title='bbox 1447 2051 1485 2083; x_wconf 75' lang='lat' dir='ltr'>tle</span> <span class='ocrx_word' id='word_1_259' title='bbox 1507 2052 1608 2097; x_wconf 67' lang='lat' dir='ltr'>Rooy.</span> <span class='ocrx_word' id='word_1_260' title='bbox 1628 2072 1681 2077; x_wconf 93' lang='lat'>—-</span> <span class='ocrx_word' id='word_1_261' title='bbox 1703 2051 1807 2097; x_wconf 63' lang='lat' dir='ltr'>Etij.</span> <span class='ocrx_word' id='word_1_262' title='bbox 1831 2050 1890 2083; x_wconf 85' lang='lat' dir='ltr'>Fi·</span> 
     </span>
     <span class='ocr_line' id='line_1_49' title="bbox 1210 2104 1888 2145; baseline -0.001 -8"><span class='ocrx_word' id='word_1_263' title='bbox 1210 2105 1277 2137; x_wconf 87' lang='lat' dir='ltr'>lius</span> <span class='ocrx_word' id='word_1_264' title='bbox 1297 2104 1447 2137; x_wconf 77' lang='lat' dir='ltr'>Veneris</span> <span class='ocrx_word' id='word_1_265' title='bbox 1469 2112 1503 2137; x_wconf 85' lang='lat' dir='ltr'>et</span> <span class='ocrx_word' id='word_1_266' title='bbox 1525 2105 1621 2137; x_wconf 83' lang='lat' dir='ltr'>Butae</span> <span class='ocrx_word' id='word_1_267' title='bbox 1636 2130 1644 2145; x_wconf 89' lang='lat'>,</span> <span class='ocrx_word' id='word_1_268' title='bbox 1667 2112 1790 2137; x_wconf 83' lang='lat' dir='ltr'>caestus</span> <span class='ocrx_word' id='word_1_269' title='bbox 1812 2115 1888 2136; x_wconf 93' lang='lat' dir='ltr'>cer-</span> 
     </span>
     <span class='ocr_line' id='line_1_50' title="bbox 1209 2156 1890 2202; baseline -0.001 -12"><span class='ocrx_word' id='word_1_270' title='bbox 1209 2157 1338 2190; x_wconf 84' lang='lat' dir='ltr'>tamine</span> <span class='ocrx_word' id='word_1_271' title='bbox 1362 2157 1518 2202; x_wconf 80' lang='lat' dir='ltr'>inclytus</span> <span class='ocrx_word' id='word_1_272' title='bbox 1536 2182 1546 2197; x_wconf 80' lang='lat'>‚</span> <span class='ocrx_word' id='word_1_273' title='bbox 1575 2157 1636 2202; x_wconf 87' lang='lat' dir='ltr'>qui</span> <span class='ocrx_word' id='word_1_274' title='bbox 1661 2157 1727 2190; x_wconf 90' lang='lat' dir='ltr'>fuit</span> <span class='ocrx_word' id='word_1_275' title='bbox 1755 2156 1890 2190; x_wconf 84' lang='lat' dir='ltr'>occisus</span> 
     </span>
     <span class='ocr_line' id='line_1_51' title="bbox 1207 2210 1888 2256; baseline -0.001 -13"><span class='ocrx_word' id='word_1_276' title='bbox 1207 2211 1244 2243; x_wconf 86' lang='lat' dir='ltr'>in</span> <span class='ocrx_word' id='word_1_277' title='bbox 1287 2210 1403 2244; x_wconf 78' lang='lat' dir='ltr'>Sicilia</span> <span class='ocrx_word' id='word_1_278' title='bbox 1422 2237 1430 2250; x_wconf 93' lang='lat'><em>‚</em></span> <span class='ocrx_word' id='word_1_279' title='bbox 1474 2211 1595 2256; x_wconf 84' lang='lat' dir='ltr'>ignoto</span> <span class='ocrx_word' id='word_1_280' title='bbox 1630 2222 1696 2243; x_wconf 89' lang='lat' dir='ltr'>nec</span> <span class='ocrx_word' id='word_1_281' title='bbox 1732 2222 1888 2255; x_wconf 83' lang='lat' dir='ltr'>unquam</span> 
     </span>
     <span class='ocr_line' id='line_1_52' title="bbox 1207 2262 1886 2309; baseline -0.001 -13"><span class='ocrx_word' id='word_1_282' title='bbox 1207 2272 1389 2309; x_wconf 88' lang='lat' dir='ltr'>comperto</span> <span class='ocrx_word' id='word_1_283' title='bbox 1407 2264 1562 2297; x_wconf 84' lang='lat' dir='ltr'>occisore</span> <span class='ocrx_word' id='word_1_284' title='bbox 1578 2278 1586 2304; x_wconf 90' lang='lat'>;</span> <span class='ocrx_word' id='word_1_285' title='bbox 1607 2262 1701 2296; x_wconf 81' lang='lat' dir='ltr'>unde</span> <span class='ocrx_word' id='word_1_286' title='bbox 1718 2262 1831 2296; x_wconf 89' lang='lat' dir='ltr'>monti</span> <span class='ocrx_word' id='word_1_287' title='bbox 1849 2262 1886 2295; x_wconf 89' lang='lat' dir='ltr'>in</span> 
     </span>
     <span class='ocr_line' id='line_1_53' title="bbox 1206 2315 1887 2362; baseline -0.003 -12"><span class='ocrx_word' id='word_1_288' title='bbox 1206 2316 1323 2350; x_wconf 85' lang='lat' dir='ltr'>Sicilia</span> <span class='ocrx_word' id='word_1_289' title='bbox 1352 2329 1505 2358; x_wconf 89' lang='lat' dir='ltr'>nomen,</span> <span class='ocrx_word' id='word_1_290' title='bbox 1539 2316 1593 2349; x_wconf 89' lang='lat' dir='ltr'>cui</span> <span class='ocrx_word' id='word_1_291' title='bbox 1627 2315 1887 2362; x_wconf 89' lang='lat' dir='ltr'>superpositum</span> 
     </span>
     <span class='ocr_line' id='line_1_54' title="bbox 1206 2367 1886 2415; baseline -0.004 -12"><span class='ocrx_word' id='word_1_292' title='bbox 1206 2371 1377 2415; x_wconf 86' lang='lat' dir='ltr'>templum</span> <span class='ocrx_word' id='word_1_293' title='bbox 1396 2370 1529 2403; x_wconf 88' lang='lat' dir='ltr'>Veneri</span> <span class='ocrx_word' id='word_1_294' title='bbox 1548 2370 1708 2414; x_wconf 66' lang='lat' dir='ltr'>Erycinae</span> <span class='ocrx_word' id='word_1_295' title='bbox 1733 2367 1886 2402; x_wconf 85' lang='lat' dir='ltr'>dicatum</span> 
     </span>
    </p>
   </div>
   <div class='ocr_carea' id='block_1_12' title="bbox 1206 2421 1883 2469">
    <p class='ocr_par' dir='ltr' id='par_1_14' title="bbox 1206 2421 1883 2469">
     <span class='ocr_line' id='line_1_55' title="bbox 1206 2421 1883 2469; baseline -0.004 -12"><span class='ocrx_word' id='word_1_296' title='bbox 1206 2422 1250 2457; x_wconf 90' lang='lat' dir='ltr'>de</span> <span class='ocrx_word' id='word_1_297' title='bbox 1265 2436 1335 2469; x_wconf 86' lang='lat' dir='ltr'>quo</span> <span class='ocrx_word' id='word_1_298' title='bbox 1346 2423 1444 2469; x_wconf 86' lang='lat' dir='ltr'>Virg.</span> <span class='ocrx_word' id='word_1_299' title='bbox 1461 2421 1596 2457; x_wconf 81' lang='lat' dir='ltr'>AEneid.</span> <span class='ocrx_word' id='word_1_300' title='bbox 1613 2423 1673 2456; x_wconf 88' lang='lat' dir='ltr'>lib.</span> <span class='ocrx_word' id='word_1_301' title='bbox 1692 2423 1737 2464; x_wconf 80' lang='lat' dir='ltr'>V,</span> <span class='ocrx_word' id='word_1_302' title='bbox 1750 2435 1781 2456; x_wconf 86' lang='lat' dir='ltr'>v.</span> <span class='ocrx_word' id='word_1_303' title='bbox 1798 2421 1883 2466; x_wconf 81' lang='lat'><em>759.</em></span> 
     </span>
    </p>
   </div>
   <div class='ocr_carea' id='block_1_13' title="bbox 2038 2058 2061 3288">
    <p class='ocr_par' dir='ltr' id='par_1_15' title="bbox 2038 2058 2061 3288">
     <span class='ocr_line' id='line_1_56' title="bbox 2038 2058 2061 3288; baseline 0 0"><span class='ocrx_word' id='word_1_304' title='bbox 2038 2058 2061 3288; x_wconf 95' lang='lat' dir='ltr'> </span> 
     </span>
    </p>
   </div>
  </div>
 </body>
</html>
