2061 3288
442 251 584 280 xxxiv
673 233 1145 278 DISSERTATIO
1184 232 1276 276 DE
1313 231 1629 277 INGENIO

703 338 831 378 Γυναιξὶ
849 335 884 371 θ’
903 339 958 371 οὐκ
972 339 1018 370 ἔτ’
1039 333 1136 381 εἶχεν·

703 392 741 425 Τί
760 387 793 423 δ’
807 388 855 424 οὖν
876 388 1018 431 &idemq
1034 390 1043 404 ¹

440 485 496 527 Et
528 499 604 543 rep
632 492 709 526 ont

706 606 925 616 .........
938 585 1062 622 Κάλλος
1076 608 1085 623 ,

699 644 776 672 Avr'
791 639 909 682 ἐγχέων
929 637 1082 670 ἁπάντων
1097 662 1106 677 ,

698 684 776 724 Xar'
799 687 950 723 ἀσπίδων
971 690 1121 723 ἀπαίσιον·

697 746 784 788 Nam}
801 741 839 776 δὲ
859 743 914 776 καὶ
934 740 1062 788 σίδηρον

695 796 763 830 Καὶ
781 800 840 842 πῦρ
858 797 938 831 καλή
958 809 1005 834 τις
1025 792 1134 828 οὖσα.-2

430 888 633 946 Namque
671 900 817 927 rerum
857 884 1054 927 omnium
1085 891 1373 943 potestatem,
1412 899 1507 943 quae
1543 881 1725 944 pulchra
1755 894 1844 941 est,

431 973 543 1018 saepe
565 955 711 999 habet.
732 953 1005 998 Praetulerim
1027 962 1173 996 tamen
1196 952 1409 996 Martialis
1434 955 1690 997 sententiam
1712 972 1721 998 :
1744 971 1843 998 nam

428 1030 472 1071 in
505 1043 556 1070 ea
586 1025 810 1070 delicatius
845 1023 1051 1085 quiddam
1084 1022 1218 1067 latere
1250 1033 1453 1080 autumo,
1485 1034 1529 1068 et
1557 1026 1844 1070 Anacreontis

429 1098 595 1142 dictum
624 1096 812 1140 mendax
842 1094 1076 1156 aliquando
1101 1103 1191 1149 est3
1220 1096 1381 1139 Noster
1409 1095 1480 1139 hic
1509 1095 1688 1139 omnino
1715 1112 1844 1140 verus

428 1179 517 1213 est:
541 1168 636 1228 quis
667 1166 783 1210 enim
815 1182 943 1210 sanus
971 1164 1232 1208 beatitudini
1254 1164 1415 1209 famam
1440 1165 1707 1226 praetulerit?

497 1240 556 1282 At
572 1254 624 1281 ex
644 1238 709 1280 his
729 1253 825 1296 quae
846 1237 1029 1297 gratiam
1049 1237 1214 1296 spirant
1231 1246 1274 1279 et
1291 1235 1465 1279 videtur
1477 1235 1623 1280 Idaliis
1643 1237 1686 1280 in
1707 1237 1845 1280 hortis

428 1312 522 1371 ipsa
544 1311 697 1353 Venus
732 1307 940 1362 dictasse,
975 1306 1029 1349 ad
1060 1306 1152 1349 haec
1183 1316 1480 1361 transeamus,
1508 1307 1665 1367 quibus
1693 1317 1845 1368 satyrae

424 1381 515 1441 jam
547 1379 728 1441 propior
749 1377 994 1432 cavillatur,
1021 1377 1203 1437 pungit,
1227 1377 1423 1432 mordet,
1449 1387 1567 1421 secat
1593 1395 1602 1419 :
1630 1377 1777 1421 forsan
1800 1378 1843 1420 in

428 1452 495 1495 his
510 1467 601 1494 sese
616 1448 1056 1510 superavit.Vidi1mls
1071 1447 1205 1491 modo
1220 1446 1373 1508 puellae
1383 1447 1693 1503 blandientem,
1713 1464 1842 1508 quam

427 1521 625 1582 emptitia
655 1520 829 1565 caesarie
866 1517 1206 1572 munerabatur3
1241 1517 1334 1578 lege
1370 1534 1487 1561 nunc
1531 1518 1620 1562 fere
1665 1528 1843 1562 contra-

428 1609 539 1636 rium
561 1609 568 1634 :

587 1695 704 1733 Thais
723 1693 840 1731 habet
859 1694 1007 1744 nigros,
1030 1694 1162 1730 niveos
1183 1693 1347 1730 Le‹·.ania
1366 1693 1510 1729 dentes.

691 1763 784 1806 Quae
805 1759 901 1795 ratio
922 1759 1004 1795 est?
1025 1766 1173 1808 emptos
1192 1757 1273 1794 haec
1292 1757 1409 1794 liabct
1423 1785 1433 1802 ,
1455 1757 1520 1793 illa
1538 1755 1661 1794 suos.3

425 1864 494 1906 De
511 1860 592 1904 alia
614 1859 795 1904 muliere
815 1858 922 1901 illud
942 1875 1031 1902 non
1053 1858 1197 1901 minus
1215 1856 1454 1918 malignum
1467 1893 1478 1914 ,
1499 1866 1543 1900 et
1560 1855 1702 1918 placet
1725 1857 1841 1917 quod

426 1934 771 1993 inexspectatum
796 1945 980 1973 acumen
1003 1938 1090 1985 est,
1112 1937 1155 1972 et
1169 1963 1181 1985 ,
1200 1937 1249 1972 ut
1269 1928 1413 1973 Graeci
1433 1928 1573 1984 aiunt,
1594 1921 1838 1987 παράδοξον·

585 2045 741 2083 Nubere
765 2044 895 2081 Paulla
918 2044 1025 2093 cupit
1043 2043 1173 2089 nobis,
1190 2056 1260 2092 ego
1280 2042 1420 2079 ducere
1435 2043 1606 2079 Paullam

691 2109 809 2154 Nolo;
829 2122 922 2145 anus
940 2116 1014 2144 est:
1031 2108 1167 2144 vellem
1179 2136 1188 2153 ,
1209 2109 1237 2144 si
1256 2107 1374 2157 magis
1392 2115 1488 2144 esset
1505 2106 1631 2146 anusfi

499 2217 738 2284 Παράδοξον
760 2237 933 2282 quoque
957 2230 1001 2264 et
1022 2217 1063 2270 ἐξ
1089 2215 1396 2281 ἀπροσδοκήτου
1419 2219 1694 2264 concluditur
1719 2220 1762 2263 id
1787 2220 1841 2264 dc

426 2310 559 2339 avaro
593 2293 749 2346 divite,
775 2292 872 2352 qui,
898 2307 1032 2351 quum
1060 2290 1274 2352 splendidi
1295 2300 1338 2334 et
1368 2290 1474 2334 lauti
1508 2292 1840 2352 Amphitryonis

426 2364 598 2408 laudem
629 2371 946 2422 aucuparetur,
971 2362 1076 2405 cibis
1103 2371 1247 2405 tamen
1275 2361 1501 2421 parcebat,
1522 2371 1564 2405 ct
1588 2361 1727 2405 nullas
1750 2378 1836 2404 non

484 2510 496 2530 1
510 2524 516 2530 .
533 2498 742 2528 Anacreont.
764 2506 870 2527 carm.
889 2495 924 2526 II
937 2520 945 2535 ,
958 2507 1006 2527 vs.
1027 2507 1086 2527 oo.

483 2563 514 2583 2.
532 2547 585 2581 Id.
605 2547 679 2580 ibid.

482 2603 514 2636 3.
533 2602 610 2634 Lib.
623 2601 668 2641 V,
684 2600 791 2644 epigr.
806 2611 909 2631 xmn.

483 2660 515 2696 4,
530 2655 607 2687 Lib.
622 2653 654 2685 X
665 2678 673 2691 ,
687 2653 793 2697 epigr.
807 2663 886 2683 vm.
