2061 3288
450 214 549 267 400
824 213 1047 256 MVAL.
1087 214 1482 258 MARTIALIS

659 301 769 358 Quis
800 302 966 362 primus
995 301 1094 358 tibi,
1120 303 1271 363 quisve
1301 303 1357 347 sit
1388 304 1631 361 secundus,

659 373 843 416 Graium
871 373 1023 433 quisve
1052 373 1323 434 epigramma
1351 376 1656 436 comparabit3

660 441 856 487 Palmam
881 442 1201 501 Callimachus,
1225 443 1400 502 Thalia,
1425 445 1479 490 de
1505 463 1549 491 se

659 514 867 558 Facundo
890 513 1010 558 dedit
1034 515 1126 576 ipse
1152 516 1376 560 Brutiano.
1853 536 1866 560 ε

661 585 751 642 Qui
776 585 809 629 si
832 585 1048 647 Cecropio
1074 596 1194 630 satur
1214 584 1390 647 lepore,

663 657 875 700 Romanae
900 655 987 701 sale
1014 655 1166 701 luserit
1187 657 1422 713 Minervae3

661 725 729 769 Illi
757 743 826 770 me
858 726 1013 785 facias,
1043 744 1222 789 precor,
1251 727 1507 774 secundum.

450 866 486 898 in
509 877 620 910 graeco
648 865 896 910 epigrammate
919 864 1130 907 condendo,

450 919 572 964 quisve
600 931 704 951 eorum
735 918 949 964 epigramma
979 930 1129 963 graecum

451 980 548 1004 totum
563 971 624 1004 sibi
638 971 835 1017 comparabit
852 984 889 1003 ac
902 973 992 1018 quasi
1010 984 1066 1004 suo
1076 973 1130 1017 ju-

453 1039 485 1058 re
497 1024 675 1058 windicablt
685 1038 698 1065 ;
712 1024 785 1070 ipse
801 1024 1035 1058 Callimachus
1044 1050 1052 1064 ,
1069 1037 1131 1057 non

450 1086 629 1123 exspectato
660 1086 713 1111 tuo
734 1077 877 1123 judicio,
911 1090 946 1111 se
974 1078 1132 1123 agnoscit

450 1131 675 1173 inferiorem,
696 1139 731 1165 et
753 1132 884 1177 palmas
909 1129 970 1164 dat
989 1130 1131 1164 Brutia-

451 1198 510 1218 no.
534 1185 649 1226 Quem
677 1184 706 1218 si
732 1184 869 1218 satietas
891 1184 989 1217 attici
1010 1184 1133 1217 carmi-

451 1238 506 1272 nis
526 1238 574 1271 ita
592 1237 743 1283 ceperit,
763 1245 803 1271 ut
815 1263 824 1279 ,
844 1237 975 1271 relictis
991 1237 1110 1282 graecis
1122 1264 1131 1280 ,

451 1290 497 1325 ad
521 1291 629 1324 latina
648 1291 896 1337 epigrammata
915 1303 951 1324 se
975 1291 1134 1336 accingat

452 1343 697 1390 componenda
709 1369 718 1386 ,
745 1346 867 1389 primus
900 1357 1020 1390 quoque
1050 1346 1129 1384 erit,

453 1410 508 1430 nec
528 1398 691 1437 im=idebo;
705 1397 767 1431 sed
788 1405 821 1430 te
845 1397 975 1442 rogabo
997 1405 1134 1430 tantum

452 1459 493 1484 ut
517 1460 578 1484 tuo
606 1451 762 1497 auspicio
789 1463 829 1484 ac
857 1450 976 1484 favore
999 1449 1051 1483 illi
1081 1462 1132 1483 se-

453 1503 590 1537 cundus
609 1504 686 1537 sim.
708 1505 777 1537 En.

507 1558 542 1591 3.
559 1557 697 1592 Gratum
713 1558 816 1603 quisve
826 1555 864 1588 in
875 1554 1002 1589 iisdem
1014 1569 1027 1595 ;
1044 1555 1132 1589 Gra-

455 1619 578 1656 tamque
612 1608 727 1643 codex
756 1609 912 1643 Florent.
943 1611 1136 1654 comparavit

455 1661 668 1697 Beverlandi
692 1661 769 1695 MS.
789 1684 842 1688 —
866 1661 1003 1696 Graium
1030 1663 1134 1707 quisve

453 1719 648 1761 epigramma
669 1714 873 1760 comparabit.
894 1714 993 1747 Hanc
1012 1725 1134 1746 vocem

454 1782 635 1815 comparare
650 1768 759 1801 latine
781 1767 872 1801 sumi
887 1780 953 1812 pro
971 1766 1136 1799 ‘vindicare

455 1823 516 1855 sibi
532 1834 734 1862 censemus,
757 1821 804 1853 ita
823 1828 863 1853 ut
881 1820 940 1853 hic
955 1832 1073 1853 versus
1091 1820 1136 1852 si-

455 1875 596 1920 gnificet
611 1887 618 1908 ε
635 1877 703 1921 quis
719 1875 850 1906 duorum
864 1875 993 1906 istorum
1007 1874 1137 1917 scripto-

457 1942 524 1961 rum
543 1937 639 1961 totam
653 1929 888 1972 cytigrammalis
901 1930 1003 1970 groeci
1014 1926 1137 1958 laudem

457 1983 517 2014 sihi
532 1981 706 2026 arrogabit.
728 1978 739 2019 (
753 1978 846 2012 Vide
867 1973 1000 2024 supra.)
1015 1980 1137 2012 En.—

455 2035 524 2067 Alii
539 2043 653 2068 autem
668 2033 873 2078 intelligunt
888 2044 896 2066 :
912 2032 1032 2078 quisve
1045 2044 1138 2065 com-

457 2097 565 2133 ponet
590 2099 698 2132 graeca
720 2087 968 2132 epigrammata
988 2084 1138 2118 subaud.

457 2144 583 2186 optime.
600 2161 653 2168 --·
670 2140 740 2173 Alii
762 2153 769 2172 :
794 2139 871 2185 quis
892 2152 952 2172 sua
967 2138 1138 2184 epigram-

458 2202 550 2227 mata
581 2206 783 2239 comparare
814 2192 968 2238 poterit,
990 2189 1138 2225 subaud.

459 2260 527 2279 Clll‘ll
560 2248 794 2292 (YJI-gl'llmnlssliS
822 2245 1005 2280 GJ'OECOI'um
1029 2252 1139 2277 'vallent

459 2308 490 2332 et
507 2302 665 2345 prtecisme
686 2299 887 2333 Callimachi.

458 2392 461 2395 ἢ
515 2358 551 2393 4.
576 2353 802 2387 Callimachus.
824 2352 962 2386 Floruit
979 2351 1015 2385 in
1034 2353 1140 2396 AEgy-

1189 873 1252 911 pto
1268 864 1482 912 Olympiade
1506 878 1594 899 cxxv
1613 865 1866 908 Callimachus,

1189 927 1294 964 poeta
1329 919 1544 966 Cyrenaeus,
1567 932 1671 965 quem
1707 920 1744 952 in
1777 920 1868 954 anti-

1190 984 1295 1017 quam
1314 971 1519 1018 dignitatem
1538 972 1740 1006 restitutum
1755 985 1868 1018 nuper

1190 1025 1226 1057 in
1242 1025 1357 1059 lucem
1379 1024 1491 1059 edidit
1513 1024 1650 1060 erudita
1671 1026 1869 1071 Tanaquilli

1190 1078 1295 1111 Fabri
1314 1078 1407 1121 filia3
1430 1078 1518 1112 vixit
1544 1079 1761 1125 temporibus
1785 1080 1869 1113 Pto-

1188 1131 1301 1165 lemaei
1311 1130 1537 1177 Philadelphi
1547 1156 1554 1169 ‚
1567 1145 1637 1178 quo
1651 1132 1869 1166 familiariter

1190 1197 1270 1218 usus
1309 1192 1371 1219 est.
1399 1185 1684 1231 Epigrammata,
1718 1185 1869 1230 hymnos

1190 1246 1225 1271 et
1251 1238 1376 1283 elegias
1402 1250 1511 1283 graece
1532 1238 1671 1284 scripsit
1688 1238 1870 1283 elegantis-

1190 1291 1316 1334 simas3
1333 1303 1351 1324 a
1372 1291 1542 1324 Brutiano
1562 1300 1679 1325 tamen
1696 1291 1795 1324 illum
1817 1303 1872 1324 su-

1190 1344 1307 1389 perari
1335 1343 1423 1378 dicit
1449 1344 1631 1378 Martialis.
1659 1365 1711 1370 --
1738 1344 1868 1378 Thalia.

1190 1397 1291 1430 Musa
1305 1398 1481 1442 jocorum.
1498 1397 1584 1431 Vid.
1604 1409 1708 1444 supra
1721 1418 1731 1436 ,
1754 1396 1865 1442 epigr.

1191 1462 1261 1483 vnl
1272 1476 1281 1491 ‚
1300 1462 1352 1484 vs.
1374 1463 1388 1484 1
1399 1463 1431 1483 2.

1245 1507 1276 1537 5.
1290 1503 1458 1536 Brutz‘ano.
1472 1503 1555 1545 Qui,
1570 1502 1745 1548 probitate
1764 1510 1797 1535 et
1814 1515 1869 1535 re-

1190 1568 1271 1589 rum
1304 1564 1476 1601 gestarum
1508 1567 1581 1588 non
1615 1556 1731 1588 minus
1763 1567 1870 1600 quam

1191 1608 1327 1653 poetica
1357 1607 1462 1642 laude
1495 1608 1624 1641 nobilis
1637 1633 1647 1650 ,
1675 1608 1871 1653 imperante

1191 1661 1344 1706 Trajano
1369 1660 1499 1694 floruit.

1247 1716 1281 1747 6.
1313 1713 1380 1757 Qui
1407 1716 1452 1746 sic
1482 1713 1634 1759 Cecropio
1661 1712 1869 1748 Beverlandi

1192 1765 1267 1800 MS.
1281 1766 1347 1811 Qui
1356 1768 1384 1799 si
1397 1767 1646 1812 secropioJunt.
1662 1779 1742 1800 ann.
1761 1779 1775 1799 1
1786 1767 1804 1800 5
1814 1779 1827 1800 1
1837 1781 1869 1800 2.

1193 1841 1245 1847 -—
1279 1819 1441 1865 Cecropio.
1470 1819 1600 1853 Attico.
1630 1820 1784 1864 Cecrops
1814 1832 1870 1852 re-

1194 1873 1314 1918 gnavit
1345 1873 1479 1918 primus
1519 1872 1679 1906 omnium
1709 1871 1869 1905 Athenis.

1196 1925 1288 1959 Vide
1304 1925 1365 1959 lib.
1384 1926 1401 1958 I
1412 1951 1421 1966 ,
1441 1925 1551 1971 epigr.
1567 1937 1650 1958 xxw
1661 1950 1671 1966 ‚
1685 1937 1719 1958 v.
1736 1929 1767 1958 3.
1783 1926 1872 1958 Bru-

1195 1979 1310 2012 tianus
1331 1978 1393 2011 uhi
1410 1990 1446 2011 se
1465 1991 1483 2011 a
1500 1978 1632 2011 Graecis
1652 1977 1872 2023 poematibus

1196 2031 1240 2065 ad
1270 2031 1377 2064 latina
1402 2031 1611 2073 contulerit,
1642 2030 1777 2075 primus
1806 2030 1873 2063 erit

1198 2085 1288 2117 inter
1299 2084 1462 2127 Latinos;
1474 2084 1530 2118 cui
1543 2083 1724 2130 proximus
1733 2092 1772 2116 ut
1786 2083 1850 2117 sim
1861 2109 1871 2125 ‚

1199 2146 1296 2183 opto.
1312 2137 1380 2170 En.

1252 2203 1286 2235 7.
1310 2191 1461 2223 Romame
1478 2190 1571 2223 scoloe
1593 2188 1671 2223 cod.
1695 2189 1871 2222 Florenti-

1197 2256 1262 2277 nus
1284 2243 1435 2277 exhibet.

1255 2299 1288 2331 8.
1331 2297 1518 2330 Secundum.
1559 2295 1616 2329 Sic
1658 2295 1872 2329 Callimacho

1202 2351 1325 2384 Graeco
1347 2363 1381 2384 se
1404 2350 1568 2384 Latinum
1588 2361 1708 2395 parem
1730 2348 1819 2382 facit.

2048 2935 2056 2962 ν’
2047 2696 2061 2925 ιαμ-Μ’
2053 2681 2061 2693 ..-
