2061 3288
460 258 1028 302 EPIGRAMMATUM
1067 259 1132 302 LI
1149 261 1192 302 Β.
1234 261 1267 302 Ι.

1478 262 1561 306 161

297 343 413 388 Male
438 343 653 388 collocare
679 346 711 388 si
738 345 874 389 bonas
900 345 1019 390 voles
1043 346 1193 402 horas,

297 417 351 459 Et
378 415 592 469 invidebis
616 416 706 460 otio
729 425 825 471 tuo,
853 416 1008 473 lector,

297 488 334 529 A
361 485 595 530 Valeriano
619 485 755 530 Pollio
782 497 902 548 petes
926 488 1092 545 Quinto
1108 523 1119 542 ,

300 557 382 600 Per
404 573 534 618 quem
561 558 703 618 perire
729 575 817 602 non
844 558 945 604 licet
969 559 1075 603 meis
1100 559 1239 619 nugis.

161 697 243 728 noel.
270 692 369 726 Adeo
394 695 515 728 multoe
541 704 623 729 sunt
648 703 683 729 et
705 708 722 729 a
751 704 838 730 tem-

157 759 242 792 pore
269 755 339 780 tam
369 747 475 793 longo
494 749 650 794 scriptae,
675 761 740 783 nec
765 761 838 782 me-

158 800 269 833 moria
291 799 415 846 dignae.

955 696 986 729 5.
998 697 1032 729 A
1044 696 1231 737 Valeriano,
1248 697 1354 730 scilic.
1371 698 1575 744 bibliopola.

953 750 986 782 6.
1003 750 1114 782 Perire
1129 762 1191 782 non
1206 750 1287 784 licet.
1304 751 1393 793 Quia
1413 752 1487 785 illas
1505 753 1578 786 col-

898 801 995 847 ligit,
1015 811 1048 836 et
1066 803 1102 835 in
1126 803 1241 836 lucem
1267 803 1340 838 edit
1358 804 1576 840 vendendas.

773 943 962 1001 CXV.

642 1102 710 1130 An
750 1082 1113 1132 mnsrmmuf

233 1227 332 1270 Hos
356 1225 431 1268 tibi
456 1226 646 1278 vicinos,
669 1227 898 1280 Faustina,
919 1226 1212 1288 Telesphorus
1243 1229 1394 1274 hortos

303 1297 476 1340 Foenius
491 1331 502 1351 ,
529 1305 573 1339 et
594 1296 728 1340 breve
751 1313 848 1351 rus,
872 1297 1046 1358 udaque
1075 1309 1199 1359 prata
1228 1310 1358 1345 tenet.

233 1366 441 1411 Condidit
465 1366 536 1410 hic
560 1376 670 1411 natae
695 1367 884 1423 cineres,
911 1385 1162 1430 nomenque
1188 1373 1373 1415 sacravit
1393 1410 1403 1428 ,

303 1437 435 1494 Quod
467 1436 573 1498 legis
589 1473 599 1493 ,
625 1437 831 1494 Antullae,
862 1438 1035 1499 dignior
1059 1441 1150 1501 ipse
1174 1440 1270 1502 legi.

214 1576 229 1591 ³
244 1582 470 1614 Iinmaturain
489 1580 596 1614 deflet
612 1590 761 1614 mortem
778 1583 846 1614 An-

163 1634 256 1667 tullae
278 1635 425 1680 puellae,
453 1636 550 1679 cujus
578 1642 676 1679 pater
705 1634 844 1668 Foenius

164 1687 400 1733 Telesphorus
419 1687 557 1720 vicinus
576 1696 649 1719 erat
668 1687 843 1729 Faustini,

164 1739 208 1773 ad
233 1753 338 1786 quem
366 1739 434 1772 hoc
463 1740 587 1772 scribit
618 1740 842 1785 epigramma.

164 1793 363 1834 Faustinus,
374 1801 412 1825 ut
422 1806 462 1825 ex
473 1793 583 1838 epigr.
597 1805 673 1825 LVII
686 1818 694 1834 ‚
705 1793 765 1825 lib.
778 1794 843 1835 IV,

165 1854 199 1879 et
219 1847 328 1892 epigr.
352 1858 433 1879 Lxxl
447 1872 455 1887 ,
472 1845 532 1878 lib.
556 1847 602 1886 V,
622 1854 780 1890 apparet,
808 1846 843 1878 in

167 1912 249 1945 agro
256 1899 446 1932 Tiburtino
457 1897 844 1931 habitabat.Videinfra

167 1953 276 1997 epigr.
286 1964 383 1985 cxvn
393 1951 545 1996 ejusden]
558 1952 762 1996 argumenti.
776 1952 841 1984 En,

223 2018 254 2038 2.
294 2006 335 2037 In
371 2002 579 2050 quibusdam
617 2017 688 2037 esse
721 2013 842 2047 tenent,

167 2057 250 2091 inde
267 2057 435 2102 conjicio,
456 2056 550 2103 quod
565 2057 693 2091 scribat
708 2058 843 2103 Cagne-

166 2111 238 2143 rius
263 2122 270 2144 :
296 2127 309 2140 ι
330 2109 535 2156 Legendum
563 2122 606 2142 ex
633 2119 703 2143 vet.
730 2110 841 2145 codic,

169 2171 259 2196 tenet.
282 2180 295 2192 n
324 2162 401 2196 Ald.
427 2164 525 2196 Junt.
550 2163 666 2196 Colin.
689 2163 764 2197 aliae
793 2171 843 2197 ta-

167 2228 248 2249 men
262 2224 401 2249 servant
416 2224 506 2248 tenet.
523 2237 574 2242 —-
592 2216 724 2262 Udaque
732 2225 842 2261 prata.

169 2270 299 2303 Forsan
316 2268 461 2302 humida
473 2269 658 2314 lacrymis3
677 2268 745 2302 vid.
764 2282 842 2315 sup.

169 2323 276 2368 epigr.
300 2335 427 2355 Lxxx1x
442 2347 451 2362 ,
471 2334 504 2355 v.
527 2324 561 2355 6.
579 2322 645 2354 ΕΙ),
662 2344 713 2349 -—
735 2323 842 2356 Tenet.

167 2374 336 2408 Possidet.

223 2428 256 2462 3.
291 2429 473 2473 lVomenque
502 2430 648 2460 sacravit.
678 2427 845 2462 Solebant

167 2481 319 2514 Romani
336 2481 471 2515 tumulo
483 2480 661 2526 praefigere
678 2480 738 2513 has
753 2481 845 2514 litte-

168 2547 222 2567 ras
242 2535 284 2567 D.
308 2534 356 2566 Μ.
380 2534 414 2567 S.
436 2533 473 2566 id
495 2541 561 2573 est,
586 2533 660 2566 Diis
683 2534 845 2567 Manibus

169 2587 336 2628 Sacrum;
364 2587 468 2633 paulo
501 2586 646 2619 inferius
677 2587 845 2620 inscribe-

170 2641 273 2673 batur
300 2640 344 2673 H.
371 2640 404 2673 S.
427 2640 466 2672 E.
493 2641 557 2672 Hic
581 2643 659 2671 situs
679 2648 786 2672 est.....
811 2648 845 2673 et

171 2692 363 2726 addebatur
380 2705 506 2726 nomen
524 2693 650 2737 sepulti
664 2719 672 2732 ‚
689 2705 768 2725 enni
786 2694 846 2725 ali-

245 2768 279 2808 l.

903 1595 974 1627 quo
995 1583 1119 1628 elogio.
1140 1606 1191 1610 —
1213 1585 1269 1618 Sic
1289 1586 1386 1620 locus
1405 1587 1508 1622 fiebat
1537 1604 1585 1623 res

903 1636 1018 1668 nullius
1032 1663 1040 1676 ‚
1066 1636 1103 1669 id
1123 1646 1190 1677 est,
1221 1637 1263 1670 ad
1286 1641 1460 1674 neminem
1481 1645 1588 1688 perti-

902 1701 985 1722 nere
1010 1697 1160 1734 poterat.
1182 1690 1266 1724 Vid.
1293 1693 1406 1727 Instit.
1440 1695 1499 1728 lib.
1530 1698 1586 1741 II,

903 1741 956 1774 tit.
976 1754 1001 1775 1.
1021 1743 1087 1775 En.

958 1799 994 1834 4.
1009 1795 1166 1828 Gr01iov.
1182 1799 1272 1842 conj.
1285 1808 1414 1832 voverat
1429 1803 1491 1845 ipse
1507 1803 1580 1847 legi.

904 1846 997 1879 Vide
1015 1860 1085 1880 var.
1107 1857 1181 1882 not.
1195 1870 1243 1875 ——
1264 1851 1402 1895 Dignior
1423 1857 1487 1898 ipse
1508 1857 1582 1900 legi.

903 1899 1051 1944 Dignior
1082 1903 1179 1945 cujus
1212 1915 1341 1936 nomen
1372 1905 1408 1938 in
1445 1909 1584 1942 tumulo

903 1952 1088 1997 legeretur.
1114 1954 1215 1987 Pater
1246 1956 1359 1997 enim,
1383 1967 1481 1992 aetate
1514 1974 1585 1995 ma-

903 2006 1027 2048 turior,
1048 2005 1227 2040 debuisset
1248 2017 1328 2041 ante
1344 2010 1451 2044 filiam
1471 2015 1583 2048 mori:

904 2071 1013 2103 quum
1047 2071 1146 2092 secus
1187 2060 1360 2095 accideret.
1376 2089 1384 2104 ,
1420 2064 1583 2101 dicebant

904 2112 1054 2144 Romani
1073 2112 1139 2145 hoc
1161 2112 1236 2146 fieri
1258 2115 1382 2148 turbato
1400 2119 1508 2151 ordine
1527 2134 1581 2152 ηα-

903 2172 994 2204 tut-ce,
1013 2165 1068 2197 vel
1078 2166 1161 2207 fillis
1176 2167 1256 2198 male
1262 2168 1580 2212 judicantibus.Vid.

900 2217 1013 2262 legem
1039 2218 1082 2251 15
1097 2244 1106 2259 ‚
1128 2218 1258 2264 Digest.
1283 2220 1327 2253 de
1349 2222 1450 2256 inoff.
1479 2233 1583 2259 testa-

901 2279 1008 2303 ment.
1034 2270 1273 2316 Hieronymus
1288 2274 1445 2320 Magius,
1464 2278 1525 2312 lib.
1546 2280 1581 2311 II

902 2323 1050 2357 Miscell.
1074 2336 1151 2369 cap.
1188 2336 1228 2358 11
1245 2351 1253 2366 ,
1281 2335 1428 2362 testatur
1455 2343 1581 2365 urnam

904 2377 1007 2409 fuisse
1029 2377 1207 2410 iuventam
1228 2391 1248 2412 a
1266 2381 1396 2414 rustico
1414 2395 1492 2416 cum
1515 2385 1580 2419 hac

904 2429 1132 2475 inscriptione
1150 2443 1158 2462 :
1177 2442 1316 2466 AEMILio
1338 2447 1452 2469 PAVLo
1479 2450 1580 2472 PAPI-

905 2494 1019 2514 NIANO
1042 2495 1228 2517 PRAEFECTO
1251 2497 1436 2522 PRAETORlo
1460 2503 1577 2525 Jvms-

903 2547 1097 2577 consumo,
1114 2549 1175 2576 QVI
1193 2550 1293 2571 vuar
1315 2553 1428 2575 Assos
1449 2556 1574 2586 xxx-71,

906 2600 986 2621 DIES
1018 2602 1064 2631 x,
1093 2601 1228 2623 MENSEs
1263 2604 1331 2629 111,
1362 2607 1576 2633 Psmmfflvs

906 2653 1103 2683 HOSTILIVS,
1122 2655 1280 2678 EVGENIA
1303 2658 1467 2683 Gnaeum
1490 2663 1577 2682 TVR-

906 2707 996 2727 BATO
1017 2707 1156 2729 onmmz
1177 2709 1215 2729 nv
1237 2711 1340 2732 SENIO
1358 2713 1427 2734 mzv
1443 2715 1576 2735 manx-
