2061 3288
410 223 1003 269 EPIGRAMMATUM
1042 222 1168 265 LIB.
1207 222 1302 265 III.

1465 219 1564 268 335

354 316 450 358 Jam
477 329 621 375 prono
643 312 917 356 Phaethonte
943 309 1071 356 sudat
1090 310 1278 365 AEthon‚

357 385 617 444 Exarsitque
644 382 735 427 dies
751 419 762 439 ‚
786 393 829 427 et
849 383 959 426 liora
983 380 1116 426 lassos

355 455 620 515 Interjungit
643 470 778 515 equos
803 453 1054 498 meridiana.

357 527 415 569 At
440 542 518 570 vos
543 535 632 569 tam
660 524 851 586 placidas
873 525 972 585 vagi
994 540 1072 585 per
1096 522 1236 566 undas

358 598 470 640 Tuta
497 595 644 640 luditis
667 597 806 640 otium
831 597 992 640 carina.

357 668 459 711 Non
480 677 633 711 nautas
659 677 765 728 puto
787 683 886 719 vos,
908 666 982 710 sed
1004 668 1291 726 Argonautas.

148 805 286 851 speciali
308 805 343 838 in
371 818 557 838 numerum
579 804 825 838 moderantur.

204 860 236 892 5.
251 860 358 891 Prono
372 859 581 892 Phaethonte.
598 858 678 891 Sole
695 858 826 891 scilicet

148 920 226 958 post
250 911 433 945 meridiem
458 914 523 956 jam
547 912 751 945 inclinante.
773 932 826 937 ——-

149 965 287 998 fEtlzon.
306 965 405 998 Unus
418 977 436 997 e
451 973 601 1010 quatuor
620 965 718 1010 equis
737 964 826 997 Solis

149 1031 289 1051 cursum
306 1018 537 1051 trahentibus.
558 1017 664 1051 Ovid.
682 1018 825 1050 Metam.

148 1071 210 1104 lib.
226 1072 281 1104 II:
304 1088 317 1100 ιτ
339 1072 474 1105 Interea
487 1071 645 1105 volucres
659 1071 805 1116 Pyroeis
817 1098 826 1113 ‚

148 1124 242 1157 Eous
262 1132 295 1156 et
314 1125 466 1163 AEthon,
489 1125 577 1157 Solis
599 1125 700 1170 equi,
724 1136 828 1170 quar-

149 1185 272 1222 tusque
306 1177 462 1223 Phlegon
496 1177 694 1211 hinnitibus
730 1189 828 1211 auras

149 1230 381 1264 Flammiferis
397 1231 558 1277 implent.
580 1249 591 1259 »ι

205 1286 239 1317 6.
248 1283 458 1317 Beverlandi
472 1284 549 1316 MS.
561 1284 664 1329 lapsos
675 1284 827 1316 exhibet.

205 1348 238 1380 7.
262 1337 453 1381 Intery’tmgit
472 1350 578 1383 equos.
596 1338 639 1370 Et
655 1337 741 1370 hora
759 1349 830 1370 me-

149 1387 284 1422 ridiana
315 1390 420 1423 fessos
448 1391 562 1423 calore
590 1391 690 1435 jubet
722 1403 829 1435 equos

150 1442 343 1487 interjungi
357 1468 365 1483 ,
388 1442 425 1475 id
447 1452 497 1477 est
516 1443 643 1477 abduci
672 1456 690 1476 a
719 1444 830 1477 curri-

149 1494 215 1528 bus
235 1496 291 1528 vel
313 1497 452 1537 aratris,
478 1497 605 1542 quietis
630 1498 686 1530 vel
713 1505 831 1542 pastus

152 1560 264 1581 causa.
289 1548 374 1582 Vid.
397 1549 457 1582 lib.
476 1550 511 1582 Π
528 1576 537 1591 ,
565 1550 673 1596 epigr.
700 1562 736 1582 Π
751 1576 760 1591 ,
780 1562 830 1583 VS.

157 1603 213 1635 16.
235 1602 368 1635 Gallice
382 1627 391 1643 ,
414 1602 538 1635 de'teler.

943 818 976 847 9.
1003 804 1096 836 Tutoe
1114 803 1223 836 luditis
1241 805 1337 835 orium
1353 805 1470 836 carinoe
1487 802 1570 849 legit

887 857 1092 890 Scriverius.
1120 857 1226 889 Tarde
1251 856 1358 889 luditis
1379 857 1447 889 alii.
1474 855 1570 889 Vide

887 910 1109 944 Gronovium
1137 909 1171 942 in
1198 923 1270 942 var.
1301 917 1377 942 not.
1398 932 1450 938 ψ-
1485 911 1569 942 Tuta

887 964 1019 1003 luditis,
1045 971 1109 996 etc.
1140 963 1260 1004 Quum
1292 963 1455 996 festinare
1482 963 1570 996 citra

888 1017 1083 1062 periculum
1111 1028 1149 1050 ac
1171 1025 1247 1050 tuto
1270 1016 1415 1061 possetis
1433 1041 1440 1051 ‚
1471 1016 1570 1050 tarde

887 1079 921 1103 et
944 1070 1041 1116 quasi
1068 1078 1166 1102 caute
1192 1068 1377 1111 incediti53
1402 1070 1450 1103 sic
1473 1071 1570 1102 otium

889 1123 997 1156 luditis
1015 1151 1023 1163 ‚
1048 1122 1085 1156 id
1106 1131 1157 1157 est
1177 1125 1321 1156 otiamim'
1340 1123 1480 1156 ludentes
1492 1136 1503 1156 .·
1521 1123 1572 1156 lu-

888 1176 971 1210 dere
982 1177 1093 1210 otium
1108 1175 1238 1210 dicitur
1252 1184 1293 1209 ut
1309 1177 1415 1209 ludere
1428 1190 1568 1222 operam,

888 1243 953 1276 pro
965 1229 1106 1275 pel-dere.

946 1295 1001 1316 10.
1017 1283 1083 1316 Sed
1094 1283 1314 1327 Argonautas.
1333 1282 1443 1316 Ludit
1455 1283 1490 1315 in
1504 1283 1572 1316 hoc

888 1337 998 1369 verbo
1017 1351 1023 1368 :
1043 1338 1253 1382 Argonautae
1276 1336 1425 1369 fuerunt
1446 1336 1572 1369 heroes

890 1390 1069 1423 fortissimi
1087 1391 1193 1423 Jason
1210 1415 1219 1430 ‚
1242 1390 1398 1423 Theseus
1412 1415 1421 1430 ‚
1441 1389 1574 1422 Hercu-

890 1444 960 1484 les,
988 1451 1022 1476 et
1049 1443 1130 1484 alii3
1160 1443 1198 1476 hi
1228 1455 1312 1476 vero
1340 1443 1441 1489 pueri
1472 1451 1574 1475 erant

891 1498 1104 1541 Argonautae
1118 1522 1126 1539 ‚
1143 1496 1211 1529 hoc
1227 1504 1295 1537 est,
1313 1504 1427 1529 nantae
1444 1496 1572 1529 inertes

891 1558 925 1582 et
947 1548 1135 1592 desidiosi,
1154 1549 1351 1595 composito
1370 1549 1514 1582 nomine
1530 1549 1572 1581 ab

894 1603 988 1648 ἀργὸς
1005 1629 1014 1643 ,
1036 1606 1145 1648 piger,
1167 1611 1199 1635 et
1213 1604 1332 1642 ναύτης
1348 1630 1354 1643 ,
1374 1611 1484 1636 nanta.

710 1735 1017 1790 LXVIII.

472 1889 542 1916 As»
583 1888 907 1916 MATRONAM
947 1889 1012 1917 PU
1030 1870 1253 1918 ΒΙΟΑΜ.ἧι

228 2021 330 2063 Huc
352 2029 415 2062 est
435 2035 572 2080 usque
593 2019 671 2062 tibi
699 2019 907 2079 scriptus,
929 2029 1128 2063 matrona
1143 2056 1154 2076 ,
1180 2019 1360 2065 libellus.

297 2090 378 2134 Cui
402 2091 488 2134 sint
510 2091 673 2150 scripta
697 2106 824 2150 rogas
846 2089 1083 2134 interiora?
1104 2091 1230 2135 Mihi.

211 2228 225 2239 '¹
239 2227 527 2261 Admonitionem
541 2229 698 2262 continet
713 2228 754 2262 ad
770 2242 835 2275 pu·

157 2280 250 2314 dicas
261 2289 436 2314 matronas
448 2307 457 2322 ,
467 2293 511 2314 ne
525 2283 703 2327 sequentia
720 2283 835 2327 legant

159 2334 405 2380 epigrammata
431 2360 439 2375 ,
488 2334 583 2380 quod
633 2343 835 2380 praetextata

158 2388 226 2420 sint
239 2412 249 2428 ‚
273 2400 336 2420 nec
355 2386 459 2432 digua
476 2388 576 2420 castis
596 2399 716 2420 earum
740 2389 835 2422 auri·

158 2441 235 2473 bus.
262 2439 329 2473 Sed
358 2440 554 2485 suspicatur
584 2441 659 2474 fore
686 2449 726 2475 ut
756 2449 836 2486 post

158 2493 248 2526 hanc
263 2492 540 2526 admonitionem
553 2518 562 2534 ,
580 2492 718 2526 avidius
734 2506 839 2539 quam

159 2545 391 2591 praecedentia
409 2571 419 2585 5
450 2555 612 2579 matrona
640 2547 731 2591 legat
763 2560 840 2593 quae

159 2608 371 2644 sequuntur,
391 2598 487 2645 quod
506 2600 635 2633 factum
654 2612 725 2633 esse
741 2609 840 2634 testa-

160 2660 219 2684 tur
238 2653 321 2685 infr.
343 2652 452 2697 epigr.
474 2665 613 2686 Lxxxvr.
634 2654 785 2685 Ramires.

948 2252 999 2255 ——
1021 2230 1082 2263 Ad
1106 2231 1275 2264 Matr-onas
1303 2233 1507 2267 inscribitur
1538 2236 1575 2268 in

896 2281 976 2316 edd.
998 2291 1082 2316 vett.

951 2349 984 2369 2.
1008 2336 1216 2370 Beverlandi
1241 2338 1314 2371 MS.
1342 2340 1502 2382 irgfhriora.
1524 2363 1577 2368 --

896 2389 1063 2423 Interiora.
1080 2389 1122 2422 Id
1135 2399 1202 2430 est,
1222 2392 1491 2437 subsequentia;
1508 2393 1577 2427 du-

898 2450 951 2475 cta
970 2444 1176 2488 metaphora
1191 2456 1209 2476 a
1225 2443 1331 2477 domo
1344 2470 1351 2481 ,
1368 2447 1468 2492 cujus
1484 2447 1577 2481 inte-

898 2495 1008 2529 riores
1019 2505 1132 2541 partes
1143 2496 1312 2530 dicuntur
1321 2524 1330 2541 ‚
1344 2511 1421 2544 quae
1435 2501 1577 2545 aprimo

898 2548 1022 2582 limine
1038 2559 1119 2582 sunt
1137 2551 1357 2585 remotiores.
1377 2553 1479 2599 Virg.
1496 2556 1576 2587 AEn.

900 2601 961 2634 lib.
986 2603 1002 2634 I
1023 2615 1031 2633 ε
1060 2619 1073 2632 «
1093 2604 1138 2636 At
1157 2602 1285 2637 domus
1303 2605 1450 2638 interior
1471 2607 1578 2652 regali

902 2654 1083 2699 splendida
1099 2656 1184 2690 luxu
1201 2684 1209 2693 .
1228 2666 1292 2691 etc.
1315 2676 1327 2687 υ
1351 2659 1443 2692 Dicit
1462 2669 1577 2693 autem
