2061 3288
471 179 571 234 480
846 180 909 224 M.
933 182 1075 225 VAL.
1115 183 1508 231 MARTIALIS

471 268 515 312 Si
545 268 672 311 nimis
702 276 767 311 est
790 266 942 329 legisse
970 268 1104 325 duos3
1131 269 1207 314 tihi
1231 270 1383 316 charta
1409 274 1593 335 plicetur

536 337 687 382 Altera
707 355 715 381 :
738 337 924 383 divisum
947 341 1007 384 sic
1029 339 1162 384 breve
1184 340 1258 385 fiet
1277 359 1402 404 opus.

466 490 606 516 nectare
621 482 734 516 Caesar
747 483 960 529 Ingentique
975 492 1070 517 tenet
1084 497 1148 529 po-

467 536 546 570 cula
558 548 661 582 parca
676 548 791 569 manu.
815 553 828 565 n
847 535 932 570 Vid.
949 544 983 570 et
995 537 1057 570 lib.
1072 537 1127 570 III
1139 563 1148 579 ‚

467 589 578 635 epigr.
603 601 742 631 va111‚
764 602 815 622 vs.
842 590 860 622 5
883 598 917 622 et
941 592 977 623 6.
999 590 1069 624 En.

524 655 559 687 7.
588 643 627 676 Sc·
653 644 746 675 nimis
772 651 819 675 est
847 642 958 686 legisse
988 643 1077 677 duos.
1113 642 1149 677 Si

469 694 541 728 duo
557 696 638 729 libri
655 695 873 729 videbuntur
889 696 1082 742 longiores,
1100 696 1148 729 al-

468 757 584 782 terum
602 761 732 794 sepone
743 776 752 791 ‚
768 757 802 782 et
820 750 862 782 ab
880 749 990 783 altero
1006 749 1126 783 divide
1138 774 1148 790 ,

470 811 507 835 ut
531 803 598 836 alio
624 811 781 848 tempore
806 803 932 837 offeras
956 803 1147 836 Venuleio.

1209 485 1265 518 Sic
1293 486 1356 520 lib.
1382 487 1436 529 X,
1457 488 1566 533 epigr.
1588 500 1602 521 1
1625 501 1633 522 :
1660 507 1673 519 ιι
1698 489 1733 523 Si
1758 491 1887 525 nimius

1208 537 1354 579 videor,
1389 553 1534 586 seraque
1562 542 1730 576 coronide
1763 544 1888 590 longus

1208 592 1291 625 Esse
1315 592 1427 634 liber3
1457 594 1565 638 legito
1593 608 1723 640 pauca,
1748 596 1888 630 libellus

1209 657 1280 678 ero.
1301 662 1315 675 ιο

1263 701 1297 733 8.
1320 699 1424 732 Junt.
1444 707 1563 733 nostra
1582 700 1619 734 in
1643 701 1800 747 margine
1819 715 1887 748 pro

1209 750 1296 784 breve
1311 779 1321 792 ,
1347 752 1488 786 exhibet
1510 753 1597 794 le‹›e;
1623 763 1657 788 et
1680 754 1886 789 Beverlandi

1209 804 1282 838 MS.
1303 818 1380 838 onus
1394 818 1460 851 pro
1481 819 1568 851 opus.

1009 956 1345 1014 LXXXIV.

961 1124 1016 1151 IN
1064 1102 1391 1152 NAEvoLUMf

537 1257 722 1300 Sssmmo
751 1252 860 1297 nihil
887 1263 952 1297 est
977 1263 1018 1297 te
1034 1289 1045 1310 ‚
1065 1252 1268 1308 Naemle,
1294 1253 1442 1314 pejus3
1462 1253 1615 1297 eodem

610 1324 804 1370 Sollicito
831 1323 939 1368 nihil
969 1334 1057 1379 est,
1085 1323 1289 1378 Naevole,
1312 1333 1354 1368 te
1380 1323 1546 1368 melius.

540 1400 754 1451 Securus,
780 1394 951 1439 nullum
977 1394 1210 1450 resalutas‚
1231 1395 1416 1456 despicis
1441 1412 1620 1451 omnes;

609 1470 705 1512 Nec
733 1468 960 1528 quisquam
986 1466 1114 1521 liber,
1137 1483 1216 1511 nec
1237 1467 1316 1510 tibi
1337 1475 1464 1510 natus
1485 1466 1620 1510 homo
1642 1475 1721 1510 est.

523 1619 538 1632 '¹
575 1620 636 1652 Est
667 1618 882 1663 epigramma
916 1617 951 1649 in
987 1615 1148 1649 eumdem

471 1675 578 1707 istum
613 1672 799 1705 Naevolum
816 1696 823 1704 .
865 1671 926 1716 qni
967 1682 1147 1715 nunquam

473 1726 628 1761 Martiali
650 1724 790 1758 dicebat
815 1726 908 1764 Ave,
930 1722 990 1756 sed
1011 1732 1148 1756 tantum

470 1793 607 1826 semper
618 1777 798 1812 reddebat.
808 1778 864 1810 Ait
875 1777 981 1809 Poeta
994 1789 1071 1809 eum
1084 1788 1149 1821 pro

468 1847 588 1868 rerum
619 1844 758 1866 suarum
789 1838 918 1863 eventu
951 1828 1149 1862 modestum

469 1888 525 1921 vel
543 1893 761 1931 arrogantem
773 1896 808 1917 se
818 1882 1013 1917 ostendere.
1030 1883 1149 1923 Quum

469 1941 562 1975 enim
582 1939 688 1973 nullis
710 1945 932 1984 pre-meretur
956 1937 1069 1975 curis,
1093 1935 1152 1968 de-

470 1994 638 2040 spiciebat
659 2000 822 2031 cunctos3
844 2003 951 2035 quum
972 2002 1057 2022 vero
1081 1989 1149 2021 sol-

470 2048 586 2081 licitus
612 2053 719 2086 esset,
751 2044 915 2077 omnibus
941 2056 976 2075 se
1002 2042 1148 2076 submit-

473 2101 579 2134 tebat.
602 2099 658 2132 Sic
687 2097 731 2131 de
753 2097 913 2142 Caligula
939 2097 1118 2129 Passienus
1139 2108 1146 2126 ε

476 2172 489 2182 «ι
509 2155 624 2186 Nemo
649 2152 715 2184 fuit
737 2163 855 2183 servus
874 2150 1018 2190 melior,
1045 2161 1148 2181 nemo

468 2207 636 2241 dominus
654 2204 821 2238 deterior.
848 2220 861 2232 »

530 2273 561 2293 1.
594 2260 723 2292 Securo.
752 2258 904 2290 Securus
931 2254 1060 2288 dicitur
1088 2254 1149 2299 qui

471 2321 521 2347 est
540 2314 615 2345 sine
634 2324 726 2344 cura.
746 2311 802 2344 Sic
818 2310 917 2353 Virg.
938 2310 1018 2340 [En.
1037 2307 1098 2340 lib.
1116 2308 1148 2348 Ι,

471 2366 514 2399 de
546 2365 774 2411 Pygmalione
796 2375 803 2396 :
830 2380 842 2391 n
869 2362 1017 2394 Securus
1054 2373 1145 2393 amo-

469 2432 550 2452 rum
570 2419 756 2451 Germanae
780 2434 813 2454 n,
837 2414 873 2448 id
895 2423 962 2453 est,
985 2414 1074 2447 nihil
1095 2426 1152 2446 cu—

470 2485 552 2506 rans
565 2471 694 2504 sororis
712 2471 745 2503 in
762 2469 928 2502 maritum
950 2480 1116 2500 amorem.
1131 2484 1144 2496 n

529 2527 560 2559 3.
594 2525 772 2557 Resalmas.
809 2522 968 2555 Priorem
1002 2521 1150 2553 salutare

472 2577 675 2612 confitentis
701 2584 773 2609 erat
795 2588 829 2608 se
851 2574 1053 2607 inferiorem
1079 2586 1150 2606 esse

469 2633 637 2672 salui-aim
667 2628 815 2663 reddere
847 2635 960 2660 autem
982 2629 1072 2659 Ave.
1095 2627 1148 2658 vel

1208 1616 1397 1649 resalutare
1417 1623 1489 1649 erat
1502 1615 1659 1649 officium
1676 1616 1888 1662 superiori53

1209 1668 1304 1701 unde
1328 1669 1363 1701 in
1384 1669 1452 1702 hoc
1475 1681 1578 1702 versu
1593 1695 1601 1710 ,
1620 1669 1683 1703 lib.
1703 1670 1756 1710 X,
1777 1670 1888 1716 epigr.

1210 1735 1275 1755 Lxx
1293 1747 1302 1763 ‚
1330 1735 1379 1755 vs.
1412 1722 1430 1755 5
1458 1734 1466 1755 :
1497 1739 1511 1751 «ι
1537 1722 1641 1756 Nunc
1662 1723 1889 1758 resalutantes

1209 1774 1313 1808 video
1342 1783 1538 1808 nocturnus
1563 1777 1689 1809 amicos
1709 1792 1722 1805 ν·
1740 1789 1749 1818 ;
1769 1777 1888 1809 resalu-

1211 1837 1311 1860 tantes
1341 1830 1457 1861 amicos
1485 1829 1650 1874 intelligit
1676 1829 1889 1863 Ramiresius

1211 1882 1341 1914 amicos
1366 1890 1526 1927 potentes
1545 1890 1579 1914 et
1602 1881 1811 1916 fastidiosos.
1832 1882 1888 1916 Sic

1211 1935 1399 1968 Suetonius
1431 1934 1480 1967 ‘de
1507 1935 1673 1976 Nerone,
1699 1947 1773 1980 cap.
1812 1936 1885 1980 37:

1215 2007 1226 2017 u
1245 1989 1348 2022 Certe
1386 2000 1502 2033 neque
1527 1986 1718 2022 adveniens
1734 2014 1743 2028 ‚
1774 2001 1889 2034 neque

1211 2041 1438 2086 proficiscens
1452 2066 1461 2076 ‚
1506 2053 1719 2087 quemquam
1764 2042 1887 2074 osculo

1209 2094 1403 2139 impertivit
1420 2119 1429 2134 ‚
1465 2106 1503 2126 ac
1542 2106 1606 2127 nec
1643 2094 1888 2128 resalutatione

1209 2147 1375 2193 quidem,
1399 2146 1459 2180 sed
1485 2147 1539 2179 vel
1562 2147 1770 2192 respiciebat
1796 2147 1888 2181 salu-

1209 2209 1321 2234 tantes
1336 2227 1345 2242 ‚
1364 2201 1421 2233 vel
1440 2200 1617 2233 annuebat
1633 2200 1732 2233 nullo
1751 2201 1888 2246 prolato

1208 2255 1329 2287 verbo.
1350 2271 1363 2283 n

1265 2312 1296 2348 4.
1320 2306 1438 2340 codd.
1455 2306 1592 2339 Thuan.
1613 2314 1647 2339 et
1667 2306 1775 2339 Palat.
1794 2314 1888 2339 natus

1211 2361 1301 2393 homo
1318 2368 1382 2400 est,
1404 2368 1437 2393 et
1456 2359 1504 2392 sic
1525 2359 1668 2393 Gruter.
1690 2360 1735 2391 At
1753 2360 1790 2392 in
1806 2359 1887 2392 Flo-

1210 2423 1300 2447 rent.
1324 2415 1405 2446 Vat.
1426 2421 1459 2445 et
1478 2413 1593 2445 Pulm.
1611 2420 1703 2444 notus
1721 2412 1811 2444 homo
1829 2421 1886 2447 est.

1210 2466 1312 2499 Bodl.
1335 2466 1474 2499 exhibet
1491 2479 1498 2497 t
1521 2483 1534 2495 α
1552 2468 1639 2497 ‘risus
1652 2477 1706 2497 nec
1725 2465 1784 2497 tiln'
1797 2473 1888 2498 notus

1210 2520 1300 2552 bomo
1330 2528 1385 2552 esi.
1414 2519 1483 2551 Alii
1513 2531 1567 2550 nez:
1598 2518 1656 2550 tihi
1679 2526 1801 2562 gratu-5.
1835 2538 1887 2544 --

1210 2573 1278 2605 Nec
1303 2575 1465 2618 quisquam
1492 2572 1570 2604 liber
1591 2597 1606 2609 r
1632 2584 1687 2603 nec
1716 2571 1771 2603 tibi
1794 2579 1887 2602 natus

1211 2627 1300 2658 homo
1320 2634 1374 2658 est.
1396 2625 1527 2657 Omnes
1547 2633 1583 2657 ut
1603 2636 1720 2656 servos
1740 2631 1885 2664 tractas,
