<?xml version="1.0" encoding="UTF-8"?>
<!DOCTYPE html PUBLIC "-//W3C//DTD XHTML 1.0 Transitional//EN"
    "http://www.w3.org/TR/xhtml1/DTD/xhtml1-transitional.dtd">
<html xmlns="http://www.w3.org/1999/xhtml" xml:lang="en" lang="en">
 <head>
  <title>
</title>
<meta http-equiv="Content-Type" content="text/html;charset=utf-8" />
  <meta name='ocr-system' content='tesseract 3.04.00' />
  <meta name='ocr-capabilities' content='ocr_page ocr_carea ocr_par ocr_line ocrx_word'/>
</head>
<body>
  <div class='ocr_page' id='page_1' title='image "./epigrammata01martuoft_0494.png"; bbox 0 0 2061 3288; ppageno 0'>
   <div class='ocr_carea' id='block_1_1' title="bbox 455 178 553 225">
    <p class='ocr_par' dir='ltr' id='par_1_1' title="bbox 455 178 553 225">
     <span class='ocr_line' id='line_1_1' title="bbox 455 178 553 225; baseline -0.01 0"><span class='ocrx_word' id='word_1_1' title='bbox 455 178 553 225; x_wconf 76' lang='lat'>328</span> 
     </span>
    </p>
   </div>
   <div class='ocr_carea' id='block_1_2' title="bbox 444 266 1126 891">
    <p class='ocr_par' dir='ltr' id='par_1_2' title="bbox 444 266 1126 891">
     <span class='ocr_line' id='line_1_2' title="bbox 450 266 1125 311; baseline 0.003 -13"><span class='ocrx_word' id='word_1_2' title='bbox 450 266 587 299; x_wconf 86' lang='lat' dir='ltr'>Ferrar.</span> <span class='ocrx_word' id='word_1_3' title='bbox 604 266 906 311; x_wconf 67' lang='lat' dir='ltr'>ann.1471;Ald.</span> <span class='ocrx_word' id='word_1_4' title='bbox 921 279 1001 300; x_wconf 86' lang='lat' dir='ltr'>ann.</span> <span class='ocrx_word' id='word_1_5' title='bbox 1020 279 1033 299; x_wconf 92' lang='lat'>1</span> <span class='ocrx_word' id='word_1_6' title='bbox 1045 267 1125 309; x_wconf 81' lang='lat'>5013</span> 
     </span>
     <span class='ocr_line' id='line_1_3' title="bbox 448 319 1124 362; baseline 0.003 -11"><span class='ocrx_word' id='word_1_7' title='bbox 448 319 547 352; x_wconf 88' lang='lat' dir='ltr'>Junt.</span> <span class='ocrx_word' id='word_1_8' title='bbox 587 319 706 360; x_wconf 86' lang='lat'><strong>1512;</strong></span> <span class='ocrx_word' id='word_1_9' title='bbox 738 319 852 353; x_wconf 89' lang='lat' dir='ltr'>Colin.</span> <span class='ocrx_word' id='word_1_10' title='bbox 891 320 1009 362; x_wconf 81' lang='lat'>15283</span> <span class='ocrx_word' id='word_1_11' title='bbox 1043 319 1124 353; x_wconf 85' lang='lat' dir='ltr'>Ald.</span> 
     </span>
     <span class='ocr_line' id='line_1_4' title="bbox 453 371 1126 419; baseline 0.003 -15"><span class='ocrx_word' id='word_1_12' title='bbox 453 382 469 403; x_wconf 92' lang='lat'>1</span> <span class='ocrx_word' id='word_1_13' title='bbox 480 372 496 405; x_wconf 86' lang='lat'><em>5</em></span> <span class='ocrx_word' id='word_1_14' title='bbox 506 372 552 405; x_wconf 89' lang='lat'>50</span> <span class='ocrx_word' id='word_1_15' title='bbox 562 384 572 413; x_wconf 93' lang='lat'>;</span> <span class='ocrx_word' id='word_1_16' title='bbox 584 371 721 416; x_wconf 86' lang='lat' dir='ltr'>Gryph.</span> <span class='ocrx_word' id='word_1_17' title='bbox 735 380 799 405; x_wconf 86' lang='lat' dir='ltr'>etc.</span> <span class='ocrx_word' id='word_1_18' title='bbox 810 376 981 417; x_wconf 77' lang='lat' dir='ltr'><em>pertricosa</em></span> <span class='ocrx_word' id='word_1_19' title='bbox 998 373 1034 406; x_wconf 88' lang='lat' dir='ltr'>in</span> <span class='ocrx_word' id='word_1_20' title='bbox 1053 373 1126 419; x_wconf 89' lang='lat' dir='ltr'>qui-</span> 
     </span>
     <span class='ocr_line' id='line_1_5' title="bbox 446 423 1123 471; baseline 0.004 -14"><span class='ocrx_word' id='word_1_21' title='bbox 446 423 596 458; x_wconf 76' lang='lat' dir='ltr'>husdam</span> <span class='ocrx_word' id='word_1_22' title='bbox 613 425 698 458; x_wconf 79' lang='lat' dir='ltr'>aliis.</span> <span class='ocrx_word' id='word_1_23' title='bbox 720 447 772 452; x_wconf 91' lang='lat'>—</span> <span class='ocrx_word' id='word_1_24' title='bbox 790 426 851 458; x_wconf 71' lang='lat' dir='ltr'>Res</span> <span class='ocrx_word' id='word_1_25' title='bbox 865 428 1051 471; x_wconf 78' lang='lat' dir='ltr'>praetricosa</span> <span class='ocrx_word' id='word_1_26' title='bbox 1067 434 1123 460; x_wconf 84' lang='lat' dir='ltr'>est.</span> 
     </span>
     <span class='ocr_line' id='line_1_6' title="bbox 447 477 1125 524; baseline 0.001 -14"><span class='ocrx_word' id='word_1_27' title='bbox 447 477 526 510; x_wconf 86' lang='lat' dir='ltr'>Sive</span> <span class='ocrx_word' id='word_1_28' title='bbox 550 480 743 522; x_wconf 77' lang='lat' dir='ltr'><strong><em>pertricosa,</em></strong></span> <span class='ocrx_word' id='word_1_29' title='bbox 768 478 839 512; x_wconf 83' lang='lat' dir='ltr'>sive</span> <span class='ocrx_word' id='word_1_30' title='bbox 864 482 1049 524; x_wconf 76' lang='lat' dir='ltr'>ptwtrt&#39;cosa</span> <span class='ocrx_word' id='word_1_31' title='bbox 1075 479 1125 512; x_wconf 89' lang='lat' dir='ltr'>le·</span> 
     </span>
     <span class='ocr_line' id='line_1_7' title="bbox 447 533 1126 576; baseline 0.001 -13"><span class='ocrx_word' id='word_1_32' title='bbox 447 542 588 575; x_wconf 85' lang='lat' dir='ltr'>gamus,</span> <span class='ocrx_word' id='word_1_33' title='bbox 612 539 799 576; x_wconf 86' lang='lat' dir='ltr'>utramque</span> <span class='ocrx_word' id='word_1_34' title='bbox 828 544 950 565; x_wconf 85' lang='lat' dir='ltr'>vocem</span> <span class='ocrx_word' id='word_1_35' title='bbox 978 544 996 564; x_wconf 87' lang='lat' dir='ltr'>a</span> <span class='ocrx_word' id='word_1_36' title='bbox 1023 533 1126 565; x_wconf 81' lang='lat' dir='ltr'>Tricoe</span> 
     </span>
     <span class='ocr_line' id='line_1_8' title="bbox 446 583 1126 630; baseline 0.004 -15"><span class='ocrx_word' id='word_1_37' title='bbox 446 583 568 616; x_wconf 77' lang='lat' dir='ltr'>venire</span> <span class='ocrx_word' id='word_1_38' title='bbox 586 596 658 617; x_wconf 92' lang='lat' dir='ltr'>non</span> <span class='ocrx_word' id='word_1_39' title='bbox 671 583 910 618; x_wconf 86' lang='lat' dir='ltr'>dubitabimus</span> <span class='ocrx_word' id='word_1_40' title='bbox 923 598 931 626; x_wconf 93' lang='lat'>;</span> <span class='ocrx_word' id='word_1_41' title='bbox 944 584 1029 630; x_wconf 89' lang='lat' dir='ltr'>quid</span> <span class='ocrx_word' id='word_1_42' title='bbox 1046 595 1126 619; x_wconf 87' lang='lat' dir='ltr'>sunt</span> 
     </span>
     <span class='ocr_line' id='line_1_9' title="bbox 448 637 1124 672; baseline 0.003 -3"><span class='ocrx_word' id='word_1_43' title='bbox 448 645 564 670; x_wconf 88' lang='lat' dir='ltr'>autem</span> <span class='ocrx_word' id='word_1_44' title='bbox 594 639 680 669; x_wconf 81' lang='lat' dir='ltr'>tricoe</span> <span class='ocrx_word' id='word_1_45' title='bbox 694 642 712 670; x_wconf 62' lang='grc' dir='ltr'>,ἢ</span> <span class='ocrx_word' id='word_1_46' title='bbox 738 637 774 671; x_wconf 87' lang='lat' dir='ltr'>Si</span> <span class='ocrx_word' id='word_1_47' title='bbox 803 638 892 671; x_wconf 89' lang='lat' dir='ltr'>hanc</span> <span class='ocrx_word' id='word_1_48' title='bbox 924 650 1046 671; x_wconf 84' lang='lat' dir='ltr'>vocem</span> <span class='ocrx_word' id='word_1_49' title='bbox 1082 651 1124 672; x_wconf 91' lang='lat' dir='ltr'>eo</span> 
     </span>
     <span class='ocr_line' id='line_1_10' title="bbox 446 690 1122 736; baseline 0.003 -14"><span class='ocrx_word' id='word_1_50' title='bbox 446 701 549 722; x_wconf 89' lang='lat' dir='ltr'>sensu</span> <span class='ocrx_word' id='word_1_51' title='bbox 571 690 793 736; x_wconf 82' lang='lat' dir='ltr'>intelligimus</span> <span class='ocrx_word' id='word_1_52' title='bbox 817 703 920 736; x_wconf 84' lang='lat' dir='ltr'>quem</span> <span class='ocrx_word' id='word_1_53' title='bbox 945 693 1014 736; x_wconf 82' lang='lat' dir='ltr'>jam</span> <span class='ocrx_word' id='word_1_54' title='bbox 1032 717 1040 732; x_wconf 92' lang='lat'>,</span> <span class='ocrx_word' id='word_1_55' title='bbox 1063 691 1122 724; x_wconf 82' lang='lat' dir='ltr'>lib.</span> 
     </span>
     <span class='ocr_line' id='line_1_11' title="bbox 445 741 1121 789; baseline 0.004 -15"><span class='ocrx_word' id='word_1_56' title='bbox 445 741 463 774; x_wconf 95' lang='lat' dir='ltr'>I</span> <span class='ocrx_word' id='word_1_57' title='bbox 475 767 484 782; x_wconf 88' lang='lat'>,</span> <span class='ocrx_word' id='word_1_58' title='bbox 499 742 607 788; x_wconf 82' lang='lat' dir='ltr'>epigr.</span> <span class='ocrx_word' id='word_1_59' title='bbox 626 756 719 785; x_wconf 74' lang='lat' dir='ltr'>cnv,</span> <span class='ocrx_word' id='word_1_60' title='bbox 734 757 768 778; x_wconf 88' lang='lat' dir='ltr'>v.</span> <span class='ocrx_word' id='word_1_61' title='bbox 792 757 809 777; x_wconf 77' lang='lat'>2</span> <span class='ocrx_word' id='word_1_62' title='bbox 826 771 834 785; x_wconf 91' lang='lat'>‚</span> <span class='ocrx_word' id='word_1_63' title='bbox 854 744 1100 789; x_wconf 79' lang='lat' dir='ltr'>explicavimus</span> <span class='ocrx_word' id='word_1_64' title='bbox 1114 771 1121 785; x_wconf 95' lang='lat'>,</span> 
     </span>
     <span class='ocr_line' id='line_1_12' title="bbox 444 795 1123 838; baseline 0.006 -12"><span class='ocrx_word' id='word_1_65' title='bbox 444 801 522 827; x_wconf 89' lang='lat' dir='ltr'>tum</span> <span class='ocrx_word' id='word_1_66' title='bbox 564 795 719 830; x_wconf 78' lang='lat' dir='ltr'>dicemus</span> <span class='ocrx_word' id='word_1_67' title='bbox 736 822 745 838; x_wconf 94' lang='lat'>,</span> <span class='ocrx_word' id='word_1_68' title='bbox 781 797 911 830; x_wconf 89' lang='lat' dir='ltr'>bellum</span> <span class='ocrx_word' id='word_1_69' title='bbox 942 797 1123 830; x_wconf 86' lang='lat' dir='ltr'>hominem</span> 
     </span>
     <span class='ocr_line' id='line_1_13' title="bbox 446 849 1123 891; baseline 0.003 -10"><span class='ocrx_word' id='word_1_70' title='bbox 446 860 519 881; x_wconf 89' lang='lat' dir='ltr'>esse</span> <span class='ocrx_word' id='word_1_71' title='bbox 540 861 614 881; x_wconf 88' lang='lat' dir='ltr'>rem</span> <span class='ocrx_word' id='word_1_72' title='bbox 633 849 902 884; x_wconf 86' lang='lat' dir='ltr'>minutissimam</span> <span class='ocrx_word' id='word_1_73' title='bbox 916 876 925 891; x_wconf 88' lang='lat'>‚</span> <span class='ocrx_word' id='word_1_74' title='bbox 951 858 990 883; x_wconf 90' lang='lat' dir='ltr'>ut</span> <span class='ocrx_word' id='word_1_75' title='bbox 1008 850 1123 883; x_wconf 90' lang='lat' dir='ltr'>minu-</span> 
     </span>
    </p>
   </div>
   <div class='ocr_carea' id='block_1_3' title="bbox 833 181 1494 227">
    <p class='ocr_par' dir='ltr' id='par_1_3' title="bbox 833 181 1494 227">
     <span class='ocr_line' id='line_1_14' title="bbox 833 181 1494 227; baseline 0.002 -3"><span class='ocrx_word' id='word_1_76' title='bbox 833 181 895 224; x_wconf 89' lang='lat' dir='ltr'>M.</span> <span class='ocrx_word' id='word_1_77' title='bbox 920 182 1062 225; x_wconf 88' lang='lat' dir='ltr'>VAL.</span> <span class='ocrx_word' id='word_1_78' title='bbox 1102 182 1494 227; x_wconf 83' lang='lat' dir='ltr'><strong>MARTIALIS</strong></span> 
     </span>
    </p>
   </div>
   <div class='ocr_carea' id='block_1_4' title="bbox 1183 265 1865 895">
    <p class='ocr_par' dir='ltr' id='par_1_4' title="bbox 1183 265 1865 895">
     <span class='ocr_line' id='line_1_15' title="bbox 1185 265 1864 312; baseline -0.001 -11"><span class='ocrx_word' id='word_1_79' title='bbox 1185 267 1315 301; x_wconf 87' lang='lat' dir='ltr'>tissima</span> <span class='ocrx_word' id='word_1_80' title='bbox 1331 275 1429 301; x_wconf 83' lang='lat' dir='ltr'>erant</span> <span class='ocrx_word' id='word_1_81' title='bbox 1445 265 1576 312; x_wconf 88' lang='lat' dir='ltr'>oppida</span> <span class='ocrx_word' id='word_1_82' title='bbox 1600 267 1704 299; x_wconf 78' lang='lat' dir='ltr'>Tricae</span> <span class='ocrx_word' id='word_1_83' title='bbox 1722 267 1864 312; x_wconf 84' lang='lat' dir='ltr'>Apinae-</span> 
     </span>
     <span class='ocr_line' id='line_1_16' title="bbox 1185 319 1864 366; baseline 0.001 -13"><span class='ocrx_word' id='word_1_84' title='bbox 1185 333 1262 366; x_wconf 88' lang='lat' dir='ltr'>que.</span> <span class='ocrx_word' id='word_1_85' title='bbox 1293 321 1354 353; x_wconf 86' lang='lat' dir='ltr'>Sin</span> <span class='ocrx_word' id='word_1_86' title='bbox 1376 329 1491 353; x_wconf 87' lang='lat' dir='ltr'>autem</span> <span class='ocrx_word' id='word_1_87' title='bbox 1520 321 1613 352; x_wconf 75' lang='lat' dir='ltr'>tricas</span> <span class='ocrx_word' id='word_1_88' title='bbox 1635 319 1864 365; x_wconf 84' lang='lat' dir='ltr'>intelligimus</span> 
     </span>
     <span class='ocr_line' id='line_1_17' title="bbox 1183 371 1865 419; baseline 0 -13"><span class='ocrx_word' id='word_1_89' title='bbox 1183 374 1241 406; x_wconf 78' lang='lat' dir='ltr'>fila</span> <span class='ocrx_word' id='word_1_90' title='bbox 1258 373 1419 419; x_wconf 86' lang='lat' dir='ltr'>quaedam</span> <span class='ocrx_word' id='word_1_91' title='bbox 1439 382 1473 406; x_wconf 89' lang='lat' dir='ltr'>et</span> <span class='ocrx_word' id='word_1_92' title='bbox 1484 371 1735 417; x_wconf 86' lang='lat' dir='ltr'>impedimenta</span> <span class='ocrx_word' id='word_1_93' title='bbox 1751 374 1865 418; x_wconf 89' lang='lat' dir='ltr'>pullo-</span> 
     </span>
     <span class='ocr_line' id='line_1_18' title="bbox 1184 424 1862 471; baseline 0.001 -12"><span class='ocrx_word' id='word_1_94' title='bbox 1184 439 1263 459; x_wconf 87' lang='lat' dir='ltr'>rum</span> <span class='ocrx_word' id='word_1_95' title='bbox 1294 427 1563 471; x_wconf 80' lang='lat' dir='ltr'>gallinaceorum</span> <span class='ocrx_word' id='word_1_96' title='bbox 1586 424 1732 471; x_wconf 86' lang='lat' dir='ltr'>pedibus</span> <span class='ocrx_word' id='word_1_97' title='bbox 1762 425 1862 460; x_wconf 87' lang='lat' dir='ltr'>inna-</span> 
     </span>
     <span class='ocr_line' id='line_1_19' title="bbox 1184 478 1863 521; baseline 0 -9"><span class='ocrx_word' id='word_1_98' title='bbox 1184 479 1314 513; x_wconf 84' lang='lat' dir='ltr'>scentia</span> <span class='ocrx_word' id='word_1_99' title='bbox 1330 506 1339 521; x_wconf 88' lang='lat'><strong><em>‚</em></strong></span> <span class='ocrx_word' id='word_1_100' title='bbox 1361 478 1514 512; x_wconf 90' lang='lat' dir='ltr'>dicemus</span> <span class='ocrx_word' id='word_1_101' title='bbox 1532 478 1710 511; x_wconf 87' lang='lat' dir='ltr'>hominem</span> <span class='ocrx_word' id='word_1_102' title='bbox 1728 479 1863 512; x_wconf 89' lang='lat' dir='ltr'>bellum</span> 
     </span>
     <span class='ocr_line' id='line_1_20' title="bbox 1185 531 1862 577; baseline -0.001 -12"><span class='ocrx_word' id='word_1_103' title='bbox 1185 545 1256 565; x_wconf 87' lang='lat' dir='ltr'>esse</span> <span class='ocrx_word' id='word_1_104' title='bbox 1273 532 1368 565; x_wconf 89' lang='lat' dir='ltr'>omni</span> <span class='ocrx_word' id='word_1_105' title='bbox 1385 544 1556 577; x_wconf 86' lang='lat' dir='ltr'>nugarum</span> <span class='ocrx_word' id='word_1_106' title='bbox 1575 544 1700 577; x_wconf 80' lang='lat' dir='ltr'>genere</span> <span class='ocrx_word' id='word_1_107' title='bbox 1718 531 1862 577; x_wconf 83' lang='lat' dir='ltr'>impedi-</span> 
     </span>
     <span class='ocr_line' id='line_1_21' title="bbox 1185 585 1862 630; baseline -0.001 -12"><span class='ocrx_word' id='word_1_108' title='bbox 1185 593 1260 618; x_wconf 88' lang='lat' dir='ltr'>tum</span> <span class='ocrx_word' id='word_1_109' title='bbox 1291 594 1324 618; x_wconf 89' lang='lat' dir='ltr'>et</span> <span class='ocrx_word' id='word_1_110' title='bbox 1352 585 1449 630; x_wconf 86' lang='lat' dir='ltr'>quasi</span> <span class='ocrx_word' id='word_1_111' title='bbox 1478 585 1674 617; x_wconf 84' lang='lat' dir='ltr'>involutum</span> <span class='ocrx_word' id='word_1_112' title='bbox 1693 610 1702 626; x_wconf 86' lang='lat'>,</span> <span class='ocrx_word' id='word_1_113' title='bbox 1735 593 1775 617; x_wconf 90' lang='lat' dir='ltr'>ut</span> <span class='ocrx_word' id='word_1_114' title='bbox 1802 597 1862 630; x_wconf 87' lang='lat' dir='ltr'>pes</span> 
     </span>
     <span class='ocr_line' id='line_1_22' title="bbox 1184 638 1861 683; baseline -0.001 -12"><span class='ocrx_word' id='word_1_115' title='bbox 1184 639 1365 683; x_wconf 88' lang='lat' dir='ltr'>pullorum</span> <span class='ocrx_word' id='word_1_116' title='bbox 1395 638 1490 671; x_wconf 84' lang='lat' dir='ltr'>tricis</span> <span class='ocrx_word' id='word_1_117' title='bbox 1514 638 1716 670; x_wconf 74' lang='lat' dir='ltr'>involvitur.</span> <span class='ocrx_word' id='word_1_118' title='bbox 1752 638 1861 670; x_wconf 86' lang='lat' dir='ltr'>Deni-</span> 
     </span>
     <span class='ocr_line' id='line_1_23' title="bbox 1185 691 1862 736; baseline -0.001 -12"><span class='ocrx_word' id='word_1_119' title='bbox 1185 704 1252 736; x_wconf 90' lang='lat' dir='ltr'>que</span> <span class='ocrx_word' id='word_1_120' title='bbox 1273 692 1300 724; x_wconf 88' lang='lat' dir='ltr'>si</span> <span class='ocrx_word' id='word_1_121' title='bbox 1323 692 1468 736; x_wconf 83' lang='lat' dir='ltr'>legimus</span> <span class='ocrx_word' id='word_1_122' title='bbox 1481 692 1656 736; x_wconf 64' lang='lat' dir='ltr'>pell-icam,</span> <span class='ocrx_word' id='word_1_123' title='bbox 1678 691 1862 736; x_wconf 82' lang='lat' dir='ltr'>metapho-</span> 
     </span>
     <span class='ocr_line' id='line_1_24' title="bbox 1184 743 1862 789; baseline -0.003 -12"><span class='ocrx_word' id='word_1_124' title='bbox 1184 745 1254 777; x_wconf 90' lang='lat' dir='ltr'>rice</span> <span class='ocrx_word' id='word_1_125' title='bbox 1274 744 1506 789; x_wconf 85' lang='lat' dir='ltr'>intelligemus</span> <span class='ocrx_word' id='word_1_126' title='bbox 1531 743 1631 788; x_wconf 83' lang='lat' dir='ltr'>nugis</span> <span class='ocrx_word' id='word_1_127' title='bbox 1648 768 1656 783; x_wconf 90' lang='lat'>,</span> <span class='ocrx_word' id='word_1_128' title='bbox 1683 743 1780 788; x_wconf 86' lang='lat' dir='ltr'>quasi</span> <span class='ocrx_word' id='word_1_129' title='bbox 1803 757 1862 788; x_wconf 77' lang='lat' dir='ltr'>pe-</span> 
     </span>
     <span class='ocr_line' id='line_1_25' title="bbox 1185 795 1863 842; baseline 0 -13"><span class='ocrx_word' id='word_1_130' title='bbox 1185 799 1241 830; x_wconf 79' lang='lat' dir='ltr'>tris</span> <span class='ocrx_word' id='word_1_131' title='bbox 1259 805 1293 830; x_wconf 87' lang='lat' dir='ltr'>et</span> <span class='ocrx_word' id='word_1_132' title='bbox 1311 797 1441 829; x_wconf 78' lang='lat' dir='ltr'>salebris</span> <span class='ocrx_word' id='word_1_133' title='bbox 1462 795 1629 842; x_wconf 86' lang='lat' dir='ltr'>impedita</span> <span class='ocrx_word' id='word_1_134' title='bbox 1645 822 1654 838; x_wconf 89' lang='lat'><strong><em>‚</em></strong></span> <span class='ocrx_word' id='word_1_135' title='bbox 1673 795 1770 841; x_wconf 87' lang='lat' dir='ltr'>quod</span> <span class='ocrx_word' id='word_1_136' title='bbox 1797 796 1863 829; x_wconf 74' lang='lat' dir='ltr'>erit</span> 
     </span>
     <span class='ocr_line' id='line_1_26' title="bbox 1184 849 1644 895; baseline -0.002 -12"><span class='ocrx_word' id='word_1_137' title='bbox 1184 863 1294 895; x_wconf 85' lang='lat' dir='ltr'>prope</span> <span class='ocrx_word' id='word_1_138' title='bbox 1314 849 1409 883; x_wconf 86' lang='lat' dir='ltr'>idem</span> <span class='ocrx_word' id='word_1_139' title='bbox 1431 862 1560 883; x_wconf 86' lang='lat' dir='ltr'>sensus.</span> <span class='ocrx_word' id='word_1_140' title='bbox 1577 849 1644 882; x_wconf 81' lang='lat' dir='ltr'>En.</span> 
     </span>
    </p>
   </div>
   <div class='ocr_carea' id='block_1_5' title="bbox 1039 999 1271 1053">
    <p class='ocr_par' dir='ltr' id='par_1_5' title="bbox 1039 999 1271 1053">
     <span class='ocr_line' id='line_1_27' title="bbox 1039 999 1271 1053; baseline 0.004 -1"><span class='ocrx_word' id='word_1_141' title='bbox 1039 999 1271 1053; x_wconf 80' lang='lat' dir='ltr'>LXIV.</span> 
     </span>
    </p>
   </div>
   <div class='ocr_carea' id='block_1_6' title="bbox 754 1140 1553 1200">
    <p class='ocr_par' dir='ltr' id='par_1_6' title="bbox 754 1140 1553 1200">
     <span class='ocr_line' id='line_1_28' title="bbox 754 1140 1553 1200; baseline -0.003 -11"><span class='ocrx_word' id='word_1_142' title='bbox 754 1162 820 1189; x_wconf 88' lang='grc' dir='ltr'>ΑΙ)</span> <span class='ocrx_word' id='word_1_143' title='bbox 861 1161 1196 1200; x_wconf 78' lang='lat' dir='ltr'>CASSIANUM,</span> <span class='ocrx_word' id='word_1_144' title='bbox 1236 1162 1299 1188; x_wconf 82' lang='lat' dir='ltr'>DE</span> <span class='ocrx_word' id='word_1_145' title='bbox 1339 1140 1553 1188; x_wconf 63' lang='lat' dir='ltr'>CAN10.⁴</span> 
     </span>
    </p>
   </div>
   <div class='ocr_carea' id='block_1_7' title="bbox 585 1300 1609 1572">
    <p class='ocr_par' dir='ltr' id='par_1_7' title="bbox 585 1300 1609 1572">
     <span class='ocr_line' id='line_1_29' title="bbox 587 1300 1550 1361; baseline -0.002 -17"><span class='ocrx_word' id='word_1_146' title='bbox 587 1302 789 1345; x_wconf 76' lang='lat' dir='ltr'><strong>SIRENAS</strong></span> <span class='ocrx_word' id='word_1_147' title='bbox 814 1300 996 1344; x_wconf 84' lang='lat' dir='ltr'>hilarem</span> <span class='ocrx_word' id='word_1_148' title='bbox 1025 1302 1323 1361; x_wconf 79' lang='lat' dir='ltr'>navigantium</span> <span class='ocrx_word' id='word_1_149' title='bbox 1352 1316 1550 1360; x_wconf 79' lang='lat' dir='ltr'>poenam,</span> 
     </span>
     <span class='ocr_line' id='line_1_30' title="bbox 586 1369 1609 1432; baseline -0.002 -18"><span class='ocrx_word' id='word_1_150' title='bbox 586 1370 858 1432; x_wconf 83' lang='lat' dir='ltr'>Blandasque</span> <span class='ocrx_word' id='word_1_151' title='bbox 880 1382 1064 1426; x_wconf 80' lang='lat' dir='ltr'>mortes,</span> <span class='ocrx_word' id='word_1_152' title='bbox 1091 1371 1382 1432; x_wconf 80' lang='lat' dir='ltr'>gaudiumque</span> <span class='ocrx_word' id='word_1_153' title='bbox 1411 1369 1609 1424; x_wconf 82' lang='lat' dir='ltr'>crudele,</span> 
     </span>
     <span class='ocr_line' id='line_1_31' title="bbox 586 1440 1588 1502; baseline -0.001 -18"><span class='ocrx_word' id='word_1_154' title='bbox 586 1442 708 1498; x_wconf 85' lang='lat' dir='ltr'>Quas</span> <span class='ocrx_word' id='word_1_155' title='bbox 734 1458 863 1485; x_wconf 87' lang='lat' dir='ltr'>nemo</span> <span class='ocrx_word' id='word_1_156' title='bbox 892 1442 1113 1502; x_wconf 86' lang='lat' dir='ltr'>quondam</span> <span class='ocrx_word' id='word_1_157' title='bbox 1141 1441 1370 1485; x_wconf 82' lang='lat' dir='ltr'>deserebat</span> <span class='ocrx_word' id='word_1_158' title='bbox 1394 1440 1588 1495; x_wconf 81' lang='lat' dir='ltr'>auditas,</span> 
     </span>
     <span class='ocr_line' id='line_1_32' title="bbox 585 1511 1383 1572; baseline 0.001 -19"><span class='ocrx_word' id='word_1_159' title='bbox 585 1511 731 1556; x_wconf 83' lang='lat' dir='ltr'>Fallax</span> <span class='ocrx_word' id='word_1_160' title='bbox 760 1512 932 1572; x_wconf 79' lang='lat' dir='ltr'>Ulysses</span> <span class='ocrx_word' id='word_1_161' title='bbox 961 1512 1119 1556; x_wconf 86' lang='lat' dir='ltr'>dicitur</span> <span class='ocrx_word' id='word_1_162' title='bbox 1148 1511 1383 1572; x_wconf 82' lang='lat' dir='ltr'>reliquisse.</span> 
     </span>
    </p>
   </div>
   <div class='ocr_carea' id='block_1_8' title="bbox 447 1658 1126 2449">
    <p class='ocr_par' dir='ltr' id='par_1_8' title="bbox 447 1658 1126 2068">
     <span class='ocr_line' id='line_1_33' title="bbox 501 1658 1123 1709; baseline 0 -13"><span class='ocrx_word' id='word_1_163' title='bbox 501 1658 515 1672; x_wconf 68' lang='lat'>&#39;¹</span> <span class='ocrx_word' id='word_1_164' title='bbox 533 1664 648 1696; x_wconf 84' lang='lat' dir='ltr'>Jocosi</span> <span class='ocrx_word' id='word_1_165' title='bbox 676 1664 768 1697; x_wconf 87' lang='lat' dir='ltr'>illius</span> <span class='ocrx_word' id='word_1_166' title='bbox 792 1672 901 1709; x_wconf 78' lang='lat' dir='ltr'>poetae</span> <span class='ocrx_word' id='word_1_167' title='bbox 926 1664 1024 1697; x_wconf 86' lang='lat' dir='ltr'>Canii</span> <span class='ocrx_word' id='word_1_168' title='bbox 1044 1676 1123 1696; x_wconf 76' lang='lat' dir='ltr'>vere</span> 
     </span>
     <span class='ocr_line' id='line_1_34' title="bbox 449 1711 1123 1762; baseline 0 -13"><span class='ocrx_word' id='word_1_169' title='bbox 449 1715 613 1750; x_wconf 78' lang='lat' dir='ltr'>Gaditani</span> <span class='ocrx_word' id='word_1_170' title='bbox 627 1711 712 1759; x_wconf 75' lang='lat' dir='ltr'>(lib.</span> <span class='ocrx_word' id='word_1_171' title='bbox 724 1718 741 1748; x_wconf 95' lang='lat' dir='ltr'>I</span> <span class='ocrx_word' id='word_1_172' title='bbox 753 1741 762 1757; x_wconf 91' lang='lat'>,</span> <span class='ocrx_word' id='word_1_173' title='bbox 781 1717 888 1762; x_wconf 84' lang='lat' dir='ltr'>epigr.</span> <span class='ocrx_word' id='word_1_174' title='bbox 909 1729 984 1750; x_wconf 80' lang='lat' dir='ltr'>an</span> <span class='ocrx_word' id='word_1_175' title='bbox 997 1741 1006 1757; x_wconf 97' lang='lat'>,</span> <span class='ocrx_word' id='word_1_176' title='bbox 1024 1730 1055 1749; x_wconf 80' lang='lat' dir='ltr'>v.</span> <span class='ocrx_word' id='word_1_177' title='bbox 1074 1715 1123 1761; x_wconf 83' lang='lat'>9),</span> 
     </span>
     <span class='ocr_line' id='line_1_35' title="bbox 447 1767 1122 1814; baseline 0.001 -12"><span class='ocrx_word' id='word_1_178' title='bbox 447 1781 654 1814; x_wconf 82' lang='lat' dir='ltr'>semperque</span> <span class='ocrx_word' id='word_1_179' title='bbox 674 1768 820 1802; x_wconf 88' lang='lat' dir='ltr'>ridentis</span> <span class='ocrx_word' id='word_1_180' title='bbox 849 1767 931 1808; x_wconf 87' lang='lat' dir='ltr'>(lib.</span> <span class='ocrx_word' id='word_1_181' title='bbox 947 1770 963 1801; x_wconf 88' lang='lat' dir='ltr'>I</span> <span class='ocrx_word' id='word_1_182' title='bbox 977 1795 984 1807; x_wconf 92' lang='lat'>,</span> <span class='ocrx_word' id='word_1_183' title='bbox 1015 1770 1122 1814; x_wconf 84' lang='lat' dir='ltr'>epigr.</span> 
     </span>
     <span class='ocr_line' id='line_1_36' title="bbox 448 1820 1125 1867; baseline 0.001 -13"><span class='ocrx_word' id='word_1_184' title='bbox 448 1834 517 1854; x_wconf 78' lang='lat' dir='ltr'>Lxx</span> <span class='ocrx_word' id='word_1_185' title='bbox 532 1837 540 1862; x_wconf 81' lang='lat'><em>3</em></span> <span class='ocrx_word' id='word_1_186' title='bbox 558 1822 619 1854; x_wconf 87' lang='lat' dir='ltr'>lib.</span> <span class='ocrx_word' id='word_1_187' title='bbox 637 1823 710 1861; x_wconf 79' lang='lat' dir='ltr'>III,</span> <span class='ocrx_word' id='word_1_188' title='bbox 728 1822 839 1867; x_wconf 80' lang='lat' dir='ltr'>epigr.</span> <span class='ocrx_word' id='word_1_189' title='bbox 856 1820 920 1862; x_wconf 78' lang='lat' dir='ltr'>xx)</span> <span class='ocrx_word' id='word_1_190' title='bbox 937 1834 1125 1863; x_wconf 65' lang='lat' dir='ltr'>sermoneS,</span> 
     </span>
     <span class='ocr_line' id='line_1_37' title="bbox 448 1874 1125 1921; baseline 0.001 -14"><span class='ocrx_word' id='word_1_191' title='bbox 448 1875 559 1908; x_wconf 85' lang='lat' dir='ltr'>faceto</span> <span class='ocrx_word' id='word_1_192' title='bbox 579 1876 697 1921; x_wconf 87' lang='lat' dir='ltr'>lepore</span> <span class='ocrx_word' id='word_1_193' title='bbox 720 1874 886 1908; x_wconf 84' lang='lat' dir='ltr'>delicatos</span> <span class='ocrx_word' id='word_1_194' title='bbox 901 1901 909 1915; x_wconf 94' lang='lat'>‚</span> <span class='ocrx_word' id='word_1_195' title='bbox 931 1875 978 1908; x_wconf 82' lang='lat' dir='ltr'>ait</span> <span class='ocrx_word' id='word_1_196' title='bbox 1000 1875 1125 1908; x_wconf 87' lang='lat' dir='ltr'>Noster</span> 
     </span>
     <span class='ocr_line' id='line_1_38' title="bbox 448 1927 1124 1973; baseline 0.001 -13"><span class='ocrx_word' id='word_1_197' title='bbox 448 1928 616 1960; x_wconf 89' lang='lat' dir='ltr'>leniorem</span> <span class='ocrx_word' id='word_1_198' title='bbox 647 1928 718 1961; x_wconf 73' lang='lat' dir='ltr'>vim</span> <span class='ocrx_word' id='word_1_199' title='bbox 745 1928 876 1961; x_wconf 81' lang='lat' dir='ltr'>habere</span> <span class='ocrx_word' id='word_1_200' title='bbox 905 1941 1008 1973; x_wconf 89' lang='lat' dir='ltr'>quam</span> <span class='ocrx_word' id='word_1_201' title='bbox 1032 1927 1124 1961; x_wconf 82' lang='lat' dir='ltr'>Sire-</span> 
     </span>
     <span class='ocr_line' id='line_1_39' title="bbox 448 1980 1126 2021; baseline 0 -8"><span class='ocrx_word' id='word_1_202' title='bbox 448 1993 534 2013; x_wconf 85' lang='lat' dir='ltr'>num</span> <span class='ocrx_word' id='word_1_203' title='bbox 569 1989 690 2014; x_wconf 84' lang='lat' dir='ltr'>cantus</span> <span class='ocrx_word' id='word_1_204' title='bbox 706 2007 714 2021; x_wconf 93' lang='lat'>,</span> <span class='ocrx_word' id='word_1_205' title='bbox 746 1980 789 2014; x_wconf 84' lang='lat' dir='ltr'>ad</span> <span class='ocrx_word' id='word_1_206' title='bbox 821 1994 918 2014; x_wconf 85' lang='lat' dir='ltr'>aures</span> <span class='ocrx_word' id='word_1_207' title='bbox 949 1990 1126 2014; x_wconf 86' lang='lat' dir='ltr'>tormento</span> 
     </span>
     <span class='ocr_line' id='line_1_40' title="bbox 450 2033 869 2068; baseline 0 -2"><span class='ocrx_word' id='word_1_208' title='bbox 450 2033 545 2068; x_wconf 85' lang='lat' dir='ltr'>dulci</span> <span class='ocrx_word' id='word_1_209' title='bbox 565 2033 779 2067; x_wconf 83' lang='lat' dir='ltr'>detinendas.</span> <span class='ocrx_word' id='word_1_210' title='bbox 802 2035 869 2067; x_wconf 75' lang='lat' dir='ltr'>En.</span> 
     </span>
    </p>

    <p class='ocr_par' dir='ltr' id='par_1_9' title="bbox 451 2087 1126 2449">
     <span class='ocr_line' id='line_1_41' title="bbox 510 2087 1126 2131; baseline -0.002 -12"><span class='ocrx_word' id='word_1_211' title='bbox 510 2099 537 2119; x_wconf 89' lang='grc' dir='ltr'>Ι.</span> <span class='ocrx_word' id='word_1_212' title='bbox 582 2087 709 2120; x_wconf 76' lang='lat' dir='ltr'>Sirenas</span> <span class='ocrx_word' id='word_1_213' title='bbox 753 2087 865 2119; x_wconf 75' lang='lat' dir='ltr'>hilares</span> <span class='ocrx_word' id='word_1_214' title='bbox 906 2089 1126 2131; x_wconf 57' lang='lat' dir='ltr'>navigantium]</span> 
     </span>
     <span class='ocr_line' id='line_1_42' title="bbox 453 2139 1125 2173; baseline 0.001 -2"><span class='ocrx_word' id='word_1_215' title='bbox 453 2153 553 2172; x_wconf 81' lang='lat' dir='ltr'>moras</span> <span class='ocrx_word' id='word_1_216' title='bbox 576 2140 611 2172; x_wconf 87' lang='lat' dir='ltr'>in</span> <span class='ocrx_word' id='word_1_217' title='bbox 633 2139 755 2173; x_wconf 83' lang='lat' dir='ltr'>codice</span> <span class='ocrx_word' id='word_1_218' title='bbox 778 2139 975 2172; x_wconf 86' lang='lat' dir='ltr'>Pulmanni.</span> <span class='ocrx_word' id='word_1_219' title='bbox 1004 2160 1055 2165; x_wconf 84' lang='lat'>-—</span> <span class='ocrx_word' id='word_1_220' title='bbox 1073 2139 1125 2172; x_wconf 78' lang='lat' dir='ltr'>Si·</span> 
     </span>
     <span class='ocr_line' id='line_1_43' title="bbox 452 2192 1126 2236; baseline -0.003 -11"><span class='ocrx_word' id='word_1_221' title='bbox 452 2206 553 2226; x_wconf 81' lang='lat' dir='ltr'>renas.</span> <span class='ocrx_word' id='word_1_222' title='bbox 571 2193 725 2233; x_wconf 81' lang='lat' dir='ltr'>Sirenes,</span> <span class='ocrx_word' id='word_1_223' title='bbox 741 2193 887 2225; x_wconf 87' lang='lat' dir='ltr'>Acheloi</span> <span class='ocrx_word' id='word_1_224' title='bbox 904 2202 938 2226; x_wconf 83' lang='lat' dir='ltr'>et</span> <span class='ocrx_word' id='word_1_225' title='bbox 953 2192 1126 2236; x_wconf 89' lang='lat' dir='ltr'>Calliopes</span> 
     </span>
     <span class='ocr_line' id='line_1_44' title="bbox 451 2245 1126 2289; baseline -0.001 -11"><span class='ocrx_word' id='word_1_226' title='bbox 451 2245 550 2286; x_wconf 65' lang='lat' dir='ltr'>filiae,</span> <span class='ocrx_word' id='word_1_227' title='bbox 579 2246 724 2279; x_wconf 87' lang='lat' dir='ltr'>nomine</span> <span class='ocrx_word' id='word_1_228' title='bbox 747 2246 914 2279; x_wconf 82' lang='lat' dir='ltr'>Leucosia</span> <span class='ocrx_word' id='word_1_229' title='bbox 935 2271 943 2287; x_wconf 84' lang='lat'>‚</span> <span class='ocrx_word' id='word_1_230' title='bbox 970 2245 1064 2289; x_wconf 76' lang='lat' dir='ltr'>Ligia</span> <span class='ocrx_word' id='word_1_231' title='bbox 1093 2253 1126 2277; x_wconf 80' lang='lat' dir='ltr'>et</span> 
     </span>
     <span class='ocr_line' id='line_1_45' title="bbox 452 2298 1125 2344; baseline -0.001 -13"><span class='ocrx_word' id='word_1_232' title='bbox 452 2298 694 2344; x_wconf 83' lang='lat' dir='ltr'>Parthenope,</span> <span class='ocrx_word' id='word_1_233' title='bbox 725 2307 824 2331; x_wconf 87' lang='lat' dir='ltr'>erant</span> <span class='ocrx_word' id='word_1_234' title='bbox 849 2307 1003 2331; x_wconf 77' lang='lat' dir='ltr'>monstra</span> <span class='ocrx_word' id='word_1_235' title='bbox 1032 2310 1125 2343; x_wconf 80' lang='lat' dir='ltr'>quae-</span> 
     </span>
     <span class='ocr_line' id='line_1_46' title="bbox 451 2350 1125 2397; baseline -0.001 -13"><span class='ocrx_word' id='word_1_236' title='bbox 451 2350 555 2392; x_wconf 86' lang='lat' dir='ltr'>dam,</span> <span class='ocrx_word' id='word_1_237' title='bbox 584 2352 771 2384; x_wconf 85' lang='lat' dir='ltr'>mulierum</span> <span class='ocrx_word' id='word_1_238' title='bbox 799 2363 950 2397; x_wconf 87' lang='lat' dir='ltr'>superne</span> <span class='ocrx_word' id='word_1_239' title='bbox 978 2351 1125 2384; x_wconf 83' lang='lat' dir='ltr'>sormam</span> 
     </span>
     <span class='ocr_line' id='line_1_47' title="bbox 451 2403 1125 2449; baseline -0.001 -12"><span class='ocrx_word' id='word_1_240' title='bbox 451 2404 654 2445; x_wconf 81' lang='lat' dir='ltr'>referentia,</span> <span class='ocrx_word' id='word_1_241' title='bbox 671 2413 703 2437; x_wconf 82' lang='lat' dir='ltr'>et</span> <span class='ocrx_word' id='word_1_242' title='bbox 722 2404 758 2437; x_wconf 91' lang='lat' dir='ltr'>in</span> <span class='ocrx_word' id='word_1_243' title='bbox 776 2404 888 2449; x_wconf 87' lang='lat' dir='ltr'>pisces</span> <span class='ocrx_word' id='word_1_244' title='bbox 908 2403 1102 2437; x_wconf 73' lang='lat' dir='ltr'>desinentia</span> <span class='ocrx_word' id='word_1_245' title='bbox 1116 2429 1125 2444; x_wconf 92' lang='lat'><em>‚</em></span> 
     </span>
    </p>
   </div>
   <div class='ocr_carea' id='block_1_9' title="bbox 453 2457 1128 2502">
    <p class='ocr_par' dir='ltr' id='par_1_10' title="bbox 453 2457 1128 2502">
     <span class='ocr_line' id='line_1_48' title="bbox 453 2457 1128 2502; baseline 0 -13"><span class='ocrx_word' id='word_1_246' title='bbox 453 2468 529 2501; x_wconf 87' lang='lat' dir='ltr'>quae</span> <span class='ocrx_word' id='word_1_247' title='bbox 542 2481 551 2497; x_wconf 90' lang='lat'>,</span> <span class='ocrx_word' id='word_1_248' title='bbox 571 2457 606 2489; x_wconf 92' lang='lat' dir='ltr'>in</span> <span class='ocrx_word' id='word_1_249' title='bbox 624 2457 866 2502; x_wconf 67' lang='lat' dir='ltr'>promontoric</span> <span class='ocrx_word' id='word_1_250' title='bbox 889 2457 1050 2489; x_wconf 88' lang='lat' dir='ltr'>Lucaniae</span> <span class='ocrx_word' id='word_1_251' title='bbox 1069 2457 1128 2489; x_wconf 87' lang='lat' dir='ltr'>ha-</span> 
     </span>
    </p>
   </div>
   <div class='ocr_carea' id='block_1_10' title="bbox 450 2509 1126 2660">
    <p class='ocr_par' dir='ltr' id='par_1_11' title="bbox 450 2509 1126 2660">
     <span class='ocr_line' id='line_1_49' title="bbox 451 2509 1125 2549; baseline 0 -7"><span class='ocrx_word' id='word_1_252' title='bbox 451 2509 621 2549; x_wconf 79' lang='lat' dir='ltr'>bitantia,</span> <span class='ocrx_word' id='word_1_253' title='bbox 649 2510 780 2543; x_wconf 87' lang='lat' dir='ltr'>illectos</span> <span class='ocrx_word' id='word_1_254' title='bbox 813 2511 980 2543; x_wconf 83' lang='lat' dir='ltr'>suavitate</span> <span class='ocrx_word' id='word_1_255' title='bbox 1006 2518 1125 2542; x_wconf 84' lang='lat' dir='ltr'>cantus</span> 
     </span>
     <span class='ocr_line' id='line_1_50' title="bbox 451 2562 1126 2607; baseline 0.001 -13"><span class='ocrx_word' id='word_1_256' title='bbox 451 2570 572 2595; x_wconf 82' lang='lat' dir='ltr'>nautas</span> <span class='ocrx_word' id='word_1_257' title='bbox 590 2562 623 2594; x_wconf 81' lang='lat' dir='ltr'>in</span> <span class='ocrx_word' id='word_1_258' title='bbox 641 2563 805 2607; x_wconf 81' lang='lat' dir='ltr'>scopulos</span> <span class='ocrx_word' id='word_1_259' title='bbox 824 2563 1062 2603; x_wconf 75' lang='lat' dir='ltr'>attrahebant,</span> <span class='ocrx_word' id='word_1_260' title='bbox 1080 2572 1126 2595; x_wconf 83' lang='lat' dir='ltr'>at-</span> 
     </span>
     <span class='ocr_line' id='line_1_51' title="bbox 450 2614 1122 2660; baseline 0.001 -13"><span class='ocrx_word' id='word_1_261' title='bbox 450 2622 646 2660; x_wconf 82' lang='lat' dir='ltr'>tractosque</span> <span class='ocrx_word' id='word_1_262' title='bbox 673 2614 896 2648; x_wconf 76' lang='lat' dir='ltr'>devorabant.</span> <span class='ocrx_word' id='word_1_263' title='bbox 921 2615 1004 2648; x_wconf 79' lang='lat' dir='ltr'>Vid.</span> <span class='ocrx_word' id='word_1_264' title='bbox 1034 2616 1122 2648; x_wconf 86' lang='lat' dir='ltr'>Plin.</span> 
     </span>
    </p>
   </div>
   <div class='ocr_carea' id='block_1_11' title="bbox 1179 1661 1861 2659">
    <p class='ocr_par' dir='ltr' id='par_1_12' title="bbox 1179 1661 1861 2014">
     <span class='ocr_line' id='line_1_52' title="bbox 1182 1661 1859 1708; baseline -0.001 -12"><span class='ocrx_word' id='word_1_265' title='bbox 1182 1664 1243 1696; x_wconf 87' lang='lat' dir='ltr'>lib.</span> <span class='ocrx_word' id='word_1_266' title='bbox 1259 1664 1303 1704; x_wconf 90' lang='lat' dir='ltr'>X,</span> <span class='ocrx_word' id='word_1_267' title='bbox 1318 1675 1394 1708; x_wconf 80' lang='lat' dir='ltr'>cap.</span> <span class='ocrx_word' id='word_1_268' title='bbox 1412 1667 1457 1706; x_wconf 70' lang='grc'>49</span> <span class='ocrx_word' id='word_1_269' title='bbox 1473 1676 1481 1704; x_wconf 90' lang='grc'>;</span> <span class='ocrx_word' id='word_1_270' title='bbox 1499 1661 1603 1695; x_wconf 82' lang='lat' dir='ltr'>Ovid.</span> <span class='ocrx_word' id='word_1_271' title='bbox 1622 1661 1859 1707; x_wconf 85' lang='lat' dir='ltr'>Metamorph.</span> 
     </span>
     <span class='ocr_line' id='line_1_53' title="bbox 1182 1716 1860 1759; baseline -0.004 -10"><span class='ocrx_word' id='word_1_272' title='bbox 1182 1716 1244 1749; x_wconf 89' lang='lat' dir='ltr'>lib.</span> <span class='ocrx_word' id='word_1_273' title='bbox 1266 1717 1310 1749; x_wconf 90' lang='lat' dir='ltr'>V.</span> <span class='ocrx_word' id='word_1_274' title='bbox 1328 1717 1395 1749; x_wconf 80' lang='grc' dir='ltr'>ΕΒ.</span> <span class='ocrx_word' id='word_1_275' title='bbox 1416 1737 1468 1742; x_wconf 91' lang='lat'>—-</span> <span class='ocrx_word' id='word_1_276' title='bbox 1485 1716 1630 1747; x_wconf 72' lang='lat' dir='ltr'>IIilarem</span> <span class='ocrx_word' id='word_1_277' title='bbox 1645 1717 1860 1759; x_wconf 77' lang='lat' dir='ltr'>navigantium</span> 
     </span>
     <span class='ocr_line' id='line_1_54' title="bbox 1179 1768 1861 1814; baseline 0 -14"><span class='ocrx_word' id='word_1_278' title='bbox 1179 1782 1315 1814; x_wconf 71' lang='lat' dir='ltr'>poenam.</span> <span class='ocrx_word' id='word_1_279' title='bbox 1364 1768 1634 1814; x_wconf 84' lang='lat' dir='ltr'>Elegantissimis</span> <span class='ocrx_word' id='word_1_280' title='bbox 1683 1768 1861 1801; x_wconf 84' lang='lat' dir='ltr'>antithetis</span> 
     </span>
     <span class='ocr_line' id='line_1_55' title="bbox 1185 1820 1859 1866; baseline -0.003 -11"><span class='ocrx_word' id='word_1_281' title='bbox 1185 1831 1347 1855; x_wconf 88' lang='lat' dir='ltr'>ornatum</span> <span class='ocrx_word' id='word_1_282' title='bbox 1379 1830 1429 1854; x_wconf 86' lang='lat' dir='ltr'>est</span> <span class='ocrx_word' id='word_1_283' title='bbox 1459 1822 1526 1854; x_wconf 88' lang='lat' dir='ltr'>hoc</span> <span class='ocrx_word' id='word_1_284' title='bbox 1555 1834 1753 1866; x_wconf 81' lang='lat' dir='ltr'>gemmeum</span> <span class='ocrx_word' id='word_1_285' title='bbox 1786 1820 1859 1866; x_wconf 86' lang='lat' dir='ltr'>epi-</span> 
     </span>
     <span class='ocr_line' id='line_1_56' title="bbox 1184 1874 1857 1920; baseline -0.006 -12"><span class='ocrx_word' id='word_1_286' title='bbox 1184 1887 1340 1920; x_wconf 84' lang='lat' dir='ltr'>gramma</span> <span class='ocrx_word' id='word_1_287' title='bbox 1368 1875 1404 1907; x_wconf 90' lang='lat' dir='ltr'>in</span> <span class='ocrx_word' id='word_1_288' title='bbox 1434 1887 1504 1920; x_wconf 87' lang='lat' dir='ltr'>quo</span> <span class='ocrx_word' id='word_1_289' title='bbox 1535 1883 1586 1907; x_wconf 81' lang='lat' dir='ltr'>est</span> <span class='ocrx_word' id='word_1_290' title='bbox 1613 1874 1722 1906; x_wconf 73' lang='lat' dir='ltr'>hilaris</span> <span class='ocrx_word' id='word_1_291' title='bbox 1736 1886 1831 1918; x_wconf 76' lang='lat' dir='ltr'>poena</span> <span class='ocrx_word' id='word_1_292' title='bbox 1848 1896 1857 1911; x_wconf 86' lang='lat'>‚</span> 
     </span>
     <span class='ocr_line' id='line_1_57' title="bbox 1184 1927 1860 1971; baseline 0 -11"><span class='ocrx_word' id='word_1_293' title='bbox 1184 1928 1302 1960; x_wconf 78' lang='lat' dir='ltr'>blanda</span> <span class='ocrx_word' id='word_1_294' title='bbox 1329 1941 1408 1960; x_wconf 83' lang='lat' dir='ltr'>mors</span> <span class='ocrx_word' id='word_1_295' title='bbox 1427 1955 1435 1967; x_wconf 91' lang='lat'>‚</span> <span class='ocrx_word' id='word_1_296' title='bbox 1463 1927 1585 1960; x_wconf 70' lang='lat' dir='ltr'>crudele</span> <span class='ocrx_word' id='word_1_297' title='bbox 1603 1927 1766 1971; x_wconf 75' lang='lat' dir='ltr'>gaudium.</span> <span class='ocrx_word' id='word_1_298' title='bbox 1790 1927 1860 1960; x_wconf 83' lang='lat' dir='ltr'>Ra-</span> 
     </span>
     <span class='ocr_line' id='line_1_58' title="bbox 1184 1981 1354 2014; baseline 0.006 -1"><span class='ocrx_word' id='word_1_299' title='bbox 1184 1981 1354 2014; x_wconf 81' lang='lat' dir='ltr'>miresius.</span> 
     </span>
    </p>

    <p class='ocr_par' dir='ltr' id='par_1_13' title="bbox 1186 2032 1858 2172">
     <span class='ocr_line' id='line_1_59' title="bbox 1243 2032 1858 2078; baseline -0.005 -11"><span class='ocrx_word' id='word_1_300' title='bbox 1243 2047 1276 2067; x_wconf 86' lang='lat'>2.</span> <span class='ocrx_word' id='word_1_301' title='bbox 1303 2033 1447 2066; x_wconf 68' lang='lat' dir='ltr'>Blandus</span> <span class='ocrx_word' id='word_1_302' title='bbox 1476 2041 1597 2065; x_wconf 80' lang='lat' dir='ltr'>mortes.</span> <span class='ocrx_word' id='word_1_303' title='bbox 1626 2032 1739 2078; x_wconf 82' lang='lat' dir='ltr'>Sopiti</span> <span class='ocrx_word' id='word_1_304' title='bbox 1766 2032 1858 2065; x_wconf 89' lang='lat' dir='ltr'>enim</span> 
     </span>
     <span class='ocr_line' id='line_1_60' title="bbox 1186 2085 1858 2119; baseline -0.003 0"><span class='ocrx_word' id='word_1_305' title='bbox 1186 2087 1352 2119; x_wconf 73' lang='lat' dir='ltr'>suavitate</span> <span class='ocrx_word' id='word_1_306' title='bbox 1376 2095 1494 2119; x_wconf 73' lang='lat' dir='ltr'>cantus</span> <span class='ocrx_word' id='word_1_307' title='bbox 1524 2094 1637 2118; x_wconf 81' lang='lat' dir='ltr'>nautae</span> <span class='ocrx_word' id='word_1_308' title='bbox 1661 2085 1698 2118; x_wconf 90' lang='lat' dir='ltr'>in</span> <span class='ocrx_word' id='word_1_309' title='bbox 1726 2098 1818 2118; x_wconf 85' lang='lat' dir='ltr'>mare</span> <span class='ocrx_word' id='word_1_310' title='bbox 1841 2097 1858 2117; x_wconf 86' lang='lat' dir='ltr'>a</span> 
     </span>
     <span class='ocr_line' id='line_1_61' title="bbox 1186 2138 1673 2172; baseline -0.002 0"><span class='ocrx_word' id='word_1_311' title='bbox 1186 2139 1366 2172; x_wconf 78' lang='lat' dir='ltr'>sirenibus</span> <span class='ocrx_word' id='word_1_312' title='bbox 1388 2138 1673 2172; x_wconf 78' lang='lat' dir='ltr'>devolvebantur.</span> 
     </span>
    </p>

    <p class='ocr_par' dir='ltr' id='par_1_14' title="bbox 1184 2191 1860 2659">
     <span class='ocr_line' id='line_1_62' title="bbox 1241 2191 1858 2238; baseline -0.003 -13"><span class='ocrx_word' id='word_1_313' title='bbox 1241 2197 1274 2232; x_wconf 75' lang='grc'>4.</span> <span class='ocrx_word' id='word_1_314' title='bbox 1295 2192 1424 2237; x_wconf 66' lang='lat' dir='ltr'>Duplex</span> <span class='ocrx_word' id='word_1_315' title='bbox 1446 2192 1570 2238; x_wconf 60' lang='grc' dir='ltr'>Πζγσᾱος</span> <span class='ocrx_word' id='word_1_316' title='bbox 1590 2192 1689 2224; x_wconf 82' lang='lat' dir='ltr'>Junt.</span> <span class='ocrx_word' id='word_1_317' title='bbox 1710 2199 1801 2224; x_wconf 88' lang='lat' dir='ltr'>nost.</span> <span class='ocrx_word' id='word_1_318' title='bbox 1822 2191 1858 2223; x_wconf 87' lang='lat' dir='ltr'>in</span> 
     </span>
     <span class='ocr_line' id='line_1_63' title="bbox 1186 2242 1859 2290; baseline -0.001 -13"><span class='ocrx_word' id='word_1_319' title='bbox 1186 2245 1469 2289; x_wconf 53' lang='lat' dir='ltr'>marg—Fallax</span> <span class='ocrx_word' id='word_1_320' title='bbox 1483 2245 1619 2290; x_wconf 51' lang='grc' dir='ltr'>(ἰῷ-3503.</span> <span class='ocrx_word' id='word_1_321' title='bbox 1633 2244 1754 2278; x_wconf 59' lang='lat' dir='ltr'>Fallax</span> <span class='ocrx_word' id='word_1_322' title='bbox 1765 2242 1859 2289; x_wconf 88' lang='lat' dir='ltr'>apud</span> 
     </span>
     <span class='ocr_line' id='line_1_64' title="bbox 1184 2296 1858 2342; baseline -0.003 -12"><span class='ocrx_word' id='word_1_323' title='bbox 1184 2297 1378 2331; x_wconf 84' lang='lat' dir='ltr'>Martialem</span> <span class='ocrx_word' id='word_1_324' title='bbox 1390 2324 1399 2339; x_wconf 90' lang='lat'>‚</span> <span class='ocrx_word' id='word_1_325' title='bbox 1418 2298 1533 2342; x_wconf 58' lang='grc' dir='ltr'>(ἠφίει</span> <span class='ocrx_word' id='word_1_326' title='bbox 1546 2296 1640 2342; x_wconf 87' lang='lat' dir='ltr'>apud</span> <span class='ocrx_word' id='word_1_327' title='bbox 1656 2297 1839 2330; x_wconf 84' lang='lat' dir='ltr'>Horatium</span> <span class='ocrx_word' id='word_1_328' title='bbox 1849 2322 1858 2337; x_wconf 86' lang='lat'>,</span> 
     </span>
     <span class='ocr_line' id='line_1_65' title="bbox 1184 2350 1859 2396; baseline -0.003 -13"><span class='ocrx_word' id='word_1_329' title='bbox 1184 2352 1359 2396; x_wconf 71' lang='grc' dir='ltr'>πολύμητις</span> <span class='ocrx_word' id='word_1_330' title='bbox 1388 2350 1480 2396; x_wconf 85' lang='lat' dir='ltr'>apud</span> <span class='ocrx_word' id='word_1_331' title='bbox 1506 2351 1698 2383; x_wconf 86' lang='lat' dir='ltr'>Homerum</span> <span class='ocrx_word' id='word_1_332' title='bbox 1717 2358 1859 2382; x_wconf 80' lang='lat' dir='ltr'>vocatur</span> 
     </span>
     <span class='ocr_line' id='line_1_66' title="bbox 1186 2402 1860 2436; baseline -0.004 0"><span class='ocrx_word' id='word_1_333' title='bbox 1186 2403 1258 2436; x_wconf 79' lang='lat' dir='ltr'>dux</span> <span class='ocrx_word' id='word_1_334' title='bbox 1276 2404 1333 2436; x_wconf 89' lang='lat' dir='ltr'>ille</span> <span class='ocrx_word' id='word_1_335' title='bbox 1352 2402 1504 2436; x_wconf 87' lang='lat' dir='ltr'>dolosus.</span> <span class='ocrx_word' id='word_1_336' title='bbox 1522 2404 1588 2436; x_wconf 77' lang='grc' dir='ltr'>ΕΒ.</span> <span class='ocrx_word' id='word_1_337' title='bbox 1601 2423 1654 2429; x_wconf 86' lang='lat'>—-</span> <span class='ocrx_word' id='word_1_338' title='bbox 1669 2403 1799 2435; x_wconf 78' lang='lat' dir='ltr'>Dicitur</span> <span class='ocrx_word' id='word_1_339' title='bbox 1813 2415 1860 2434; x_wconf 78' lang='lat' dir='ltr'>re-</span> 
     </span>
     <span class='ocr_line' id='line_1_67' title="bbox 1185 2455 1856 2502; baseline -0.003 -14"><span class='ocrx_word' id='word_1_340' title='bbox 1185 2457 1320 2502; x_wconf 64' lang='lat' dir='ltr'>liquisse.</span> <span class='ocrx_word' id='word_1_341' title='bbox 1356 2457 1535 2489; x_wconf 78' lang='lat' dir='ltr'>Obturatis</span> <span class='ocrx_word' id='word_1_342' title='bbox 1572 2468 1648 2488; x_wconf 84' lang='lat' dir='ltr'>cera</span> <span class='ocrx_word' id='word_1_343' title='bbox 1682 2455 1856 2488; x_wconf 83' lang='lat' dir='ltr'>sociorum</span> 
     </span>
     <span class='ocr_line' id='line_1_68' title="bbox 1185 2508 1858 2554; baseline -0.006 -12"><span class='ocrx_word' id='word_1_344' title='bbox 1185 2510 1325 2542; x_wconf 77' lang='lat' dir='ltr'>auribus</span> <span class='ocrx_word' id='word_1_345' title='bbox 1342 2535 1350 2550; x_wconf 87' lang='lat'>,</span> <span class='ocrx_word' id='word_1_346' title='bbox 1369 2522 1472 2554; x_wconf 85' lang='lat' dir='ltr'>seque</span> <span class='ocrx_word' id='word_1_347' title='bbox 1495 2508 1534 2541; x_wconf 84' lang='lat' dir='ltr'>ad</span> <span class='ocrx_word' id='word_1_348' title='bbox 1552 2508 1647 2541; x_wconf 85' lang='lat' dir='ltr'>navis</span> <span class='ocrx_word' id='word_1_349' title='bbox 1664 2508 1791 2540; x_wconf 83' lang='lat' dir='ltr'>malum</span> <span class='ocrx_word' id='word_1_350' title='bbox 1813 2508 1858 2539; x_wconf 83' lang='lat' dir='ltr'>al-</span> 
     </span>
     <span class='ocr_line' id='line_1_69' title="bbox 1184 2560 1853 2607; baseline -0.004 -12"><span class='ocrx_word' id='word_1_351' title='bbox 1184 2562 1282 2607; x_wconf 79' lang='lat' dir='ltr'>ligari</span> <span class='ocrx_word' id='word_1_352' title='bbox 1296 2564 1402 2607; x_wconf 83' lang='lat' dir='ltr'>jusso,</span> <span class='ocrx_word' id='word_1_353' title='bbox 1418 2562 1553 2594; x_wconf 83' lang='lat' dir='ltr'>Sirenas</span> <span class='ocrx_word' id='word_1_354' title='bbox 1567 2560 1853 2605; x_wconf 57' lang='lat' dir='ltr'>effugitUlysses,</span> 
     </span>
     <span class='ocr_line' id='line_1_70' title="bbox 1186 2613 1858 2659; baseline -0.004 -11"><span class='ocrx_word' id='word_1_355' title='bbox 1186 2615 1325 2648; x_wconf 87' lang='lat' dir='ltr'>Homer.</span> <span class='ocrx_word' id='word_1_356' title='bbox 1337 2614 1462 2659; x_wconf 71' lang='lat' dir='ltr'>Odyss.</span> <span class='ocrx_word' id='word_1_357' title='bbox 1476 2619 1508 2647; x_wconf 74' lang='lat' dir='ltr'>M</span> <span class='ocrx_word' id='word_1_358' title='bbox 1521 2626 1621 2658; x_wconf 78' lang='lat' dir='ltr'>3quas</span> <span class='ocrx_word' id='word_1_359' title='bbox 1634 2613 1740 2646; x_wconf 77' lang='lat' dir='ltr'>victas</span> <span class='ocrx_word' id='word_1_360' title='bbox 1754 2613 1858 2646; x_wconf 71' lang='lat' dir='ltr'>fuisse</span> 
     </span>
    </p>
   </div>
  </div>
 </body>
</html>
