2061 3288
466 257 557 312 184

828 257 889 300 Μ.
917 257 1057 304 VAL,
1097 257 1489 301 MARTIALIS

1092 415 1264 470 XVI.

598 574 653 603 IN
692 572 932 611 ZOILUM,
970 571 1170 601 AEGRUM
1209 570 1264 600 SE
1303 552 1721 602 SIMULANTEM.*

526 708 697 750 ZOILUS
720 714 902 766 aegrotat
927 721 935 748 ε
964 704 1127 749 faciunt
1152 703 1266 748 hanc
1293 703 1483 765 stragula
1511 705 1689 749 febrem.

594 777 636 821 Si
664 776 794 820 fuerit
823 792 974 831 sanus,
1001 775 1178 819 coccina
1201 775 1305 836 quid
1326 774 1514 820 facient?

522 846 640 904 Quid
670 856 789 891 torus
818 862 841 890 a
869 846 994 901 Nilo,
1022 845 1126 907 quid
1151 846 1332 890 sindone
1356 847 1523 891 cinctus
1549 845 1713 892 olenti?

508 991 523 1006 '
538 997 579 1030 In
603 997 777 1044 plerisque
792 1009 799 1029 τ
821 997 855 1030 In
870 997 1018 1039 Zoil11m3
1034 995 1128 1042 quod

455 1050 679 1084 mutavimus.
707 1052 745 1084 In
767 1051 897 1083 Zoilum
927 1057 1130 1095 <egrotantem

455 1102 659 1137 inscribitur
680 1103 716 1137 in
737 1103 858 1137 codice
877 1103 1059 1136 Thuaneo.

509 1157 656 1190 —Zoili
675 1157 781 1190 animi
808 1157 972 1189 morbum
990 1155 1130 1197 irridet,

456 1209 516 1255 qui
539 1209 754 1244 ostentandae
781 1209 1006 1256 supellectilis
1031 1223 1131 1243 causa

455 1263 613 1308 corporis
625 1265 788 1297 morbum
807 1263 1016 1305 simulabat3
1037 1276 1132 1297 eulu-

456 1315 537 1349 dem
560 1317 687 1363 carpit,
714 1317 772 1349 lib.
798 1317 842 1355 V,
873 1317 982 1362 epigr.
1007 1329 1132 1358 LXXIX,

456 1367 552 1415 quod
562 1368 725 1403 sudorem
740 1370 904 1403 simulans
924 1369 1074 1402 subinde
1095 1370 1131 1402 in

456 1434 552 1456 coena
569 1431 723 1456 mutaret
743 1431 863 1456 vestes.
885 1421 1049 1467 Ejusdem
1079 1435 1131 1455 ar-

459 1476 616 1520 gumenti
644 1484 695 1510 est
725 1476 835 1522 epigr.
865 1487 945 1517 mx,
972 1475 1033 1508 lib.
1057 1476 1128 1517 VI,

457 1527 500 1561 de
535 1529 681 1562 Baccara
714 1529 877 1562 hibernas
910 1536 1130 1574 tempestates

456 1589 490 1614 et
520 1582 648 1627 frigora
672 1590 835 1627 optante,
857 1590 897 1615 ut
925 1581 1130 1628 gausapinas

454 1642 564 1668 vestes
581 1647 718 1668 sumere
733 1643 859 1681 posset.

513 1700 527 1721 1
537 1715 545 1721 .
559 1688 687 1721 Zoilus.
708 1687 848 1729 Invidi,
861 1688 1129 1730 obtrectatores,

453 1747 683 1775 ostentatores
701 1765 710 1782 ‚
739 1742 833 1774 Zoili
861 1740 947 1774 dicti
978 1750 1082 1783 sunt,
1111 1753 1129 1774 a

455 1794 553 1827 Zoilo
567 1793 734 1840 quodam,
747 1794 807 1840 qui
821 1794 1009 1840 injuriosos
1021 1806 1130 1839 quon-

454 1845 580 1880 damin
596 1847 791 1880 Homerum
803 1847 941 1892 scripsit
955 1859 1129 1881 commen-

455 1900 572 1933 tarios.
601 1900 726 1934 AElian.
756 1913 829 1934 var.
856 1900 936 1933 hist.
964 1900 1026 1933 lib.
1053 1901 1124 1941 XI,

452 1964 528 1998 cap.
555 1966 611 1987 10.
628 1954 830 1986 -Faciunt
850 1954 930 1985 lzanc
943 1979 950 1991 ,
977 1962 1041 1986 etc.
1064 1954 1128 1987 Fe-

453 2005 552 2039 brem
567 2007 724 2047 simulat,
737 2006 888 2051 stragula
904 2013 937 2039 et
955 2006 1035 2039 alias
1048 2006 1128 2040 lecti

451 2072 535 2104 opes
555 2059 785 2093 invisentibus
808 2066 1055 2092 ostentaturus.
1075 2081 1127 2086 -—

451 2112 605 2157 Stragula
622 2110 634 2153 (
649 2125 665 2145 a
680 2113 789 2146 verbo
806 2120 909 2144 sterno
921 2111 1013 2145 dicta
1027 2107 1040 2155 )
1055 2125 1126 2146 esse

450 2166 557 2199 aulaea
582 2173 616 2199 et
643 2165 770 2211 tapetia
794 2165 921 2211 quibus
940 2165 1050 2198 lectus
1071 2165 1124 2198 in-

449 2219 630 2259 sternitur,
655 2219 862 2252 confirmant
881 2218 990 2263 epigr.
1004 2230 1124 2252 CXLVII

450 2279 485 2304 et
501 2283 641 2306 chvnI
655 2298 665 2314 ‚
682 2272 743 2305 lib.
764 2272 865 2304 XIV.
887 2271 952 2304 En.

506 2338 538 2358 2.
574 2324 709 2358 Coccina
737 2325 814 2371 quid
839 2326 995 2368 facient.»³
1025 2320 1124 2364 Quid

447 2377 654 2422 prodessent
679 2390 784 2411 cocco
811 2377 918 2411 tincta
943 2378 1093 2423 stragula
1109 2401 1118 2418 ,

446 2442 522 2476 quae
551 2443 654 2464 nemo
682 2430 866 2465 cerneret?
890 2431 1023 2465 Coccus
1043 2444 1119 2476 gra-

445 2495 534 2516 num
559 2483 737 2528 quoddam
770 2493 839 2525 est,
867 2496 907 2517 ex
938 2497 1008 2529 quo
1033 2496 1119 2530 aqua

443 2545 616 2570 macerato
635 2536 675 2570 fit
692 2537 789 2570 color
807 2536 923 2570 eximii
940 2537 1089 2570 ruboris.

498 2589 531 2622 3.
556 2590 597 2621 In
627 2589 720 2631 aliis,
749 2590 839 2634 Quid
861 2590 978 2623 Sidone
1006 2593 1118 2623 tinctas

440 2643 786 2687 olentiPRutgersius,
799 2655 870 2677 var.
880 2644 957 2676 lect.
975 2643 1035 2676 lib.
1050 2644 1114 2685 VI,

440 2707 513 2741 cap.
546 2686 587 2737 2,
611 2694 799 2740 legendum
825 2704 1007 2730 autumat:
1028 2697 1118 2740 Quid

1186 996 1303 1030 Sidone
1328 1000 1445 1030 cinctus
1469 998 1565 1031 olenti
1578 1003 1596 1030 Ρ
1615 997 1833 1044 Conjicerem
1854 1011 1861 1031 :

1187 1049 1327 1083 Sindone
1348 1058 1444 1083 tectus
1462 1052 1568 1084 olenti.
1589 1072 1641 1077 --
1665 1051 1756 1096 Quid
1780 1059 1864 1084 torus

1187 1116 1207 1134 α
1228 1103 1306 1137 Nilo
1319 1108 1337 1135 Ρ
1356 1105 1471 1137 Torus
1486 1117 1504 1137 e
1521 1104 1594 1137 lino
1607 1104 1812 1150 AEgyptiaco
1831 1114 1864 1138 et

1187 1155 1420 1190 Alexandrina
1470 1158 1590 1202 pluma
1640 1158 1761 1191 factus.

1187 1208 1326 1242 Sindone
1353 1213 1470 1244 cinctus
1499 1211 1604 1243 olenti.
1640 1209 1735 1252 Quid
1764 1210 1864 1244 faciet

1188 1269 1284 1297 torus
1299 1264 1524 1309 AEgyptiacus
1538 1289 1547 1305 ,
1563 1264 1697 1297 cinctus
1716 1263 1864 1297 sindone

1188 1314 1332 1351 odorata
1345 1317 1421 1350 Ρ-
1435 1317 1555 1350 Sindon
1570 1317 1675 1350 vestis
1703 1316 1862 1362 quaedam

1188 1377 1279 1412 erat,
1293 1370 1445 1403 calorem
1457 1370 1578 1403 fovens
1588 1396 1596 1411 ,
1608 1378 1647 1403 ut
1663 1369 1804 1404 videtur
1821 1383 1863 1403 ex

1187 1421 1248 1455 lib.
1266 1423 1328 1461 IV,
1348 1423 1458 1469 epigr.
1483 1435 1562 1465 nx,
1584 1436 1617 1456 v.
1645 1435 1683 1456 12
1698 1449 1706 1462 ‚
1724 1422 1862 1456 eadem-

1187 1487 1255 1519 que
1293 1476 1552 1520 pretiosissima.
1580 1475 1720 1522 Bayfius
1752 1475 1795 1510 de
1825 1489 1863 1510 re

1186 1528 1346 1563 vestiaria
1363 1542 1370 1560 :
1391 1528 1524 1562 Sindon
1538 1554 1546 1570 ‚
1566 1529 1699 1574 inquit,
1716 1537 1766 1563 est
1782 1530 1863 1562 ami-

1186 1589 1261 1615 ctus
1276 1594 1316 1615 ex
1334 1582 1407 1615 lino
1429 1582 1656 1627 AEgyptiaco,
1678 1583 1727 1615 sic
1746 1582 1838 1616 dicta
1851 1608 1862 1625 ,

1185 1642 1224 1667 ut
1243 1635 1380 1680 opinor,
1402 1636 1483 1680 quia
1504 1635 1658 1680 primum
1675 1635 1710 1668 in
1733 1635 1863 1669 Sidone

1185 1688 1272 1720 urbe
1284 1687 1486 1733 hujusmodi
1500 1687 1647 1721 amictus
1657 1688 1732 1721 fieri
1743 1689 1858 1735 coepit.

1187 1740 1240 1773 Oh
1261 1740 1297 1773 id
1316 1741 1424 1787 Tyria
1440 1741 1532 1774 dicta
1553 1741 1663 1787 epigr.
1686 1754 1790 1786 supra
1812 1743 1860 1776 ci-

1185 1800 1269 1828 tato,
1287 1794 1414 1828 Sidone.
1426 1794 1561 1834 Zoilus,
1584 1803 1623 1827 ut
1638 1804 1781 1840 apparet
1794 1818 1804 1833 ⁷
1820 1807 1860 1828 ex

1185 1844 1330 1881 delicata
1350 1848 1597 1893 luxuriosaque
1611 1847 1669 1880 illa
1684 1857 1777 1881 veste
1791 1848 1858 1881 lin-

1185 1907 1238 1933 tea
1256 1901 1378 1934 toralia
1399 1900 1527 1934 confici
1543 1903 1699 1945 jusserat,
1719 1923 1770 1927 —
1790 1901 1857 1934 Sed

1185 1952 1221 1985 in
1244 1953 1310 1986 hoc
1329 1954 1407 1988 loco
1429 1954 1577 1987 maxime
1593 1954 1728 1987 variant
1749 1954 1857 1988 inter-

1183 2013 1324 2050 pretum
1353 2006 1545 2040 sententiae.
1564 2005 1629 2040 Ed.
1648 2028 1699 2033 —
1721 2006 1858 2040 Sindone

1184 2061 1307 2093 tinctus.
1316 2059 1526 2093 Ramiresius
1537 2059 1669 2092 sidones
1679 2069 1776 2106 putat
1787 2073 1859 2095 esse

1182 2120 1293 2145 vestes
1323 2113 1450 2158 quibus
1479 2111 1690 2147 induebatur
1720 2113 1857 2155 Zoilus,

1182 2175 1340 2211 quasque
1363 2166 1452 2199 lecto
1472 2173 1639 2199 straverat
1662 2178 1717 2199 eas
1740 2175 1856 2200 osten-

1182 2226 1339 2260 taturus;
1359 2219 1420 2265 qui
1440 2232 1514 2252 mos
1527 2246 1536 2261 ,
1550 2227 1589 2252 ut
1607 2219 1675 2262 ait,
1694 2228 1765 2253 erat
1784 2221 1855 2252 Ro-

1181 2283 1368 2305 manorum
1390 2285 1399 2314 3
1439 2271 1533 2305 idem
1570 2280 1671 2317 putat
1708 2273 1854 2306 verbum

1182 2326 1294 2358 tinctus
1323 2337 1394 2359 esse
1421 2325 1677 2359 substantivum
1703 2337 1855 2367 nomen,

1180 2385 1215 2410 et
1240 2391 1302 2424 per
1333 2378 1541 2425 hypallagen
1573 2378 1710 2411 Sindone
1742 2381 1854 2412 tinctus

1179 2431 1278 2464 olenti
1292 2432 1401 2477 accipi
1420 2431 1547 2465 debere
1560 2444 1626 2477 pro
1646 2431 1766 2464 Sindon
1791 2434 1854 2464 tin-

1179 2491 1231 2517 ctu
1252 2485 1358 2518 olenti.
1380 2504 1432 2510 —
1450 2484 1588 2517 Sindone
1612 2487 1740 2516 cinctus.
1761 2484 1853 2517 Peti-

1178 2545 1234 2571 tus
1256 2538 1305 2571 sic
1328 2538 1422 2571 hunc
1442 2538 1557 2571 locum
1583 2537 1749 2582 exponit:
1773 2537 1852 2569 Zoi-

1176 2589 1251 2623 lum
1266 2591 1396 2624 scilicet
1412 2591 1560 2623 voluisse
1573 2601 1654 2634 opes
1670 2602 1764 2630 suas,
1779 2603 1850 2622 nou

1177 2650 1312 2676 tantum
1341 2643 1376 2676 in
1409 2642 1568 2688 stragulis
1602 2643 1787 2687 purpureis
1818 2651 1851 2676 et

1174 2704 1254 2729 toro
1271 2696 1445 2738 Nilotico;
1466 2694 1524 2729 sed
1545 2695 1648 2728 etiam
1665 2695 1700 2729 in
1718 2695 1850 2737 fasciis,
