2061 3288
479 199 574 244 3‹›8

858 197 919 240 M.
943 197 1019 240 VA
1036 197 1085 239 L.
1125 197 1515 242 MARTIALIS

617 285 711 330 Illic,
742 285 910 329 videres
943 285 1097 329 frutice
1129 285 1265 329 nobili
1294 286 1461 343 caules,

619 359 673 401 Et
699 367 933 417 utrumque
964 373 1168 417 porrum,
1193 356 1446 418 sessilesque
1475 358 1665 403 lactucas
1684 392 1694 411 ,

617 430 833 489 Pigroque
855 429 999 471 ventri
1021 444 1111 471 non
1134 426 1307 472 inutiles
1329 428 1464 473 betas.

618 498 713 543 Illic
738 515 945 543 coronam
973 499 1208 559 pinguibus
1234 515 1413 559 gravem
1438 500 1598 554 turdis,
1863 530 1893 543 10

620 572 925 631 Leporemque
950 569 1100 613 laesum
1127 569 1287 614 Gallici
1310 571 1427 614 canis
1453 571 1605 625 dente,

620 641 916 702 Nondumque
948 641 1065 684 vieta
1090 639 1278 684 lacteum
1305 641 1406 685 faba
1430 659 1626 703 porcum.

618 713 712 756 Nec
738 712 916 756 feriatus
946 712 1036 756 ibat
1060 721 1161 755 ante
1186 728 1437 769 carrucam,

620 784 704 828 Sed
734 793 827 828 tuta
854 783 970 827 foeno
999 800 1153 827 cursor
1181 800 1263 827 ova
1293 784 1512 845 portabat.

616 857 803 898 Romam
830 854 1007 915 petebat
1030 853 1217 898 Bassus?
1240 856 1378 899 immo
1405 871 1479 899 rus
1507 854 1609 898 ibat.

477 995 608 1029 scimus
622 994 695 1039 agri
714 1011 728 1023 »
745 1001 801 1035 ;et
819 992 927 1038 epigr.
944 1004 1023 1024 XCVI
1040 1004 1048 1025 ;
1064 1009 1076 1022 a
1090 992 1155 1025 Pa-

475 1049 586 1082 scitur
607 1048 685 1089 hic,
704 1046 754 1080 ibi
767 1046 878 1092 pascit
896 1058 987 1091 ager.
1006 1063 1018 1073 υ

532 1115 564 1146 7.
599 1101 672 1134 Illic
701 1100 849 1139 videres,
883 1107 948 1132 ete.
976 1099 1017 1131 In
1047 1097 1157 1131 rheda

477 1155 570 1189 Bassi
586 1180 596 1196 ,
618 1154 710 1186 velut
726 1154 834 1186 altero
848 1153 957 1198 copiae
976 1164 1156 1185 cornu.—

481 1210 621 1242 Frulice.
644 1206 800 1240 Caudice
813 1233 821 1248 ,
840 1207 987 1239 stolone.

531 1263 566 1295 8.
594 1261 741 1294 Juntina
774 1268 894 1293 nostra
927 1259 963 1291 in
1000 1258 1158 1302 margine

475 1315 666 1360 seclt'lesque.
683 1335 735 1339 —
759 1314 932 1357 Utrumque
942 1325 1084 1357 porrum.
1102 1310 1158 1343 Se-

476 1368 608 1401 ctivum
627 1367 782 1412 intellige
802 1375 835 1400 et
857 1367 1058 1411 capitatum.
1078 1365 1155 1397 Lib.

479 1421 565 1454 XIII
578 1447 587 1461 ‚
609 1421 719 1466 epigr.
742 1432 819 1453 xvn
839 1428 872 1453 et
888 1431 993 1452 xv111.
1013 1438 1065 1443 —
1084 1418 1157 1449 Ses-

475 1475 607 1519 4τίίιεσςιιιε
626 1475 778 1507 lactucas.
796 1474 1026 1506 Lactucarum
1047 1483 1158 1515 genus

476 1526 658 1573 quoddam
676 1527 791 1560 sessile
813 1525 962 1564 dicitur,
983 1537 1042 1557 seu
1065 1524 1158 1557 laco-

479 1580 609 1613 nicum.
640 1580 795 1620 Plinius,
819 1580 881 1612 lib.
910 1591 989 1618 xm,
1016 1589 1090 1622 cap.
1110 1579 1130 1610 8
1147 1601 1155 1613 ‚

478 1634 543 1667 tria
569 1646 694 1679 genera
718 1634 931 1666 lactucarum
958 1643 1030 1664 esse
1049 1629 1156 1663 dicit:

477 1699 586 1719 unum
604 1687 776 1720 laticaulis
792 1700 801 1727 ;
821 1686 970 1718 alterum
993 1682 1157 1724 rotundi3

476 1740 618 1773 tertium
631 1734 759 1780 sessile,
770 1752 829 1773 seu
840 1738 1050 1777 laconicum,
1061 1735 1158 1782 quod

477 1802 512 1826 et
531 1793 721 1838 capitatum
743 1792 933 1838 appellant.

532 1858 567 1889 9.
582 1847 743 1892 Pigroque
756 1848 873 1879 ventri.
887 1845 1003 1886 Quem
1018 1842 1160 1876 solvunt

476 1900 577 1932 betae.

537 1965 590 1986 10.
615 1952 784 1985 Coronam.
814 1951 943 1983 Vimen
970 1950 1005 1982 in
1035 1951 1158 1983 orbem

481 2018 628 2046 nexum,
648 2018 689 2038 ex
722 2017 791 2050 quo
819 2003 1021 2050 pendebant
1048 2003 1156 2037 turdi.

481 2058 584 2092 Ovid.
613 2059 672 2092 lib.
704 2060 741 2099 I,
759 2060 834 2091 Art.
861 2058 975 2091 Amat.
997 2070 1028 2090 v.
1053 2059 1124 2101 269
1149 2069 1156 2089 :

484 2130 496 2140 «ε
512 2112 609 2153 Quin
629 2116 730 2145 etiam
751 2110 928 2156 turdoque
945 2111 1029 2143 licet
1042 2137 1051 2150 ‚
1074 2111 1157 2143 mis-

478 2177 586 2210 saque
614 2178 764 2205 corona,
790 2165 841 2198 Te
869 2176 1060 2197 memorem
1091 2162 1156 2197 do-

1215 992 1320 1025 minae
1330 992 1516 1025 testificere
1526 1000 1606 1026 tuae.
1614 991 1820 1025 Videndum
1832 993 1894 1026 lib.

1217 1045 1327 1085 XIII,
1351 1046 1564 1091 epigramma
1585 1057 1634 1078 ιι.

1273 1111 1286 1131 1
1299 1112 1327 1131 1.
1362 1098 1486 1132 Gallici
1508 1101 1595 1131 canis
1615 1099 1718 1132 deme.
1737 1099 1895 1131 velocis-

1216 1152 1294 1185 simi
1314 1152 1482 1185 nimirum
1497 1178 1506 1192 ‚
1533 1160 1655 1197 utpote
1673 1152 1796 1197 lupino
1817 1160 1893 1184 satu

1217 1204 1418 1239 editi.Vide
1432 1205 1585 1238 Plinium
1595 1231 1604 1246 ,
1620 1206 1681 1238 lib.
1696 1206 1786 1239 VIH
1797 1231 1805 1245 ‚
1817 1217 1893 1250 cap.

1223 1272 1235 1292 1
1250 1272 1261 1292 1
1272 1285 1280 1299 ‚
1301 1267 1334 1292 et
1354 1259 1417 1304 qui
1433 1258 1648 1304 scripserunt
1662 1258 1873 1305 Cynegetica
1887 1284 1895 1299 ‚

1218 1312 1464 1345 Nemesianum
1475 1338 1484 1353 ,
1502 1312 1710 1346 Gratianum
1722 1338 1731 1352 ‚
1746 1320 1812 1345 etc.

1276 1379 1332 1399 12.
1362 1366 1570 1411 Nondumque
1594 1368 1692 1398 victa.
1716 1365 1793 1397 Hoc
1819 1372 1894 1403 est,

1217 1419 1414 1464 porcellum
1437 1419 1588 1458 lacteum,
1610 1418 1669 1463 qui
1685 1418 1783 1460 sabas
1805 1418 1895 1450 fran-

1216 1484 1297 1517 gere
1320 1471 1481 1505 nondum
1501 1480 1637 1517 posset,
1659 1479 1692 1504 et
1712 1470 1818 1504 dente
1844 1479 1894 1503 te-

1216 1538 1303 1558 nero
1328 1538 1456 1557 nlicere.

1277 1578 1334 1612 13.
1368 1579 1437 1611 Nec
1463 1579 1611 1620 fet-lutus.
1647 1578 1720 1611 Nec
1746 1576 1896 1610 famulus

1218 1644 1347 1664 vacuus
1364 1640 1397 1664 et
1418 1631 1492 1664 sine
1509 1643 1616 1663 onere
1632 1631 1796 1664 currebat
1817 1638 1895 1663 ante

1217 1683 1362 1717 rhedam
1378 1710 1386 1723 ,
1417 1683 1476 1717 sed
1510 1696 1575 1716 ova
1611 1685 1775 1730 portabat
1804 1684 1895 1716 foeno

1217 1738 1352 1771 munita
1368 1764 1377 1778 ‚
1395 1750 1439 1770 ne
1458 1737 1576 1770 collisa
1593 1745 1870 1770 contererentur.

1276 1803 1290 1824 1
1301 1790 1512 1824 5.Heraldus
1521 1790 1604 1835 legit
1614 1790 1891 1836 interrogatorie:

1218 1845 1348 1877 Romam
1361 1844 1489 1889 petebat
1502 1845 1651 1876 Bassus?
1670 1866 1722 1870 —
1741 1845 1871 1876 Romam
1883 1868 1891 1881 ,

1217 1906 1284 1930 etc.
1306 1898 1392 1938 Quis
1414 1910 1484 1929 non
1505 1897 1735 1929 arbitraretur
1752 1897 1894 1929 Bassum

1218 1963 1236 1983 e
1256 1951 1336 1983 villa
1359 1951 1394 1982 in
1415 1951 1551 1983 Urbem
1568 1950 1690 1982 venire
1704 1976 1713 1990 ,
1730 1950 1784 1982 his
1804 1962 1894 1982 onu-

1218 2011 1309 2037 stum
1327 2004 1432 2036 rebus
1449 2003 1588 2048 PAtqui
1610 2004 1681 2036 ibat
1700 2003 1734 2035 in
1750 2003 1867 2035 villam
1884 2028 1893 2043 ,

1217 2069 1388 2089 amoenam
1408 2057 1517 2097 forte,
1539 2055 1598 2089 sed
1615 2057 1661 2089 ita
1680 2057 1839 2099 inopem,
1856 2064 1895 2088 ut

1218 2111 1253 2143 in
1265 2123 1338 2143 eam
1354 2110 1471 2143 omnia
1483 2118 1594 2142 essent
1605 2108 1784 2142 inferenda
1793 2134 1802 2150 ‚
1817 2121 1893 2154 quae

1218 2164 1252 2196 in
1268 2164 1393 2197 urbem
1407 2176 1447 2197 ex
1464 2163 1520 2196 illa
1539 2162 1667 2196 deferri
1681 2162 1891 2196 debuissent.
