2061 3288
452 205 1040 251 EPIGRAMMATUM
1078 204 1203 247 LIB.
1242 203 1308 245 Il.
1472 200 1560 245 251

697 357 1023 414 LXXXV.

656 516 729 544 AD
777 493 1065 544 AMICUM*

223 643 406 686 VlMlNE
436 639 581 684 clausa
610 638 694 682 levi
723 639 860 683 niveae
886 637 1084 683 custodia
1109 645 1271 691 coctae,

293 714 389 755 Hoc
417 710 495 754 tibi
517 711 694 754 Saturni
716 719 914 770 tempore
939 724 1098 753 munus
1125 708 1218 751 erit.

222 785 352 827 Dona
379 781 498 843 quod
527 781 686 825 aestatis
717 781 814 824 misi
845 780 924 824 tibi
951 795 1101 823 mense
1126 777 1388 834 Decembri,

290 854 332 897 Si
361 853 578 914 quereri53
602 867 745 896 rasam
773 860 820 895 tu
846 850 953 894 mihi
979 850 1103 894 mitte
1129 858 1291 910 togam.

203 989 219 1004 *
248 993 311 1027 Est
347 993 415 1026 hoc
455 992 666 1038 epigramma
705 989 830 1025 callida

152 1055 243 1092 togae
275 1047 420 1092 petitio,
452 1059 468 1078 a
499 1045 659 1079 Martiale
698 1045 832 1078 urbane

151 1100 251 1134 facta.
273 1100 339 1133 En.

203 1172 256 1180 —-
277 1154 327 1185 De
352 1153 559 1197 Proeposteris
586 1152 676 1184 donis
704 1151 831 1183 lemma

152 1213 202 1239 est
226 1206 263 1238 in
280 1206 380 1239 Junt.
401 1218 480 1238 ann.
508 1204 601 1238 1512
623 1230 632 1246 ,
654 1212 688 1237 et
712 1204 828 1238 Colin.

153 1271 234 1292 ann.
261 1258 366 1292 1528.

208 1324 221 1345 1
231 1338 239 1344 .
258 1311 386 1344 Junius
401 1319 435 1344 et
446 1309 558 1344 critici
572 1309 717 1355 quidam
731 1321 833 1355 repo·

153 1373 300 1398 suerunt
312 1366 409 1397 niveoe
422 1364 565 1396 custodia
578 1363 830 1408 coptoe.Beverl.

151 1417 190 1451 M
198 1417 232 1451 S.
247 1417 388 1451 exhibet
403 1430 411 1450 ς
428 1417 538 1449 nitidae
559 1416 701 1449 custodia
719 1423 828 1461 coptoe.

150 1471 204 1504 De
226 1470 355 1517 quibus
373 1470 423 1504 sic
441 1469 678 1503 Ramiresius:
699 1469 831 1514 Argute

148 1523 253 1557 nimis
284 1524 414 1557 Junius
450 1531 485 1557 et
518 1522 630 1556 critici
658 1521 828 1568 quidam,

149 1585 272 1622 coptam
282 1589 349 1623 pro
359 1585 446 1610 cocta
456 1583 707 1622 reposuerunt3
720 1587 830 1622 quum

149 1638 243 1675 copta
268 1630 439 1676 placentae
469 1641 577 1675 genus
602 1629 667 1671 sit,
693 1627 737 1662 de
762 1641 830 1674 qua

148 1681 212 1716 lib.
241 1683 342 1724 XIV,
365 1682 475 1729 epigr.
498 1694 614 1716 vau1
629 1707 639 1723 .,
663 1682 721 1715 cui
744 1694 828 1715 con-

149 1742 236 1769 tusae
253 1736 384 1781 species
403 1743 465 1769 aut
482 1735 662 1781 legumina
683 1735 829 1768 commi-

150 1788 336 1822 scebantur
353 1801 360 1822 :
381 1801 461 1822 nam
479 1787 660 1834 quomodo
679 1788 737 1822 hic
753 1801 831 1833 pos-

149 1849 201 1874 set
209 1840 277 1875 dici
287 1842 389 1876 nivea
398 1850 431 1875 et
439 1850 516 1887 apta
528 1842 646 1876 aestivo
655 1841 830 1886 tempori?

150 1903 185 1928 et
205 1894 383 1940 quomodo
402 1895 561 1940 placenta
579 1907 657 1927 vase
676 1894 830 1927 vimineo

150 1948 376 1981 servabitur?
408 1948 490 1982 Haec
526 1948 644 1981 onmia
679 1946 830 1981 decoctae

150 2000 223 2034 nivi
244 2001 453 2046 refrigeratae
472 2002 595 2046 procul
613 2000 723 2033 dubio
746 2013 829 2033 con-

150 2053 372 2087 velliunt.——
385 2055 511 2087 Vimine
532 2055 639 2087 clausa
662 2054 738 2092 levi,
764 2062 830 2087 ete.

152 2106 279 2140 Sensus
290 2115 358 2140 est:
376 2108 576 2153 Ampullam
595 2120 655 2141 seu
671 2107 829 2152 lagenam

151 2159 297 2193 vitream
326 2173 424 2205 aquae
451 2160 601 2194 decoctae
630 2169 664 2194 et
690 2159 830 2193 nivibus

150 2213 361 2258 refrigeratae
377 2213 597 2248 continendae
612 2212 830 2255 destinatam,

150 2265 339 2299 viminibus
368 2267 574 2311 supertextis
604 2275 770 2299 armatam
797 2275 831 2299 et

150 2319 321 2352 munitam
349 2319 451 2352 mitto
477 2319 540 2353 tibi
561 2320 614 2352 his
639 2318 830 2352 Saturnali-

150 2372 235 2413 bus,
263 2372 339 2418 ipso
374 2371 563 2406 decembri.
599 2372 633 2405 Si
672 2371 828 2405 offendat

150 2425 306 2459 muneris
335 2425 443 2459 aestivi
471 2425 621 2458 hiberna
654 2425 828 2470 intempe—

150 2478 307 2519 stivitas‚
337 2479 507 2513 ulciscere
538 2479 629 2511 hanc
662 2478 826 2523 injuriam

153 2531 225 2575 pari
240 2531 566 2577 intempestivitate‚
577 2544 615 2565 ac
630 2532 728 2565 mitte
741 2531 827 2565 mihi

153 2593 265 2628 togam
281 2586 444 2618 aestivam.
460 2608 511 2611 —
525 2584 687 2618 Custodia.
707 2585 827 2618 Carce-

150 2648 224 2670 rem
244 2638 346 2682 vulgo
375 2639 564 2683 significat;
588 2647 684 2672 recte
712 2646 824 2671 autem

892 990 1017 1035 lagena
1027 988 1158 1023 dicitur
1168 1000 1269 1034 aquae
1279 996 1337 1022 aut
1350 986 1425 1020 vini
1439 998 1573 1028 carcer;

893 1042 985 1077 adde
1005 1042 1101 1088 quod
1116 1043 1232 1076 vimen
1246 1040 1431 1074 inductum
1445 1040 1575 1085 lagenae

892 1096 992 1129 fictili
1006 1105 1066 1129 aut
1086 1096 1205 1129 vitreae
1221 1095 1315 1127 illam
1329 1102 1448 1128 tuetur
1466 1101 1501 1126 et
1515 1105 1575 1126 cu·

892 1148 1024 1190 stodit,
1043 1157 1082 1182 ut
1109 1150 1182 1194 ipsa
1208 1148 1332 1181 vinum
1360 1155 1420 1181 aut
1448 1158 1573 1192 aquam

892 1211 1018 1236 servat.
1037 1224 1090 1228 ——-
1106 1202 1224 1236 Coctae.
1242 1201 1409 1234 Solebam
1423 1199 1573 1232 Romani

892 1268 1016 1301 aquam
1037 1254 1235 1301 decoquere
1247 1281 1256 1296 ‚
1276 1266 1411 1287 saccare
1429 1262 1463 1286 et
1480 1252 1573 1285 nivi-

891 1309 956 1342 bus
972 1309 1197 1354 refrigerare,
1214 1320 1322 1353 eaque
1336 1307 1386 1340 uti
1405 1318 1468 1352 per
1479 1314 1573 1339 aesta-

891 1369 973 1395 tem.
991 1363 1042 1395 De
1054 1374 1121 1407 qua
1135 1361 1261 1395 Juven.
1279 1360 1348 1393 Sat.
1362 1361 1408 1400 V,
1427 1363 1494 1404 49:
1513 1359 1573 1392 «Si

890 1415 1091 1448 stomachus
1122 1413 1256 1447 domini
1288 1414 1398 1446 fervet
1420 1413 1573 1458 vinoque

889 1467 1039 1513 ciboque
1056 1493 1065 1509 ,
1088 1466 1264 1513 Frigidior
1284 1466 1418 1501 Geticis
1440 1465 1573 1511 petitur

891 1520 1036 1555 decocta
1055 1521 1205 1567 pruinis.
1230 1538 1243 1550 »

944 1573 977 1608 3.
1019 1575 1118 1608 Dona
1160 1574 1246 1621 quod
1280 1576 1410 1606 aestatis.
1452 1573 1572 1614 Quum

889 1640 1012 1673 aquam
1030 1626 1193 1673 frigidam
1214 1634 1395 1660 conservet
1413 1626 1487 1659 haec
1504 1637 1572 1658 am-

888 1681 995 1727 pulla.
1024 1702 1077 1708 —
1107 1681 1217 1714 Blense
1236 1680 1397 1713 decembri.
1429 1677 1572 1713 Saturni

889 1734 993 1774 festa,
1020 1734 1091 1768 sive
1115 1733 1332 1775 Saturnalia,
1355 1733 1425 1766 hoc
1453 1744 1572 1766 mense

889 1787 1176 1829 celebrabantur;
1191 1796 1277 1821 tunc
1297 1786 1341 1820 ad
1353 1786 1482 1820 amicos
1499 1798 1574 1818 mu-

888 1853 970 1873 nera
1008 1841 1178 1873 missitare
1215 1840 1322 1873 moris
1357 1847 1442 1873 erat.
1479 1837 1572 1871 Vide

889 1894 952 1927 lib.
963 1894 995 1925 V
1007 1919 1015 1934 ‚
1027 1893 1242 1938 epigramma
1252 1893 1566 1926 Lxxxv.—Rasam.

890 1948 976 1979 Rasa
1002 1955 1101 1991 toga..
1129 1946 1301 1979 minorem
1329 1946 1449 1978 fovens
1474 1945 1570 1978 caloa

889 2012 963 2032 rein
981 2025 989 2039 ‚
1011 2007 1061 2031 est
1081 2008 1314 2032 consentanea
1339 1998 1456 2032 aestivo
1482 2006 1570 2031 tem--

889 2054 981 2098 pori.
1002 2054 1100 2085 Inter
1129 2065 1241 2086 rasam
1267 2061 1300 2085 et
1319 2051 1483 2085 detritam
1501 2052 1570 2089 hoc

890 2115 941 2139 est
973 2105 1160 2139 discrimen
1174 2132 1183 2145 ‚
1220 2104 1316 2151 quod
1351 2108 1424 2137 trita
1451 2118 1488 2137 ea
1521 2113 1570 2138 est

890 2171 968 2204 quae
985 2167 1155 2192 vetustate
1170 2158 1295 2192 villum
1309 2158 1424 2192 amisit
1435 2184 1443 2199 ‚
1461 2170 1569 2203 quum

890 2221 989 2245 antea
1006 2225 1093 2257 pexa
1106 2212 1214 2245 fuerit
1231 2220 1266 2245 et
1280 2224 1390 2245 crassa
1401 2225 1409 2254 ;
1421 2224 1492 2243 rasa
1510 2224 1569 2244 au-

891 2274 960 2299 tem
976 2278 1015 2299 ea
1032 2274 1099 2307 est,
1114 2278 1190 2310 quae
1207 2278 1266 2299 sua
1283 2273 1416 2298 textura
1432 2264 1568 2297 nullum

888 2319 993 2352 habet
1037 2319 1247 2352 eminentem
1287 2318 1409 2351 villum
1428 2331 1436 2359 ;
1465 2330 1567 2363 quam

888 2372 999 2405 levem
1028 2372 1178 2417 appellat
1197 2399 1205 2413 ‚
1238 2372 1298 2404 lib.
1328 2372 1399 2404 VII
1414 2396 1424 2410 ‚
1456 2371 1568 2416 epigr.

890 2437 1019 2459 Lxxxv:
1039 2443 1051 2455 «
1069 2426 1143 2458 Nec
1161 2425 1246 2458 levis
1268 2433 1344 2469 toga
1359 2451 1367 2466 ‚
1383 2437 1447 2458 nec
1464 2423 1568 2458 rudes

888 2479 1046 2512 lacernae.
1067 2496 1079 2508 n

944 2536 977 2571 4.
1007 2531 1042 2565 Si
1066 2534 1179 2576 [μιαν-[ἐ
1208 2531 1306 2564 Junt.
1334 2544 1415 2564 ann.
1449 2531 1563 2569 1512,

887 2585 1001 2617 Colin.
1039 2597 1117 2617 ann.
1160 2584 1252 2617 1528
1271 2611 1278 2622 ‚
1312 2584 1450 2630 Gryph.
1483 2597 1563 2617 ann.

893 2638 985 2671 1335
1006 2664 1013 2670 .
1033 2646 1065 2670 et
1086 2636 1165 2670 Ald.
1185 2650 1267 2671 ann.
1297 2638 1404 2671 1550.
