2061 3288
447 207 1028 252 EPIGRAMMATUM
1065 208 1189 252 LIB.
1227 209 1258 250 I.

1476 204 1561 250 131

298 298 601 356 Domumque,
627 304 671 339 et
696 312 824 357 agros
853 295 1245 358 implet-equitibus
1270 296 1425 339 vernis.

298 368 425 410 Pater
450 365 618 410 familiae
645 383 774 411 verus
799 377 863 412 cst
887 366 1137 425 Quirinalis.

214 505 248 540 [ι.
284 501 332 533 Ec
364 513 469 545 agr-os.
502 499 702 534 Libidinem
737 509 835 535 notat

160 553 373 595 Quirinalis,
391 554 455 599 qui
482 566 553 586 non
575 554 689 587 solum
713 553 834 588 dome-

156 608 260 641 sticas
270 607 411 640 ancillas
425 615 459 640 et
472 608 637 643 urbanas,
655 606 714 640 sed
731 608 834 641 etiam

158 661 288 694 x-illicas
308 660 420 694 inibat
433 686 442 699 ,
464 672 505 692 ex
523 661 650 706 quibus
670 673 835 706 magnum

158 722 371 759 proventum
393 713 542 747 habebat
560 726 762 759 puerorum.
783 736 836 740 —

159 767 332 813 Equitilms
362 769 472 799 ‹vet-uis.
500 767 617 800 Yerna
645 780 763 801 servus
786 776 837 801 cst

158 819 254 853 domi
279 820 570 866 natus3eq1til1'l1us
594 828 707 853 autem
728 819 834 861 dicit,

157 874 240 918 quia
264 873 457 914 Quirinalis
472 885 577 918 eques
594 882 682 907 erat.
704 873 836 919 Hybri-

158 925 211 960 dae
235 928 452 960 vocabantur
474 927 535 972 qni
555 939 596 960 ex
617 928 694 960 viro
721 935 754 960 et
775 927 836 959 foe-

159 979 253 1012 mina
274 993 346 1013 non
371 979 525 1025 ejusdem
551 979 763 1014 conditionis
787 980 835 1013 sic

159 1033 403 1067 nascebantur.

215 1086 248 1119 5.
270 1087 507 1129 Paterfamilias
522 1085 694 1120 Heraldus
706 1113 714 1127 ‚
727 1085 836 1120 Scriv.

894 501 1044 535 Farnab.
1076 500 1251 534 Schrevel.
1288 500 1454 533 Maittair.
1486 499 1571 532 Bar-

894 555 972 595 bou,
990 563 1057 588 etc.
1080 554 1323 597 Pater-Jhmilz'oe
1338 555 1373 586 in
1390 551 1470 586 edd.
1485 560 1572 585 vett.

893 629 946 635 --
961 608 1216 651 Paterfitmilhe.
1237 607 1338 640 Pater
1359 606 1498 639 familiae
1517 605 1573 638 vel

894 660 1140 707 paterfamilias
1168 669 1237 701 est,
1264 660 1324 706 qui
1354 659 1484 692 nullius
1508 672 1575 703 po·

895 715 1007 747 testati
1034 713 1217 754 subditus,
1245 713 1281 746 in
1308 726 1367 746 sua
1402 719 1574 758 potestate.

895 768 986 800 filios
1009 776 1044 801 et
1064 779 1181 800 servos
1203 767 1319 800 habet.
1343 766 1420 798 Hoc
1440 763 1573 798 blando

896 820 1039 854 nomine
1052 847 1062 861 ‚
1096 819 1221 853 debitae
1253 820 1288 852 in
1322 832 1439 853 servos
1472 830 1574 851 man-

895 873 1090 907 suetudinis
1109 872 1279 906 dominus
1296 873 1393 918 quasi
1408 871 1575 905 admone-

895 928 1011 961 batur.
1035 925 1118 959 Vid.
1147 927 1267 959 Senec.
1298 926 1400 971 epist.
1428 929 1488 970 47,
1507 923 1576 958 Sed

896 980 954 1013 hic
967 993 1088 1013 verum
1101 979 1186 1013 dicit
1198 987 1300 1025 poeta
1318 988 1451 1025 patrem
1475 977 1575 1010 fami-

895 1034 950 1066 liae
970 1033 1206 1074 Quirinalem,
1226 1031 1322 1077 quod
1343 1033 1419 1077 ejus
1446 1031 1574 1064 familia

897 1087 941 1120 ab
958 1087 1033 1132 ipso
1049 1094 1136 1120 esset
1155 1086 1280 1130 genita.

703 1221 1043 1277 LXXXVI.

360 1367 417 1395 ΙΝ
457 1366 762 1395 PRAECONEM
802 1365 1031 1394 STOLIDE
1072 1345 1376 1394 FACETUM.*

230 1495 489 1537 VENDERET
520 1491 713 1536 excultos
743 1490 874 1535 colles
906 1507 1040 1551 quum
1070 1507 1215 1552 praeco
1242 1491 1406 1536 facetus
1424 1526 1434 1545 ,

303 1566 442 1624 Atque
468 1562 707 1607 suburbani
726 1561 881 1623 jugera
907 1561 1094 1622 pulchra
1117 1560 1194 1605 soli
1219 1580 1227 1604 :

234 1636 385 1687 Errat,
409 1635 489 1689 ait⁷
516 1634 550 1677 si
575 1634 671 1694 quis
697 1634 840 1676 Mario
866 1642 992 1693 putat
1017 1649 1108 1676 esse
1137 1649 1313 1676 necesse

303 1704 506 1748 Vendere
531 1721 539 1746 :
570 1703 629 1747 nil
660 1703 812 1756 debet;
837 1703 1021 1747 foenerat
1046 1704 1179 1747 immo
1205 1704 1357 1764 magis.

234 1777 343 1833 Quae
375 1776 484 1818 ratio
509 1783 573 1818 est
600 1773 759 1835 igitur?
787 1791 934 1818 servos
965 1774 1039 1817 uhi
1065 1774 1256 1835 perdidit
1284 1791 1458 1828 omnes,

217 1908 232 1922 *
256 1908 442 1943 Inducitur
461 1921 576 1955 praeco
597 1908 759 1954 quidam,
779 1908 838 1953 qui

165 1963 250 1997 dum
271 1963 346 1996 vult
367 1961 546 1996 officiosus
568 1975 628 1995 seu
644 1962 772 1995 facetus
787 1962 839 1994 vi-

165 2017 241 2050 deri
268 2017 304 2049 in
331 2015 527 2049 excusando
552 2015 667 2048 Mario
689 2014 840 2048 fundum

165 2069 359 2111 vendente,
377 2082 421 2102 ne
450 2070 527 2114 quis
554 2081 637 2102 eum
663 2068 781 2113 inopia
806 2076 840 2101 et

167 2124 242 2156 aeris
255 2123 357 2156 alieni
369 2123 536 2168 gravitate
549 2121 585 2154 id
599 2122 710 2155 facere
723 2121 840 2154 existi-

167 2184 238 2209 met
254 2201 264 2218 ‚
283 2175 385 2221 fingit
406 2176 557 2208 Marium
583 2187 700 2208 servos
722 2183 755 2207 et
778 2187 839 2219 pe-

166 2242 247 2262 cora
263 2229 300 2261 in
315 2241 355 2261 eo
375 2228 486 2261 fundo
499 2228 668 2268 amisisse,
688 2226 839 2272 ideoque

166 2281 341 2315 Yendere:
359 2294 424 2314 nec
442 2281 607 2326 intelligit
627 2279 709 2313 inde
729 2281 841 2325 fugari

168 2334 840 2380 omnesemptoreQagrumpcstilentem

168 2389 234 2422 sibi
253 2401 376 2434 parare
394 2388 538 2420 minime
559 2387 751 2432 cupientes.
771 2387 839 2419 En.

219 2442 447 2475 ——DeMm-io
462 2442 498 2474 in
511 2440 646 2481 multis,
661 2438 756 2485 quod
770 2452 844 2473 mu-

167 2495 328 2528 tavimus.
352 2495 403 2527 De
419 2508 563 2540 pram-one
580 2494 707 2527 lemma
729 2501 780 2526 est
806 2493 842 2525 in

169 2547 246 2581 cod.
266 2547 367 2581 Bodl.

227 2613 257 2633 1.
279 2602 426 2634 Facems.
450 2602 501 2633 De
529 2600 659 2634 facetiis
686 2606 720 2633 et
749 2599 843 2632 dica-

168 2654 270 2688 <itate
305 2666 504 2700 praeconum
543 2654 650 2687 multa
684 2661 842 2686 veterum

899 1908 1111 1942 testimonia.
1133 1907 1215 1941 Vid-
1236 1908 1309 1942 Cic.
1327 1921 1392 1953 pro
1409 1907 1579 1949 Quintio,

900 1962 1038 2002 Sextio,
1054 1962 1174 1994 Naevio
1185 1987 1194 2003 ,
1211 1969 1245 1994 et
1263 1960 1417 1994 secundo
1431 1960 1476 1993 de
1493 1961 1578 1994 Ora-

899 2024 995 2056 tore,
1016 2023 1050 2047 et
1068 2015 1152 2047 item
1172 2015 1208 2047 in
1235 2015 1347 2047 Bruto
1368 2013 1413 2047 de
1440 2014 1576 2047 Granio

898 2080 1072 2113 praecone.
1101 2067 1185 2101 Vid.
1215 2079 1356 2113 quoque
1380 2068 1483 2113 Apul.
1514 2068 1576 2100 lib.

901 2121 991 2153 VIII
1003 2147 1011 2162 ‚
1034 2121 1276 2166 Metamorph.

955 2173 988 2206 3.
1014 2173 1132 2208 Editio
1160 2174 1308 2207 ¹Iuntina
1343 2181 1461 2206 nostra
1494 2174 1575 2206 anni

904 2241 917 2261 1
929 2227 997 2260 512
1012 2253 1021 2268 ‚
1049 2228 1240 2273 ascriptum
1268 2227 1372 2260 habet
1396 2226 1545 2271 margini
1568 2239 1576 2258 :

900 2281 1022 2319 Errat,
1042 2284 1105 2320 ait,
1128 2283 1156 2312 si
1181 2282 1249 2326 quis
1272 2280 1380 2313 Μανιό
1394 2287 1491 2324 putat
1516 2282 1577 2311 ista

901 2346 1018 2365 necesse
1039 2335 1058 2366 Ῑ
1067 2334 1203 2371 ἐηᾶενω
1221 2341 1255 2366 et
1276 2333 1349 2366 haec
1365 2332 1468 2366 lectio
1487 2332 1576 2366 forte

899 2386 1105 2431 reponenda
1119 2395 1190 2427 est,
1206 2394 1245 2419 ut
1260 2398 1377 2420 versus
1392 2384 1577 2419 claudatur

900 2439 1034 2472 melius.

959 2497 991 2533 4.
1013 2493 1169 2525 Foenerat.
1190 2493 1304 2525 Immo
1325 2491 1400 2525 aliis
1417 2499 1576 2525 mutuam

904 2545 963 2578 dat
974 2545 1306 2590 pecu11ian1‚nedum
1315 2546 1356 2578 ab
1366 2545 1407 2578 iis
1417 2545 1577 2590 accipiat.

906 2598 992 2632 Vid.
1010 2611 1114 2643 supra
1126 2625 1134 2640 ‚
1154 2598 1245 2645 epig.
1263 2611 1447 2639 Lxxvu‚v.
1464 2596 1497 2631 5.
1509 2598 1575 2630 En.

960 2652 994 2685 5.
1016 2653 1056 2684 In
1075 2651 1282 2697 quibusdam
1300 2650 1403 2685 codd.
1420 2664 1521 2685 seruos
1538 2651 1581 2683 ibi

1317 2724 1372 2784 9²
