2061 3288
469 242 561 298 164

835 243 897 286 M.
919 244 1062 286 VAL.
1100 242 1496 287 MARTIALIS

523 333 565 376 Si
593 332 713 392 cupit
734 331 852 374 hunc
876 330 1050 391 aliquis,
1074 347 1232 375 moneo
1254 348 1309 375 ne
1333 341 1502 393 speret,
1524 331 1712 393 agellum
1737 349 1746 376 :

599 403 816 463 Perpetuo
845 401 1032 446 dominis
1061 402 1220 446 serviet
1244 403 1323 446 iste
1349 403 1447 447 suis.

459 541 679 576 necessitudo
701 541 856 575 viventes
875 542 1057 587 junxerat,
1080 553 1138 575 eos

459 595 610 641 sepulcri
641 595 892 628 communitate
927 596 1138 640 conjungere

459 657 630 682 mortuos.
654 647 709 680 Sic
732 646 944 681 reservanda
963 648 1138 681 universae

459 702 596 736 familiae
612 700 824 742 conditoria,
844 708 885 734 ut
900 713 997 734 nunc
1014 708 1138 734 curant

458 755 584 801 populi
606 763 782 794 recentes,
804 762 937 788 veteres
956 755 1136 788 curabant.

459 807 543 842 Vid.
572 820 648 852 sup.
677 807 788 853 epigr.
819 819 913 849 x01v,
934 816 969 841 et
993 807 1057 841 lib.
1079 807 1136 849 X,

458 861 566 907 epigr.
590 873 684 894 LXXI.
705 861 775 894 Eu.

512 917 545 947 6.
575 914 673 946 Junt.
703 913 817 948 Colin.
850 913 925 946 aliae
960 912 1136 958 quaedam,

458 967 796 1011 serviam—Perpetuo
806 966 952 1006 dominis,
968 974 1033 999 etc.
1045 967 1138 1011 Ager

458 1020 552 1054 enim
601 1020 765 1065 sepulcro
811 1018 1003 1054 destinatus
1043 1031 1138 1052 sacer

1198 549 1292 582 erat,
1320 554 1385 575 nec
1408 541 1552 576 alienari
1580 549 1740 587 poterat,
1764 541 1873 575 immo

1197 606 1263 628 nec
1279 593 1465 640 aliquando
1484 595 1693 640 sequebatur
1707 593 1874 629 haeredes.

1198 648 1248 681 H.
1266 648 1385 681 EXT.
1408 648 1454 682 N.
1471 647 1506 681 S.
1530 648 1554 681 i.
1580 660 1609 681 e.
1634 646 1791 681 haeredes
1815 660 1874 681 ex·

1199 709 1317 734 ternos
1334 713 1380 734 ne
1401 709 1576 746 sequatur.
1599 701 1722 734 Horat.
1743 701 1761 733 I
1775 727 1784 743 ‚
1804 700 1878 735 Sat;

1200 755 1220 788 8
1239 766 1247 787 :
1274 772 1287 785 ι
1304 754 1381 787 Ηοο
1399 754 1533 787 miserae
1550 753 1644 800 plebi
1661 755 1772 787 stabat
1784 765 1877 787 com-

1197 820 1305 840 mune
1327 807 1525 853 sepulcrum
1537 831 1546 848 ‚
1567 807 1760 840 Pantolabo
1778 819 1875 840 scur-

1196 872 1266 900 rae,
1290 860 1584 905 Nomentanoque
1605 860 1729 905 nepoti
1746 872 1754 893 :
1774 859 1876 893 Mille

1195 912 1303 958 pedes
1328 913 1364 946 in
1390 913 1510 946 fronte
1524 939 1532 953 ‚
1555 920 1728 946 trecentos
1750 913 1876 959 cippus

1196 967 1234 999 in
1251 978 1374 1011 agrum
1392 965 1459 999 Hic
1475 965 1579 999 dabat
1596 979 1605 1008 ;
1623 964 1778 1000 haeredes
1799 978 1874 998 mo-

1197 1027 1409 1053 numentum
1425 1032 1471 1053 ne
1488 1027 1704 1065 sequeretur.
1725 1035 1739 1048 n

1013 1158 1316 1218 CXVIII.

933 1299 989 1327 ῙΝ
1035 1277 1403 1327 LUPERCUM.*

671 1427 913 1469 OCCURRIS
937 1423 1108 1483 quoties
1125 1457 1136 1478 ,
1160 1423 1384 1482 Luperee‚
1409 1422 1562 1478 nobis,

669 1497 748 1539 Vis
774 1496 945 1538 mittam
977 1509 1188 1553 puerum,
1214 1492 1398 1536 subinde
1426 1492 1555 1549 dicis,

670 1567 753 1610 Cui
785 1564 930 1608 tradas
955 1564 1319 1623 Epigrammaton
1345 1562 1561 1618 libellum,

668 1637 854 1680 Lectum
879 1651 1009 1695 quem
1033 1634 1113 1676 tibi
1138 1635 1337 1694 protinus
1363 1632 1610 1677 remittam?

670 1707 768 1759 Non
803 1715 893 1762 est,
921 1704 1040 1765 quod
1070 1721 1257 1765 puerum
1273 1740 1284 1760 ‚
1310 1706 1534 1765 Luperce‚
1558 1720 1701 1748 vexes.

669 1779 874 1838 Longum
901 1784 987 1828 est,
1014 1776 1049 1818 si
1074 1773 1178 1818 velit
1208 1774 1262 1818 ad
1287 1776 1448 1835 Pyrum
1475 1775 1650 1829 venire,

671 1850 728 1892 Et
756 1846 880 1892 scalis
906 1845 1057 1889 habito
1084 1845 1246 1902 tribus,
1272 1845 1348 1889 sed
1378 1845 1486 1889 altis.

511 1984 526 1998 '¹
542 1989 725 2032 Lupercus
747 1985 891 2031 quidam
913 1997 1035 2018 avarus
1056 1986 1138 2018 sub-

460 2041 541 2075 inde
578 2040 773 2074 Martialem
808 2039 1043 2083 interrogabat
1057 2063 1065 2079 ‚
1095 2050 1137 2070 an

460 2095 563 2128 vellet
581 2094 673 2126 mitti
697 2091 740 2125 ad
764 2105 799 2125 se
820 2104 970 2137 puerum
995 2091 1051 2123 cui
1068 2098 1138 2123 tra-

459 2147 557 2181 deret
578 2147 736 2180 libellum
761 2145 1038 2191 epigrammaton
1058 2156 1137 2176 mu-

459 2209 538 2242 tuo,
566 2211 670 2245 quem
696 2199 826 2231 lectum
851 2197 1047 2231 remitteret
1070 2205 1137 2230 sta·

459 2254 536 2286 tim.
561 2254 710 2285 Excusat
730 2251 899 2284 Martialis
918 2251 1063 2294 longum
1087 2249 1139 2282 in-

459 2306 646 2339 tervallum
667 2318 684 2338 a
702 2304 854 2349 Luperci
874 2302 955 2337 sede
972 2301 1015 2336 ad
1039 2315 1134 2335 suam

458 2358 623 2399 domum,
655 2366 688 2391 et
712 2357 845 2391 indicat
869 2356 930 2390 ubi
958 2355 996 2389 hi
1027 2355 1135 2389 libelli

459 2412 529 2445 sint
545 2411 693 2444 venales.

513 2464 547 2498 3.
571 2463 709 2497 Tradas.
731 2461 954 2497 Commodes.
973 2462 1041 2495 En.

514 2516 547 2550 5.
575 2517 689 2549 feces.
709 2517 830 2560 Longa
845 2514 901 2548 via
921 2514 1050 2559 fatiges.
1068 2515 1133 2547 El).

512 2572 548 2603 6-
564 2569 622 2602 Ad
630 2570 761 2615 Pyrum.
776 2569 915 2601 Nomen
929 2568 1080 2612 regionis
1098 2568 1134 2600 in

457 2635 522 2669 qua
541 2621 719 2655 habitabat
732 2621 919 2662 Martialis;
943 2621 999 2653 alii
1019 2621 1134 2653 taber—

456 2688 536 2709 nam
558 2683 682 2721 putant
701 2675 801 2718 cujus
822 2674 959 2718 insigne
973 2681 1046 2706 erat
1064 2674 1133 2717 Py-

1198 1997 1274 2026 rus,
1297 1993 1331 2018 et
1350 1983 1393 2018 ad
1412 1996 1518 2030 quam
1536 1983 1715 2016 habitabat
1735 1983 1875 2019 Martia·

1197 2038 1250 2071 lis.
1272 2037 1404 2070 -Alii
1424 2037 1545 2082 legunt
1566 2036 1612 2069 ad
1621 2037 1723 2081 pilam
1736 2062 1746 2076 ,
1777 2045 1817 2070 ut
1836 2036 1875 2070 li-

1197 2091 1263 2123 bro
1283 2091 1334 2131 V,
1355 2090 1593 2135 epigrammat.
1619 2101 1695 2123 xxu
1712 2115 1721 2131 ‚
1748 2102 1796 2122 vs.
1828 2090 1871 2123 3:

1200 2158 1212 2170 α
1231 2142 1298 2176 Sed
1312 2143 1507 2176 Tiburtinae
1523 2156 1598 2175 sum
1617 2142 1797 2187 proximus
1816 2155 1872 2176 ac-

1197 2196 1272 2229 cola
1292 2196 1383 2241 pilae.
1409 2213 1422 2226 n
1449 2196 1517 2229 Pro
1530 2220 1540 2235 ,
1559 2196 1604 2228 ad
1619 2196 1742 2241 Pyrum
1756 2222 1765 2235 ‚
1785 2196 1875 2229 Jun-

1196 2250 1266 2282 tina
1290 2262 1386 2282 anno
1412 2250 1526 2290 1514,
1545 2248 1745 2282 Colinaeana
1772 2248 1868 2283 1528

1196 2302 1318 2335 Editio
1334 2302 1465 2335 habent
1478 2303 1523 2335 ad
1536 2303 1660 2335 Pirum.

1249 2368 1283 2400 7.
1306 2355 1355 2388 Et
1379 2356 1471 2388 scalis
1501 2355 1617 2387 habito.
1647 2355 1722 2387 Hoc
1749 2361 1816 2394 est,
1835 2353 1874 2387 in

1195 2408 1372 2442 coenaculo
1401 2409 1486 2449 alto,
1508 2409 1544 2441 in
1567 2407 1668 2441 tertia
1692 2406 1873 2450 contigna-

1196 2462 1292 2494 tione
1311 2487 1320 2502 ‚
1348 2473 1460 2506 prope
1485 2461 1626 2506 tegulas.
1648 2457 1731 2492 Vid.
1761 2459 1872 2503 epigr.

1196 2527 1275 2547 cx1x
1293 2526 1415 2559 supra,
1427 2527 1475 2547 vs.
1495 2512 1657 2547 3.-—-Sed
1672 2513 1756 2544 altis.
1771 2511 1874 2545 Hanc

1195 2567 1406 2612 particulam
1438 2567 1515 2606 sed,
1553 2578 1626 2598 non
1657 2564 1872 2597 mollientem

1194 2619 1255 2653 sed
1274 2628 1455 2665 augentem
1468 2631 1556 2664 saepe
1574 2626 1717 2662 usurpat
1733 2617 1872 2658 Noster,

1194 2681 1233 2706 ut
1254 2673 1334 2706 licet
1357 2671 1476 2705 videre
1496 2671 1558 2704 lib.
1579 2672 1634 2711 ΙΙ,
1656 2670 1764 2715 epigr.
1788 2682 1869 2711 xm,
