2061 3288
428 240 524 285 230

802 241 863 282 M.
892 240 1032 284 VAL.
1071 241 1460 284 MARTIALIS

498 331 732 389 Postquam
763 329 885 372 triste
916 337 1047 389 caput
1072 327 1243 372 fastidia
1268 328 1555 390 vespillonum
1571 364 1582 384 7

569 400 626 442 Et
655 399 799 442 miseri
829 399 987 442 meruit
1018 398 1145 443 taedia
1176 399 1413 454 carnificis3

498 471 645 514 ‘Uteris
673 487 748 513 ore
775 468 918 525 aliter,
939 470 1158 529 nimiaque
1183 470 1374 530 ferugine
1400 480 1551 531 captus
1571 506 1581 523 ‚

567 539 752 584 Allatras
774 556 957 595 nomen,
981 539 1098 600 quod
1122 540 1201 583 tibi
1226 557 1413 600 cumque
1440 541 1580 584 datur.

504 613 677 654 Haereat
700 610 948 671 inguinibus
974 612 1119 671 potius
1144 620 1233 654 tam
1259 611 1388 654 noxia
1413 610 1558 674 lingua
1585 629 1593 654 :

574 684 686 725 Nam
715 698 849 742 quum
877 680 1066 736 sellam,
1089 682 1241 742 purior
1269 680 1341 724 illa
1367 681 1459 725 fuit.

438 829 505 861 est,
524 821 664 853 fellabas
675 845 684 861 ‚
700 820 761 853 lib.
777 820 850 861 III,
868 820 977 865 epigr.
995 831 1110 852 Lxxx1.

438 875 584 907 Veteres
599 873 842 906 existimabant
858 872 901 906 ad
915 881 1030 918 partes
1048 885 1114 918 pu-

439 926 571 960 dendas
598 926 753 959 medium
775 926 933 972 corporis
958 924 1116 959 altitudi-

438 980 493 1013 nis
509 980 640 1021 inesse3
656 987 789 1012 constat
804 988 918 1012 autem
938 979 1042 1024 paulo
1064 991 1121 1011 su-

441 1033 562 1078 perius
576 1031 821 1077 assignandum
839 1031 882 1065 ad
897 1032 1117 1065 umbilicum.

496 1086 531 1119 3.
546 1087 720 1132 Postquam
732 1111 742 1125 ,
764 1093 830 1118 etc.
846 1086 1032 1130 Postquam
1050 1085 1120 1118 oris

443 1139 494 1172 tui
522 1138 737 1184 spurcissimi
763 1147 867 1184 turpe
888 1138 1118 1171 ministerium

445 1192 550 1237 coepit
578 1191 727 1225 fastidiri
753 1192 796 1224 ab
820 1191 948 1224 infimis
968 1191 1122 1224 homini-

444 1247 527 1285 bus,
544 1244 814 1290 vespillonibus;
834 1254 867 1278 et
889 1257 1031 1277 exosum
1052 1256 1123 1277 esse

446 1298 589 1343 abjectis
614 1297 848 1331 carnificibus.
878 1318 930 1323 —-
962 1298 1121 1342 Vespillo-

446 1365 531 1384 num.
548 1351 707 1397 Vespillo
726 1359 872 1384 vocatur
888 1350 946 1395 qui
964 1359 1123 1383 mortuo-

444 1417 525 1438 rum
555 1403 721 1438 cadavera
746 1416 764 1436 e
792 1403 921 1437 lectulo
952 1403 1053 1436 effert
1080 1402 1124 1436 ad

446 1470 594 1501 rogum3
617 1457 666 1490 sie
686 1456 800 1490 dictus
827 1469 844 1489 a
871 1468 956 1489 voce
977 1458 1098 1501 φῶμεν-ι’
1113 1482 1121 1495 ,

449 1510 529 1556 quia
549 1509 613 1543 sub
628 1518 767 1542 noctem
784 1510 890 1554 vulgo
911 1509 947 1542 id
966 1509 1082 1542 fiebat.

506 1562 538 1595 5.
566 1562 656 1595 Sunt
687 1562 747 1607 qui
776 1563 895 1607 legant
921 1575 929 1594 ε
959 1564 1127 1607 miseraque

451 1617 604 1659 aurigine.
632 1614 840 1648 Calderinus
863 1615 945 1659 legit
972 1615 1124 1659 rubigine.

451 1689 503 1696 —-
524 1669 627 1701 Uteris
642 1681 694 1701 ore
712 1668 815 1701 aliter.
829 1668 973 1713 Impura
989 1676 1047 1700 tua
1059 1668 1127 1700 lin-

453 1734 519 1766 gua
538 1721 577 1754 fit
595 1720 759 1754 maledica
774 1736 782 1761 ;
797 1721 978 1754 calumniis
993 1728 1027 1753 et
1043 1733 1128 1752 cou-

454 1774 551 1807 viciis
566 1774 697 1807 involas
709 1773 745 1807 111
758 1786 895 1814 omnes,
905 1774 1017 1806 bonos
1031 1785 1128 1818 aeque

454 1840 491 1860 ac
515 1827 626 1860 1113105.
655 1848 706 1854 --
723 1827 885 1872 JErugine
910 1835 1029 1871 captus.
1052 1826 1128 1862 Ma-

1698 762 1703 781 l

1172 819 1287 852 levolo
1308 819 1429 853 livore.
1453 820 1519 853 Hic
1537 823 1638 866 nigrae
1650 833 1757 853 succus
1778 822 1850 854 loli-

1171 874 1276 917 gimk,
1301 873 1368 905 haec
1386 881 1432 905 est
1455 873 1588 919 AErugo
1607 887 1700 906 mera.
1726 874 1850 909 Horat.

1175 938 1277 958 serm.
1301 926 1371 967 IV,
1397 937 1426 959 1.
1449 926 1757 967 Quemadmodum
1782 928 1851 961 fer·

1175 990 1254 1011 rum
1264 977 1359 1024 quod
1367 979 1700 1026 ferrugineoapstm,
1708 979 1853 1014 omnino

1177 1032 1428 1077 corrumpitur,
1444 1032 1493 1065 sic
1506 1033 1565 1078 qui
1585 1033 1621 1066 in
1634 1034 1855 1066 teterrimum

1178 1092 1272 1118 totus
1296 1083 1472 1118 delabitur
1493 1086 1618 1119 vitium
1647 1099 1717 1131 quo
1739 1087 1854 1119 infici-

1180 1146 1237 1171 tur
1249 1138 1393 1170 omnino
1405 1163 1413 1178 ‚
1429 1139 1581 1184 aerugine
1598 1139 1675 1185 capi
1688 1138 1826 1173 dicitur.

1236 1193 1271 1224 6.
1303 1191 1453 1224 Allan-as
1465 1218 1474 1232 ,
1505 1201 1568 1225 etc.
1599 1191 1857 1238 Quodcumque

1182 1256 1311 1276 nomen
1328 1244 1392 1276 tihi
1405 1246 1593 1286 succurrit,
1605 1253 1638 1278 et
1648 1254 1718 1278 tuae
1729 1246 1858 1291 linguae

1182 1297 1347 1342 objicitur
1362 1323 1371 1340 ‚
1388 1297 1473 1339 hoc,
1496 1298 1637 1331 latranti
1661 1299 1738 1331 cani
1761 1297 1859 1331 haud

1183 1349 1372 1393 absimilis,
1400 1349 1650 1384 maledicenter
1669 1350 1858 1397 garriendo

1183 1402 1372 1436 insectaris.
1390 1403 1455 1436 ED.

1240 1468 1272 1499 7.
1288 1456 1506 1489 Pulmannus
1519 1482 1528 1498 ‚
1541 1458 1610 1501 jam
1627 1460 1722 1490 noxia
1737 1457 1858 1502 lingua.

1241 1510 1273 1542 8.
1304 1510 1423 1540 Pla-[01-
1449 1509 1506 1540 illa
1525 1510 1602 1551 fuit.
1630 1510 1719 1543 Nam
1743 1510 1860 1556 lingua

1187 1562 1259 1607 ejus
1289 1574 1397 1606 quum
1426 1562 1577 1598 fellaret‚
1600 1575 1671 1595 non
1700 1571 1769 1596 tam
1794 1565 1860 1596 im-

1185 1626 1273 1659 pura
1294 1623 1326 1646 et
1346 1615 1434 1647 mala
1456 1623 1547 1655 erat,
1570 1616 1727 1660 quamvis
1747 1617 1862 1662 impu-

1187 1666 1330 1699 rissima.
1351 1668 1493 1712 Impura
1511 1668 1629 1714 lingua
1650 1667 1778 1702 dicitur
1795 1682 1863 1703 ma-

1187 1718 1290 1752 ledici
1304 1746 1312 1760 ,
1332 1727 1365 1753 et
1384 1721 1549 1753 fellatoris
1565 1734 1714 1767 quoque.
1732 1723 1783 1755 Ex
1799 1722 1864 1755 hac

1189 1772 1414 1817 ambiguitate
1431 1773 1567 1819 lepidus
1586 1784 1637 1808 est
1657 1775 1778 1820 jocus3
1801 1775 1861 1808 lib·

1189 1826 1262 1867 III,
1281 1826 1389 1872 epigr.
1410 1839 1513 1860 Lxxx.

1060 1954 1258 2011 LXII.

949 2111 973 2138 Ἰ
989 2112 1015 2139 N
1056 2110 1352 2138 LABIENUM.

524 2239 666 2295 QUOD
692 2246 865 2297 pectus,
890 2235 1008 2296 quod
1032 2251 1159 2278 crura
1185 2235 1287 2291 ῐ11117
1307 2235 1424 2296 quod
1450 2235 1628 2280 brachia
1652 2236 1795 2291 vellis,

595 2307 728 2365 Quod
754 2308 893 2351 cincta
920 2316 984 2349 est
1007 2306 1214 2349 brevibus
1240 2305 1432 2350 mentula
1455 2316 1580 2350 tonsa
1605 2305 1702 2368 pilis
1724 2325 1732 2350 ;

511 2465 541 2486 1.
559 2453 784 2497 Quozlpectus.
801 2452 998 2485 Labienum
1016 2452 1129 2497 pathi-

452 2518 533 2538 cum
560 2506 695 2538 urbane
715 2505 941 2550 perstringit,
965 2517 1004 2537 ea
1025 2517 1126 2538 occa-

452 2559 572 2598 sione,
600 2557 699 2602 quod
725 2570 847 2598 crura,
873 2566 1020 2602 pectus,
1048 2559 1127 2591 bra-

449 2611 545 2651 chia,
563 2619 596 2644 et
616 2611 807 2643 mentulam
828 2611 984 2645 velleret.
1000 2610 1126 2644 Videri

448 2664 516 2697 hoc
542 2671 679 2709 poterat
705 2663 822 2697 amicae
853 2675 953 2697 causa
987 2663 1124 2697 facere:

1188 2450 1248 2484 sed
1272 2451 1463 2497 interrogat
1489 2453 1591 2498 cujus
1618 2465 1717 2485 causa
1746 2452 1865 2486 culum

1187 2504 1291 2537 etiam
1305 2505 1370 2537 sihi
1384 2504 1536 2550 depilet,
1551 2504 1647 2550 quod
1661 2505 1776 2539 facere
1792 2519 1865 2538 non

1186 2565 1343 2602 poterat,
1360 2558 1427 2591 nisi
1445 2565 1486 2590 ut
1505 2557 1727 2603 paediconum
1745 2557 1867 2591 lihidi-

1186 2610 1222 2642 ni
1244 2611 1474 2656 acceptiorem
1494 2623 1529 2644 se
1546 2619 1733 2656 praestaret.
1753 2611 1864 2643 Rami-

1186 2676 1293 2696 Festus.
