2061 3288
571 214 661 257 DE
698 213 1185 258 SPECTACULIS.
1331 280 1337 290 δ
1535 230 1546 258 1

1565 213 1589 257 25(

799 364 946 423 VII.

216 534 273 563 DE
314 533 546 563 DAMNATO
583 532 792 571 QUODAM
831 530 1121 561 SUPPLICIUM
1161 531 1396 561 LAUREOLI
1431 533 1550 563 VERE

669 624 1086 654 REPRAESENTANTE.

239 754 486 812 QUALITER
517 754 562 797 in
593 751 798 814 Scythica
828 748 1033 812 religatus
1063 766 1173 811 rupe
1197 751 1484 796 Prometheus

307 825 540 870 Assiduam
571 825 706 868 nimio
736 832 914 885 pectore
944 821 1066 883 pavit
1095 837 1254 865 avem:

238 895 369 941 Nuda
392 896 633 941 Caledonio
661 897 722 939 sic
746 904 927 956 pectora
952 892 1139 953 praebuit
1163 909 1291 949 urso,

308 969 410 1013 Non
437 967 544 1012 falsa
567 966 762 1028 pendens
783 966 827 1009 in
851 980 982 1009 cruce
1007 962 1266 1008 Laureolus.

237 1083 333 1137 Οἷος
364 1087 418 1129 ἐνὶ
445 1086 668 1129 Σκυθικοῖσι
692 1079 815 1135 δεθεὶς
840 1083 993 1143 ὄχθοισι
1018 1081 1254 1143 Προμηθεὺς

306 1159 471 1205 Πτηνὸν
501 1157 562 1200 ἀεὶ
587 1159 833 1217 σπλάγχνοις
859 1157 1018 1215 ἔτρεφεν
1043 1149 1298 1213 αὐξομένοις,

237 1231 354 1278 Totos,
382 1222 477 1270 ἰδεῖν
504 1225 641 1287 ἄρκτῳ
670 1225 724 1269 τὰ
750 1226 876 1276 effosa
900 1223 1033 1287 γυμνὰ
1057 1225 1234 1284 παρέσχε

307 1293 541 1359 Προσδετὸς
570 1300 613 1341 οὐ
641 1302 790 1353 πλαςῷ
820 1298 1046 1357 Λαυρέολος
1078 1295 1260 1338 σκόλοπι.

223 1451 254 1472 ι.
277 1438 316 1472 In
334 1438 484 1484 Scythica
504 1451 590 1483 rupe.
611 1438 653 1469 In
672 1436 845 1476 Caucaso,

164 1504 270 1537 quem
283 1492 421 1538 Scythae
438 1491 600 1524 accolunt
616 1502 624 1523 :
644 1498 678 1523 et
698 1502 778 1536 pars
794 1497 846 1523 est

164 1545 271 1578 Tauri
286 1545 413 1578 montis
428 1571 436 1587 ,
455 1544 547 1578 inter
563 1544 716 1577 Pontum
736 1543 845 1576 Euxi-

164 1611 248 1631 num
263 1607 296 1631 et
306 1610 399 1631 mare
409 1597 588 1643 Caspium.
602 1595 686 1631 Vid.
700 1596 762 1630 lib.
778 1597 844 1637 IX,

164 1652 266 1697 Epig.
290 1653 335 1692 46
359 1651 461 1684 infra.

220 1717 253 1738 τι.
277 1705 414 1738 Assidue
428 1706 553 1737 minimo
560 1711 686 1748 pectore
699 1702 736 1735 in
753 1715 843 1735 non-

163 1757 268 1790 nullis
299 1757 461 1803 scripfis,
490 1757 512 1790 i.
545 1769 575 1789 e.
608 1764 843 1801 consumpto,

163 1809 223 1844 sed
262 1811 456 1844 renascenti
484 1810 521 1843 in
546 1808 620 1843 dies
639 1821 648 1843 ε
670 1809 843 1843 Assiduum

162 1864 247 1896 nudo
267 1872 394 1909 pectore
418 1864 538 1909 legunt
559 1863 643 1904 alii;
669 1862 843 1896 Assiduum

162 1918 235 1949 vivo
263 1919 382 1950 ‘viscere
415 1918 508 1962 conj.
545 1915 654 1949 Scriv.
685 1915 707 1948 i.
731 1928 760 1949 e.
792 1915 842 1948 fe-

162 1969 296 2011 cundo,
310 1970 501 2003 immortali
516 1981 524 2003 :
538 1971 644 2015 pascit
657 1983 743 2001 avem
758 1969 842 2002 citat

163 2023 354 2057 Marcilius.
381 2045 432 2050 —
458 2023 642 2057 Assiduum.
674 2021 841 2055 Interdiu

162 2085 371 2110 vescentem.
395 2097 448 2103 --
466 2077 586 2110 Nimio.
609 2076 726 2109 Noctu
745 2087 842 2108 rena-

161 2129 271 2162 scenti
297 2130 412 2174 jecore
440 2130 475 2162 in
500 2142 639 2174 poenam
661 2137 837 2162 aeternam.

161 2182 253 2215 Nota
281 2191 330 2215 est
353 2182 554 2215 Promethei
573 2182 690 2215 fabula
703 2207 712 2223 ‚
732 2194 840 2228 quem

161 2235 315 2268 Caucaso
327 2235 437 2268 affixit
444 2235 597 2280 Jupiter,
607 2234 703 2280 quod
714 2235 838 2268 furtim

161 2299 180 2320 e
192 2288 276 2321 caelo
294 2288 408 2333 ignem
422 2287 663 2327 subduxisset;
677 2299 722 2320 ex
740 2289 838 2333 cujus

158 2342 421 2374 renascentibus
444 2340 604 2386 quotidie
623 2340 812 2373 visceribus
829 2366 838 2381 ‚

158 2395 276 2439 aquila
288 2419 296 2434 ,
311 2395 387 2435 vel,
410 2402 449 2427 ut
469 2394 544 2426 aliis
562 2394 694 2438 placet,
719 2394 839 2426 vultur

158 2447 397 2481 nutriebatur.
409 2446 596 2492 Legendus
604 2446 790 2492 *Eschylus
801 2446 837 2479 in

157 2500 369 2534 Prometheo
388 2500 518 2534 vincto.

213 2552 247 2586 3.
272 2553 442 2587 Calidonia
467 2554 569 2587 Junt.
595 2552 773 2595 Calydonio
801 2551 837 2585 in

158 2605 232 2639 aliis
255 2606 466 2640 vem—Sic
491 2609 615 2639 viscera
636 2594 715 2639 cod.
736 2604 836 2639 Bodl.

157 2667 190 2690 et
210 2658 259 2691 sic
274 2659 417 2704 corrigit
431 2660 534 2693 etiam
546 2659 719 2693 Gruterus
734 2681 743 2699 ‚
757 2658 838 2703 quia

904 1433 1080 1480 superiori
1107 1445 1210 1467 versu
1245 1434 1419 1479 praecessit
1442 1444 1586 1480 pectore,

905 1496 939 1521 et
957 1500 1031 1521 non
1053 1486 1154 1520 facile
1173 1487 1303 1532 repetit
1319 1487 1426 1521 Poeta
1446 1489 1585 1523 casdem

904 1553 1026 1580 voces,
1045 1541 1111 1573 nisi
1129 1540 1175 1573 ob
1192 1542 1586 1577 causam—Caledonio

903 1608 988 1628 urso.
1002 1592 1194 1628 Caledonia
1205 1594 1304 1639 regio
1315 1595 1516 1638 Britanniae,
1524 1597 1585 1630 ubi

902 1648 997 1681 silvae
1025 1647 1263 1687 densissimae„
1285 1647 1380 1680 unde
1403 1649 1482 1682 saevi
1513 1651 1583 1683 ursi

902 1703 1048 1734 Romam
1079 1700 1310 1734 mitte-bantur
1329 1713 1338 1741 ;
1372 1701 1408 1734 in
1438 1711 1585 1748 septem—

904 1754 1113 1788 trionalibus
1136 1754 1230 1787 enim
1252 1754 1361 1799 plagis
1382 1756 1454 1788 ursi
1475 1757 1585 1789 maxi-

903 1808 952 1841 mi
971 1816 1005 1841 et
1027 1807 1230 1841 saevissimi:
1256 1807 1439 1842 Caledonii
1467 1809 1585 1842 Ptole-

901 1874 989 1894 maeo
1019 1861 1144 1894 Scotiae
1171 1861 1306 1906 populi.
1328 1862 1441 1894 Bossia
1462 1875 1583 1896 eorum

902 1922 1032 1947 tractus
1055 1912 1200 1946 videtur
1220 1914 1352 1947 vocari.
1378 1915 1584 1950 Bucananus

901 1976 1003 2001 vocat
1026 1967 1232 2000 Duncalden.
1255 1966 1410 2000 Vidend.
1437 1968 1498 2001 lib.
1529 1970 1583 2010 X,

901 2020 1015 2066 epigr.
1035 2032 1132 2054 xle.

956 2078 988 2115 4.
1012 2073 1198 2107 Laureolus.
1216 2073 1409 2106 Laureolus
1426 2083 1499 2107 erat
1516 2076 1582 2108 mi-

900 2140 996 2169 mus,
1018 2140 1079 2161 seu
1101 2125 1233 2159 drama.
1258 2126 1374 2170 Hujus
1396 2139 1580 2172 argumen-

899 2189 996 2222 tum,
1017 2179 1243 2214 latrocinium
1274 2180 1375 2224 cujus
1399 2179 1472 2213 dux
1489 2182 1580 2215 Lau-

899 2234 1016 2267 reolus
1039 2235 1075 2266 in
1095 2233 1213 2266 fictam
1237 2244 1378 2265 crucem
1395 2235 1559 2278 agebatur
1572 2263 1581 2278 ‚

898 2295 971 2320 erat
987 2312 995 2328 ,
1011 2295 1052 2320 ut
1070 2286 1292 2319 manifestum
1312 2293 1362 2318 est
1373 2298 1413 2319 ex
1423 2287 1580 2334 Josepho

898 2341 982 2373 Ant.
1002 2340 1108 2379 XIX,
1136 2351 1149 2371 1
1167 2364 1175 2379 ‚
1198 2339 1263 2371 sub
1283 2338 1369 2372 Caio
1393 2340 1551 2386 Caligula
1569 2354 1578 2376 ε

898 2408 910 2419 κ
924 2393 1055 2426 Mimus
1067 2391 1307 2425 introducitur
1319 2404 1390 2437 quo
1404 2406 1578 2438 repraesen

897 2453 991 2479 tatur
1009 2444 1082 2478 dux
1098 2452 1220 2490 captus
1236 2453 1270 2478 et
1289 2445 1325 2477 in
1348 2458 1487 2480 crucem
1504 2449 1577 2481 suf-

897 2499 1000 2532 fixus.
1022 2516 1035 2528 »
1057 2498 1169 2543 Hujus
1186 2498 1348 2531 Laureoli
1366 2498 1481 2533 fictam
1497 2515 1577 2546 per-

898 2564 1019 2585 sonam
1040 2551 1212 2584 sustinere
1238 2551 1370 2585 solebat
1395 2554 1576 2588 comoedus

899 2603 1041 2651 quidam
1056 2631 1064 2646 ,
1091 2604 1200 2638 veluti
1225 2604 1254 2638 is
1276 2605 1444 2639 Lentulus
1472 2620 1576 2652 quem

899 2658 1076 2691 Juvenalis
1098 2657 1249 2702 dignum
1263 2670 1346 2691 vera
1365 2670 1468 2692 cruce
1481 2660 1576 2705 judi-
