<?xml version="1.0" encoding="UTF-8"?>
<!DOCTYPE html PUBLIC "-//W3C//DTD XHTML 1.0 Transitional//EN"
    "http://www.w3.org/TR/xhtml1/DTD/xhtml1-transitional.dtd">
<html xmlns="http://www.w3.org/1999/xhtml" xml:lang="en" lang="en">
 <head>
  <title>
</title>
<meta http-equiv="Content-Type" content="text/html;charset=utf-8" />
  <meta name='ocr-system' content='tesseract 3.04.00' />
  <meta name='ocr-capabilities' content='ocr_page ocr_carea ocr_par ocr_line ocrx_word'/>
</head>
<body>
  <div class='ocr_page' id='page_1' title='image "./epigrammata01martuoft_0664.png"; bbox 0 0 2061 3288; ppageno 0'>
   <div class='ocr_carea' id='block_1_1' title="bbox 463 189 560 244">
    <p class='ocr_par' dir='ltr' id='par_1_1' title="bbox 463 189 560 244">
     <span class='ocr_line' id='line_1_1' title="bbox 463 189 560 244; baseline -0.021 -10"><span class='ocrx_word' id='word_1_1' title='bbox 463 189 560 244; x_wconf 69' lang='lat'>483</span> 
     </span>
    </p>
   </div>
   <div class='ocr_carea' id='block_1_2' title="bbox 831 191 1482 235">
    <p class='ocr_par' dir='ltr' id='par_1_2' title="bbox 831 191 1482 235">
     <span class='ocr_line' id='line_1_2' title="bbox 831 191 1482 235; baseline 0.006 -4"><span class='ocrx_word' id='word_1_2' title='bbox 831 191 891 231; x_wconf 82' lang='lat' dir='ltr'>M.</span> <span class='ocrx_word' id='word_1_3' title='bbox 914 191 1055 233; x_wconf 72' lang='lat' dir='ltr'>VAL.</span> <span class='ocrx_word' id='word_1_4' title='bbox 1096 191 1482 235; x_wconf 84' lang='lat' dir='ltr'><strong>MARTIALIS</strong></span> 
     </span>
    </p>
   </div>
   <div class='ocr_carea' id='block_1_3' title="bbox 461 275 1671 674">
    <p class='ocr_par' dir='ltr' id='par_1_3' title="bbox 461 275 1671 674">
     <span class='ocr_line' id='line_1_3' title="bbox 462 275 1646 339; baseline 0.003 -21"><span class='ocrx_word' id='word_1_5' title='bbox 462 276 569 319; x_wconf 86' lang='lat' dir='ltr'>Inde</span> <span class='ocrx_word' id='word_1_6' title='bbox 596 275 716 335; x_wconf 79' lang='lat' dir='ltr'>lege,</span> <span class='ocrx_word' id='word_1_7' title='bbox 741 276 1039 336; x_wconf 79' lang='lat' dir='ltr'>Phoebumque</span> <span class='ocrx_word' id='word_1_8' title='bbox 1065 278 1158 332; x_wconf 76' lang='lat' dir='ltr'>cio,</span> <span class='ocrx_word' id='word_1_9' title='bbox 1188 278 1447 339; x_wconf 82' lang='lat' dir='ltr'><strong>Musamque</strong></span> <span class='ocrx_word' id='word_1_10' title='bbox 1471 278 1646 323; x_wconf 85' lang='lat' dir='ltr'>lacesso.</span> 
     </span>
     <span class='ocr_line' id='line_1_4' title="bbox 462 345 1578 409; baseline 0.003 -20"><span class='ocrx_word' id='word_1_11' title='bbox 462 347 576 389; x_wconf 86' lang='lat' dir='ltr'>Hinc</span> <span class='ocrx_word' id='word_1_12' title='bbox 602 345 697 389; x_wconf 92' lang='lat' dir='ltr'>oleo</span> <span class='ocrx_word' id='word_1_13' title='bbox 724 363 967 407; x_wconf 81' lang='lat' dir='ltr'>corpusque</span> <span class='ocrx_word' id='word_1_14' title='bbox 994 346 1125 402; x_wconf 83' lang='lat' dir='ltr'>frico,</span> <span class='ocrx_word' id='word_1_15' title='bbox 1150 347 1354 408; x_wconf 83' lang='lat' dir='ltr'>mollique</span> <span class='ocrx_word' id='word_1_16' title='bbox 1380 348 1578 409; x_wconf 82' lang='lat' dir='ltr'>palaestra</span> 
     </span>
     <span class='ocr_line' id='line_1_5' title="bbox 461 416 1643 478; baseline 0.003 -19"><span class='ocrx_word' id='word_1_17' title='bbox 461 418 634 477; x_wconf 84' lang='lat' dir='ltr'>Stringo</span> <span class='ocrx_word' id='word_1_18' title='bbox 659 416 821 472; x_wconf 76' lang='lat' dir='ltr'>libens,</span> <span class='ocrx_word' id='word_1_19' title='bbox 845 419 988 460; x_wconf 88' lang='lat' dir='ltr'>animo</span> <span class='ocrx_word' id='word_1_20' title='bbox 1015 418 1230 478; x_wconf 66' lang='lat' dir='ltr'>gaudens,</span> <span class='ocrx_word' id='word_1_21' title='bbox 1254 435 1304 462; x_wconf 85' lang='lat' dir='ltr'>ac</span> <span class='ocrx_word' id='word_1_22' title='bbox 1333 419 1497 462; x_wconf 87' lang='lat' dir='ltr'>foenore</span> <span class='ocrx_word' id='word_1_23' title='bbox 1527 418 1643 463; x_wconf 88' lang='lat' dir='ltr'>liber.</span> 
     </span>
     <span class='ocr_line' id='line_1_6' title="bbox 464 487 1671 550; baseline 0.002 -20"><span class='ocrx_word' id='word_1_24' title='bbox 464 487 686 542; x_wconf 77' lang='lat' dir='ltr'>prandeo,</span> <span class='ocrx_word' id='word_1_25' title='bbox 710 498 835 548; x_wconf 78' lang='lat' dir='ltr'>poto,</span> <span class='ocrx_word' id='word_1_26' title='bbox 861 505 994 542; x_wconf 73' lang='lat' dir='ltr'>cano,</span> <span class='ocrx_word' id='word_1_27' title='bbox 1019 487 1142 543; x_wconf 74' lang='lat' dir='ltr'>ludo,</span> <span class='ocrx_word' id='word_1_28' title='bbox 1167 489 1286 544; x_wconf 80' lang='lat' dir='ltr'>lavo,</span> <span class='ocrx_word' id='word_1_29' title='bbox 1314 506 1463 544; x_wconf 71' lang='lat' dir='ltr'>comm,</span> <span class='ocrx_word' id='word_1_30' title='bbox 1484 491 1671 550; x_wconf 85' lang='lat' dir='ltr'>quiesco.</span> 
     </span>
     <span class='ocr_line' id='line_1_7' title="bbox 462 558 1623 618; baseline 0.002 -17"><span class='ocrx_word' id='word_1_31' title='bbox 462 560 581 601; x_wconf 85' lang='lat' dir='ltr'>Dum</span> <span class='ocrx_word' id='word_1_32' title='bbox 609 574 769 618; x_wconf 84' lang='lat' dir='ltr'>parvus</span> <span class='ocrx_word' id='word_1_33' title='bbox 794 558 976 618; x_wconf 80' lang='lat' dir='ltr'>lychnus</span> <span class='ocrx_word' id='word_1_34' title='bbox 1003 559 1220 603; x_wconf 88' lang='lat' dir='ltr'>modicum</span> <span class='ocrx_word' id='word_1_35' title='bbox 1249 569 1476 604; x_wconf 84' lang='lat' dir='ltr'>consumat</span> <span class='ocrx_word' id='word_1_36' title='bbox 1500 559 1623 615; x_wconf 72' lang='lat' dir='ltr'>olivi,</span> 
     </span>
     <span class='ocr_line' id='line_1_8' title="bbox 465 629 1536 674; baseline 0.003 -3"><span class='ocrx_word' id='word_1_37' title='bbox 465 630 567 672; x_wconf 78' lang='lat' dir='ltr'>Haec</span> <span class='ocrx_word' id='word_1_38' title='bbox 589 629 663 672; x_wconf 80' lang='lat' dir='ltr'>(lat</span> <span class='ocrx_word' id='word_1_39' title='bbox 693 630 918 673; x_wconf 78' lang='lat' dir='ltr'>nocturnis</span> <span class='ocrx_word' id='word_1_40' title='bbox 945 646 1030 672; x_wconf 79' lang='lat' dir='ltr'>nox</span> <span class='ocrx_word' id='word_1_41' title='bbox 1054 629 1280 673; x_wconf 84' lang='lat' dir='ltr'>lucubrata</span> <span class='ocrx_word' id='word_1_42' title='bbox 1305 632 1536 674; x_wconf 81' lang='lat' dir='ltr'>Camoenis.</span> 
     </span>
    </p>
   </div>
   <div class='ocr_carea' id='block_1_4' title="bbox 460 759 1142 2643">
    <p class='ocr_par' dir='ltr' id='par_1_4' title="bbox 460 759 1140 1174">
     <span class='ocr_line' id='line_1_9' title="bbox 465 759 1136 805; baseline -0.001 -12"><span class='ocrx_word' id='word_1_43' title='bbox 465 761 625 805; x_wconf 69' lang='lat' dir='ltr'>aequabat</span> <span class='ocrx_word' id='word_1_44' title='bbox 641 760 751 804; x_wconf 86' lang='lat' dir='ltr'>justis.</span> <span class='ocrx_word' id='word_1_45' title='bbox 774 778 785 787; x_wconf 76' lang='grc' dir='ltr'><strong>υ</strong></span> <span class='ocrx_word' id='word_1_46' title='bbox 818 759 873 791; x_wconf 84' lang='lat' dir='ltr'>Sic</span> <span class='ocrx_word' id='word_1_47' title='bbox 897 759 1056 792; x_wconf 90' lang='lat' dir='ltr'>Lucretia</span> <span class='ocrx_word' id='word_1_48' title='bbox 1077 773 1136 792; x_wconf 87' lang='lat' dir='ltr'>an-</span> 
     </span>
     <span class='ocr_line' id='line_1_10' title="bbox 465 812 1138 857; baseline 0 -12"><span class='ocrx_word' id='word_1_49' title='bbox 465 813 553 845; x_wconf 89' lang='lat' dir='ltr'>cillis</span> <span class='ocrx_word' id='word_1_50' title='bbox 569 812 716 845; x_wconf 82' lang='lat' dir='ltr'>lanificis</span> <span class='ocrx_word' id='word_1_51' title='bbox 732 824 838 857; x_wconf 85' lang='lat' dir='ltr'>pensa</span> <span class='ocrx_word' id='word_1_52' title='bbox 854 813 1138 857; x_wconf 80' lang='lat' dir='ltr'>partiebatur.—</span> 
     </span>
     <span class='ocr_line' id='line_1_11' title="bbox 465 865 1139 911; baseline 0 -13"><span class='ocrx_word' id='word_1_53' title='bbox 465 866 522 898; x_wconf 76' lang='lat' dir='ltr'>Sic</span> <span class='ocrx_word' id='word_1_54' title='bbox 541 866 699 911; x_wconf 74' lang='lat' dir='ltr'>intelligo</span> <span class='ocrx_word' id='word_1_55' title='bbox 717 877 724 897; x_wconf 77' lang='lat'>2</span> <span class='ocrx_word' id='word_1_56' title='bbox 744 865 877 898; x_wconf 75' lang='lat' dir='ltr'>labores</span> <span class='ocrx_word' id='word_1_57' title='bbox 894 873 1046 910; x_wconf 87' lang='lat' dir='ltr'>aequatos</span> <span class='ocrx_word' id='word_1_58' title='bbox 1062 878 1139 911; x_wconf 87' lang='lat' dir='ltr'>par-</span> 
     </span>
     <span class='ocr_line' id='line_1_12' title="bbox 466 919 1139 963; baseline 0 -12"><span class='ocrx_word' id='word_1_59' title='bbox 466 919 535 951; x_wconf 81' lang='lat' dir='ltr'>tior</span> <span class='ocrx_word' id='word_1_60' title='bbox 559 920 651 952; x_wconf 85' lang='lat' dir='ltr'>inter</span> <span class='ocrx_word' id='word_1_61' title='bbox 681 931 796 951; x_wconf 78' lang='lat' dir='ltr'>servos</span> <span class='ocrx_word' id='word_1_62' title='bbox 824 931 918 951; x_wconf 88' lang='lat' dir='ltr'>meos</span> <span class='ocrx_word' id='word_1_63' title='bbox 933 944 941 959; x_wconf 88' lang='lat'>‚</span> <span class='ocrx_word' id='word_1_64' title='bbox 972 919 1031 963; x_wconf 87' lang='lat' dir='ltr'>qui</span> <span class='ocrx_word' id='word_1_65' title='bbox 1059 928 1139 951; x_wconf 86' lang='lat' dir='ltr'>sunt</span> 
     </span>
     <span class='ocr_line' id='line_1_13' title="bbox 460 971 1140 1017; baseline 0.001 -14"><span class='ocrx_word' id='word_1_66' title='bbox 460 980 569 1016; x_wconf 77' lang='lat' dir='ltr'>paz-tes</span> <span class='ocrx_word' id='word_1_67' title='bbox 587 999 593 1011; x_wconf 87' lang='lat'>‚</span> <span class='ocrx_word' id='word_1_68' title='bbox 617 971 654 1004; x_wconf 90' lang='lat' dir='ltr'>id</span> <span class='ocrx_word' id='word_1_69' title='bbox 677 980 727 1004; x_wconf 91' lang='lat' dir='ltr'>est</span> <span class='ocrx_word' id='word_1_70' title='bbox 742 998 751 1013; x_wconf 85' lang='lat'><strong><em>,</em></strong></span> <span class='ocrx_word' id='word_1_71' title='bbox 776 984 933 1017; x_wconf 80' lang='lat' dir='ltr'>personae</span> <span class='ocrx_word' id='word_1_72' title='bbox 951 972 1140 1005; x_wconf 84' lang='lat' dir='ltr'>servientes</span> 
     </span>
     <span class='ocr_line' id='line_1_14' title="bbox 466 1024 1138 1069; baseline -0.001 -12"><span class='ocrx_word' id='word_1_73' title='bbox 466 1026 502 1057; x_wconf 79' lang='lat' dir='ltr'>in</span> <span class='ocrx_word' id='word_1_74' title='bbox 519 1024 627 1057; x_wconf 88' lang='lat' dir='ltr'>domo</span> <span class='ocrx_word' id='word_1_75' title='bbox 642 1032 675 1057; x_wconf 91' lang='lat' dir='ltr'>et</span> <span class='ocrx_word' id='word_1_76' title='bbox 693 1024 727 1056; x_wconf 85' lang='lat' dir='ltr'>in</span> <span class='ocrx_word' id='word_1_77' title='bbox 745 1025 834 1069; x_wconf 84' lang='lat' dir='ltr'>agris</span> <span class='ocrx_word' id='word_1_78' title='bbox 852 1025 953 1066; x_wconf 86' lang='lat' dir='ltr'>meis;</span> <span class='ocrx_word' id='word_1_79' title='bbox 967 1033 1005 1058; x_wconf 91' lang='lat' dir='ltr'>ut</span> <span class='ocrx_word' id='word_1_80' title='bbox 1018 1025 1138 1058; x_wconf 86' lang='lat' dir='ltr'>Horat.</span> 
     </span>
     <span class='ocr_line' id='line_1_15' title="bbox 467 1077 1140 1122; baseline -0.001 -13"><span class='ocrx_word' id='word_1_81' title='bbox 467 1079 501 1110; x_wconf 93' lang='lat' dir='ltr'>II</span> <span class='ocrx_word' id='word_1_82' title='bbox 514 1104 521 1117; x_wconf 93' lang='lat'>‚</span> <span class='ocrx_word' id='word_1_83' title='bbox 534 1077 644 1111; x_wconf 85' lang='lat' dir='ltr'>Serm.</span> <span class='ocrx_word' id='word_1_84' title='bbox 661 1089 713 1109; x_wconf 71' lang='lat' dir='ltr'>vn</span> <span class='ocrx_word' id='word_1_85' title='bbox 724 1104 732 1118; x_wconf 92' lang='lat'>‚</span> <span class='ocrx_word' id='word_1_86' title='bbox 752 1091 764 1110; x_wconf 92' lang='lat'>1</span> <span class='ocrx_word' id='word_1_87' title='bbox 776 1078 821 1121; x_wconf 82' lang='lat'>73</span> <span class='ocrx_word' id='word_1_88' title='bbox 837 1090 843 1109; x_wconf 73' lang='grc' dir='ltr'><em>τ</em></span> <span class='ocrx_word' id='word_1_89' title='bbox 866 1093 877 1104; x_wconf 84' lang='lat'>«</span> <span class='ocrx_word' id='word_1_90' title='bbox 892 1077 1033 1111; x_wconf 80' lang='lat' dir='ltr'>accedes</span> <span class='ocrx_word' id='word_1_91' title='bbox 1048 1091 1140 1122; x_wconf 77' lang='lat' dir='ltr'>opera</span> 
     </span>
     <span class='ocr_line' id='line_1_16' title="bbox 467 1130 940 1174; baseline 0.002 -12"><span class='ocrx_word' id='word_1_92' title='bbox 467 1143 548 1174; x_wconf 81' lang='lat' dir='ltr'>agro</span> <span class='ocrx_word' id='word_1_93' title='bbox 567 1143 664 1163; x_wconf 84' lang='lat' dir='ltr'>noua</span> <span class='ocrx_word' id='word_1_94' title='bbox 682 1130 822 1163; x_wconf 85' lang='lat' dir='ltr'>Sabino.</span> <span class='ocrx_word' id='word_1_95' title='bbox 842 1149 854 1159; x_wconf 68' lang='grc' dir='ltr'>»ι</span> <span class='ocrx_word' id='word_1_96' title='bbox 875 1131 940 1163; x_wconf 83' lang='grc' dir='ltr'>Ευ.</span> 
     </span>
    </p>

    <p class='ocr_par' dir='ltr' id='par_1_5' title="bbox 523 1183 1140 1228">
     <span class='ocr_line' id='line_1_17' title="bbox 523 1183 1140 1228; baseline 0.002 -13"><span class='ocrx_word' id='word_1_97' title='bbox 523 1188 554 1222; x_wconf 64' lang='grc'>4.</span> <span class='ocrx_word' id='word_1_98' title='bbox 563 1183 632 1216; x_wconf 82' lang='lat' dir='ltr'>Cio.</span> <span class='ocrx_word' id='word_1_99' title='bbox 644 1184 788 1224; x_wconf 84' lang='lat' dir='ltr'>Invoco;</span> <span class='ocrx_word' id='word_1_100' title='bbox 799 1196 844 1216; x_wconf 87' lang='lat' dir='ltr'>sc.</span> <span class='ocrx_word' id='word_1_101' title='bbox 853 1196 968 1228; x_wconf 85' lang='lat' dir='ltr'>pango</span> <span class='ocrx_word' id='word_1_102' title='bbox 978 1184 1140 1216; x_wconf 85' lang='lat' dir='ltr'>carmina.</span> 
     </span>
    </p>

    <p class='ocr_par' dir='ltr' id='par_1_6' title="bbox 466 1236 1142 2181">
     <span class='ocr_line' id='line_1_18' title="bbox 522 1236 1138 1281; baseline 0.002 -13"><span class='ocrx_word' id='word_1_103' title='bbox 522 1237 553 1268; x_wconf 80' lang='lat'>5.</span> <span class='ocrx_word' id='word_1_104' title='bbox 573 1238 660 1268; x_wconf 70' lang='lat' dir='ltr'>Hinc</span> <span class='ocrx_word' id='word_1_105' title='bbox 675 1238 742 1268; x_wconf 76' lang='lat' dir='ltr'>oleo</span> <span class='ocrx_word' id='word_1_106' title='bbox 755 1238 953 1281; x_wconf 74' lang='lat' dir='ltr'>cotpzesfi·z&#39;co</span> <span class='ocrx_word' id='word_1_107' title='bbox 966 1236 1044 1269; x_wconf 83' lang='lat' dir='ltr'>Ald.</span> <span class='ocrx_word' id='word_1_108' title='bbox 1060 1249 1138 1269; x_wconf 83' lang='lat' dir='ltr'>ann.</span> 
     </span>
     <span class='ocr_line' id='line_1_19' title="bbox 474 1289 1140 1333; baseline 0.002 -12"><span class='ocrx_word' id='word_1_109' title='bbox 474 1292 560 1321; x_wconf 80' lang='lat'>1501</span> <span class='ocrx_word' id='word_1_110' title='bbox 582 1316 590 1329; x_wconf 90' lang='lat'>‚</span> <span class='ocrx_word' id='word_1_111' title='bbox 618 1289 725 1333; x_wconf 75' lang='lat'>1517.</span> <span class='ocrx_word' id='word_1_112' title='bbox 747 1290 844 1322; x_wconf 89' lang='lat' dir='ltr'>Junt.</span> <span class='ocrx_word' id='word_1_113' title='bbox 866 1290 982 1323; x_wconf 84' lang='lat' dir='ltr'>Colin.</span> <span class='ocrx_word' id='word_1_114' title='bbox 1003 1298 1065 1322; x_wconf 85' lang='lat' dir='ltr'>etc.</span> <span class='ocrx_word' id='word_1_115' title='bbox 1086 1304 1140 1322; x_wconf 87' lang='lat' dir='ltr'>re-</span> 
     </span>
     <span class='ocr_line' id='line_1_20' title="bbox 466 1342 1142 1387; baseline 0.001 -13"><span class='ocrx_word' id='word_1_116' title='bbox 466 1350 642 1386; x_wconf 77' lang='lat' dir='ltr'>pugnante</span> <span class='ocrx_word' id='word_1_117' title='bbox 658 1343 730 1386; x_wconf 85' lang='lat' dir='ltr'>lege</span> <span class='ocrx_word' id='word_1_118' title='bbox 744 1342 922 1382; x_wconf 40' lang='lat' dir='ltr'>carmini&amp;</span> <span class='ocrx_word' id='word_1_119' title='bbox 935 1344 1142 1387; x_wconf 62' lang='lat' dir='ltr'>⁶⁰¹&#39;l’st-5fi&#39;s3&#39;0</span> 
     </span>
     <span class='ocr_line' id='line_1_21' title="bbox 468 1395 1139 1439; baseline 0.003 -13"><span class='ocrx_word' id='word_1_120' title='bbox 468 1396 699 1435; x_wconf 83' lang='lat' dir='ltr'>Pulmaunus;</span> <span class='ocrx_word' id='word_1_121' title='bbox 722 1409 830 1439; x_wconf 67' lang='lat' dir='ltr'>eorpus</span> <span class='ocrx_word' id='word_1_122' title='bbox 848 1395 942 1439; x_wconf 66' lang='lat' dir='ltr'>fingo</span> <span class='ocrx_word' id='word_1_123' title='bbox 971 1395 1139 1439; x_wconf 80' lang='lat' dir='ltr'>Cujacius.</span> 
     </span>
     <span class='ocr_line' id='line_1_22' title="bbox 467 1448 1141 1493; baseline 0.001 -13"><span class='ocrx_word' id='word_1_124' title='bbox 467 1469 517 1473; x_wconf 72' lang='lat'>——</span> <span class='ocrx_word' id='word_1_125' title='bbox 532 1449 622 1480; x_wconf 73' lang='lat' dir='ltr'>(Neo.</span> <span class='ocrx_word' id='word_1_126' title='bbox 644 1448 776 1492; x_wconf 75' lang='lat' dir='ltr'>Supra,</span> <span class='ocrx_word' id='word_1_127' title='bbox 797 1449 906 1493; x_wconf 81' lang='lat' dir='ltr'>epigr.</span> <span class='ocrx_word' id='word_1_128' title='bbox 923 1460 990 1480; x_wconf 71' lang='lat' dir='ltr'>vnl</span> <span class='ocrx_word' id='word_1_129' title='bbox 1004 1475 1012 1488; x_wconf 85' lang='lat'><strong>,</strong></span> <span class='ocrx_word' id='word_1_130' title='bbox 1033 1462 1081 1481; x_wconf 77' lang='lat' dir='ltr'>vs.</span> <span class='ocrx_word' id='word_1_131' title='bbox 1108 1449 1141 1489; x_wconf 85' lang='lat'>5,</span> 
     </span>
     <span class='ocr_line' id='line_1_23' title="bbox 467 1501 1141 1546; baseline 0.004 -15"><span class='ocrx_word' id='word_1_132' title='bbox 467 1502 582 1532; x_wconf 73' lang='lat' dir='ltr'>nilidas</span> <span class='ocrx_word' id='word_1_133' title='bbox 623 1501 763 1533; x_wconf 74' lang='lat' dir='ltr'>vocavit</span> <span class='ocrx_word' id='word_1_134' title='bbox 805 1502 979 1545; x_wconf 85' lang='lat' dir='ltr'>palaestras</span> <span class='ocrx_word' id='word_1_135' title='bbox 1000 1527 1008 1541; x_wconf 87' lang='lat'>,</span> <span class='ocrx_word' id='word_1_136' title='bbox 1046 1501 1141 1546; x_wconf 82' lang='lat' dir='ltr'>quod</span> 
     </span>
     <span class='ocr_line' id='line_1_24' title="bbox 467 1550 1139 1598; baseline 0.006 -15"><span class='ocrx_word' id='word_1_137' title='bbox 467 1554 545 1585; x_wconf 76' lang='lat' dir='ltr'>oleo</span> <span class='ocrx_word' id='word_1_138' title='bbox 569 1561 803 1597; x_wconf 84' lang='lat' dir='ltr'>ungerentur,</span> <span class='ocrx_word' id='word_1_139' title='bbox 826 1550 887 1598; x_wconf 82' lang='lat' dir='ltr'>qui</span> <span class='ocrx_word' id='word_1_140' title='bbox 910 1566 982 1586; x_wconf 85' lang='lat' dir='ltr'>sese</span> <span class='ocrx_word' id='word_1_141' title='bbox 1005 1566 1139 1587; x_wconf 81' lang='lat' dir='ltr'>exerce-</span> 
     </span>
     <span class='ocr_line' id='line_1_25' title="bbox 469 1604 1139 1640; baseline 0.003 -3"><span class='ocrx_word' id='word_1_142' title='bbox 469 1606 562 1640; x_wconf 82' lang='lat' dir='ltr'>bant.</span> <span class='ocrx_word' id='word_1_143' title='bbox 579 1604 877 1639; x_wconf 78' lang='lat' dir='ltr'>Ovid.Fastorum</span> <span class='ocrx_word' id='word_1_144' title='bbox 889 1607 949 1638; x_wconf 90' lang='lat' dir='ltr'>lib.</span> <span class='ocrx_word' id='word_1_145' title='bbox 963 1607 1012 1639; x_wconf 78' lang='lat' dir='ltr'>V:</span> <span class='ocrx_word' id='word_1_146' title='bbox 1027 1608 1139 1640; x_wconf 79' lang='lat' dir='ltr'>«Laete</span> 
     </span>
     <span class='ocr_line' id='line_1_26' title="bbox 468 1657 1141 1704; baseline 0.004 -14"><span class='ocrx_word' id='word_1_147' title='bbox 468 1658 552 1702; x_wconf 68' lang='lat' dir='ltr'>lyrae</span> <span class='ocrx_word' id='word_1_148' title='bbox 577 1659 679 1703; x_wconf 87' lang='lat' dir='ltr'>pulsu</span> <span class='ocrx_word' id='word_1_149' title='bbox 698 1685 706 1699; x_wconf 87' lang='lat'>‚</span> <span class='ocrx_word' id='word_1_150' title='bbox 744 1657 854 1692; x_wconf 86' lang='lat' dir='ltr'>nitida</span> <span class='ocrx_word' id='word_1_151' title='bbox 890 1672 1029 1704; x_wconf 90' lang='lat' dir='ltr'>quoque</span> <span class='ocrx_word' id='word_1_152' title='bbox 1066 1661 1141 1693; x_wconf 78' lang='lat' dir='ltr'>laete</span> 
     </span>
     <span class='ocr_line' id='line_1_27' title="bbox 468 1711 1139 1757; baseline 0.004 -14"><span class='ocrx_word' id='word_1_153' title='bbox 468 1711 637 1756; x_wconf 77' lang='lat' dir='ltr'>palaestra.</span> <span class='ocrx_word' id='word_1_154' title='bbox 653 1729 665 1740; x_wconf 59' lang='lat' dir='ltr'>u</span> <span class='ocrx_word' id='word_1_155' title='bbox 687 1711 744 1744; x_wconf 85' lang='lat' dir='ltr'>Sic</span> <span class='ocrx_word' id='word_1_156' title='bbox 762 1720 901 1744; x_wconf 81' lang='lat' dir='ltr'>unctam</span> <span class='ocrx_word' id='word_1_157' title='bbox 923 1720 955 1744; x_wconf 83' lang='lat' dir='ltr'>et</span> <span class='ocrx_word' id='word_1_158' title='bbox 974 1712 1139 1757; x_wconf 84' lang='lat' dir='ltr'>pinguem</span> 
     </span>
     <span class='ocr_line' id='line_1_28' title="bbox 471 1764 1138 1810; baseline 0.003 -14"><span class='ocrx_word' id='word_1_159' title='bbox 471 1773 579 1808; x_wconf 78' lang='lat' dir='ltr'>poetae</span> <span class='ocrx_word' id='word_1_160' title='bbox 616 1764 742 1810; x_wconf 82' lang='lat' dir='ltr'>passim</span> <span class='ocrx_word' id='word_1_161' title='bbox 775 1764 967 1809; x_wconf 70' lang='lat' dir='ltr'>palaestram</span> <span class='ocrx_word' id='word_1_162' title='bbox 1003 1774 1138 1799; x_wconf 87' lang='lat' dir='ltr'>vocant.</span> 
     </span>
     <span class='ocr_line' id='line_1_29' title="bbox 467 1817 1139 1863; baseline -0.001 -14"><span class='ocrx_word' id='word_1_163' title='bbox 467 1818 587 1850; x_wconf 74' lang='lat' dir='ltr'>Rmnir.</span> <span class='ocrx_word' id='word_1_164' title='bbox 603 1839 653 1843; x_wconf 96' lang='lat'><strong>—</strong></span> <span class='ocrx_word' id='word_1_165' title='bbox 665 1817 817 1863; x_wconf 67' lang='lat' dir='ltr'>lllollz&#39;que</span> <span class='ocrx_word' id='word_1_166' title='bbox 835 1818 987 1862; x_wconf 66' lang='lat' dir='ltr'>palaestra</span> <span class='ocrx_word' id='word_1_167' title='bbox 1019 1822 1139 1862; x_wconf 73' lang='lat' dir='ltr'>stringo</span> 
     </span>
     <span class='ocr_line' id='line_1_30' title="bbox 467 1870 1140 1904; baseline 0.003 -3"><span class='ocrx_word' id='word_1_168' title='bbox 467 1870 574 1903; x_wconf 73' lang='lat' dir='ltr'>libens.</span> <span class='ocrx_word' id='word_1_169' title='bbox 588 1871 917 1903; x_wconf 77' lang='lat' dir='ltr'>Unctionelaxatam</span> <span class='ocrx_word' id='word_1_170' title='bbox 928 1880 1045 1903; x_wconf 89' lang='lat' dir='ltr'>cutem</span> <span class='ocrx_word' id='word_1_171' title='bbox 1060 1883 1140 1904; x_wconf 87' lang='lat' dir='ltr'>mox</span> 
     </span>
     <span class='ocr_line' id='line_1_31' title="bbox 468 1923 1141 1969; baseline 0.001 -14"><span class='ocrx_word' id='word_1_172' title='bbox 468 1923 557 1956; x_wconf 86' lang='lat' dir='ltr'>lucta</span> <span class='ocrx_word' id='word_1_173' title='bbox 571 1923 766 1968; x_wconf 75' lang='lat' dir='ltr'>adstringe,</span> <span class='ocrx_word' id='word_1_174' title='bbox 778 1924 832 1956; x_wconf 92' lang='lat' dir='ltr'>vel</span> <span class='ocrx_word' id='word_1_175' title='bbox 844 1924 1009 1968; x_wconf 83' lang='lat' dir='ltr'>palaestrae</span> <span class='ocrx_word' id='word_1_176' title='bbox 1022 1924 1141 1969; x_wconf 82' lang='lat' dir='ltr'>pulve-</span> 
     </span>
     <span class='ocr_line' id='line_1_32' title="bbox 466 1976 1139 2021; baseline 0 -13"><span class='ocrx_word' id='word_1_177' title='bbox 466 1989 523 2016; x_wconf 82' lang='lat' dir='ltr'>re,</span> <span class='ocrx_word' id='word_1_178' title='bbox 546 1989 651 2021; x_wconf 88' lang='lat' dir='ltr'>quem</span> <span class='ocrx_word' id='word_1_179' title='bbox 681 1977 780 2021; x_wconf 73' lang='lat' dir='ltr'>haphe</span> <span class='ocrx_word' id='word_1_180' title='bbox 809 1985 928 2016; x_wconf 67' lang='lat' dir='ltr'>vocat,</span> <span class='ocrx_word' id='word_1_181' title='bbox 954 1976 1016 2010; x_wconf 89' lang='lat' dir='ltr'>lib.</span> <span class='ocrx_word' id='word_1_182' title='bbox 1045 1978 1139 2017; x_wconf 73' lang='lat' dir='ltr'>VII,</span> 
     </span>
     <span class='ocr_line' id='line_1_33' title="bbox 467 2029 1140 2074; baseline 0.001 -13"><span class='ocrx_word' id='word_1_183' title='bbox 467 2030 574 2074; x_wconf 80' lang='lat' dir='ltr'>epigr.</span> <span class='ocrx_word' id='word_1_184' title='bbox 601 2041 721 2069; x_wconf 74' lang='lat' dir='ltr'>va11‚</span> <span class='ocrx_word' id='word_1_185' title='bbox 744 2043 792 2063; x_wconf 85' lang='lat' dir='ltr'>vs.</span> <span class='ocrx_word' id='word_1_186' title='bbox 818 2029 836 2062; x_wconf 85' lang='lat'><strong>5</strong></span> <span class='ocrx_word' id='word_1_187' title='bbox 856 2042 863 2062; x_wconf 90' lang='lat'>:</span> <span class='ocrx_word' id='word_1_188' title='bbox 890 2047 902 2058; x_wconf 72' lang='grc' dir='ltr'><em>υ</em></span> <span class='ocrx_word' id='word_1_189' title='bbox 921 2030 965 2062; x_wconf 90' lang='lat' dir='ltr'>Et</span> <span class='ocrx_word' id='word_1_190' title='bbox 988 2029 1140 2062; x_wconf 81' lang='lat' dir='ltr'>flavescit</span> 
     </span>
     <span class='ocr_line' id='line_1_34' title="bbox 466 2082 1137 2127; baseline 0.001 -13"><span class='ocrx_word' id='word_1_191' title='bbox 466 2082 592 2127; x_wconf 85' lang='lat' dir='ltr'>haphe.</span> <span class='ocrx_word' id='word_1_192' title='bbox 612 2101 625 2111; x_wconf 84' lang='lat'>.‚</span> <span class='ocrx_word' id='word_1_193' title='bbox 644 2104 693 2108; x_wconf 90' lang='lat'>——</span> <span class='ocrx_word' id='word_1_194' title='bbox 705 2083 875 2115; x_wconf 63' lang='lat' dir='ltr'>Palaestra.</span> <span class='ocrx_word' id='word_1_195' title='bbox 896 2083 957 2121; x_wconf 77' lang='lat' dir='ltr'>Est</span> <span class='ocrx_word' id='word_1_196' title='bbox 975 2082 1137 2122; x_wconf 77' lang='lat' dir='ltr'>luctatio,</span> 
     </span>
     <span class='ocr_line' id='line_1_35' title="bbox 468 2135 1139 2181; baseline 0.001 -14"><span class='ocrx_word' id='word_1_197' title='bbox 468 2148 528 2167; x_wconf 82' lang='lat' dir='ltr'>seu</span> <span class='ocrx_word' id='word_1_198' title='bbox 551 2136 715 2180; x_wconf 78' lang='lat' dir='ltr'>quaelihet</span> <span class='ocrx_word' id='word_1_199' title='bbox 741 2136 943 2168; x_wconf 82' lang='lat' dir='ltr'>exercitatio</span> <span class='ocrx_word' id='word_1_200' title='bbox 971 2135 1139 2181; x_wconf 78' lang='lat' dir='ltr'>corporis,</span> 
     </span>
    </p>

    <p class='ocr_par' dir='ltr' id='par_1_7' title="bbox 468 2187 1141 2433">
     <span class='ocr_line' id='line_1_36' title="bbox 522 2187 1139 2234; baseline -0.002 -13"><span class='ocrx_word' id='word_1_201' title='bbox 522 2192 555 2221; x_wconf 74' lang='grc' dir='ltr'>ὅ.</span> <span class='ocrx_word' id='word_1_202' title='bbox 578 2189 710 2221; x_wconf 78' lang='lat' dir='ltr'>Foenore</span> <span class='ocrx_word' id='word_1_203' title='bbox 722 2188 809 2221; x_wconf 70' lang='lat' dir='ltr'>liber.</span> <span class='ocrx_word' id='word_1_204' title='bbox 824 2188 879 2221; x_wconf 85' lang='lat' dir='ltr'>Sic</span> <span class='ocrx_word' id='word_1_205' title='bbox 890 2189 1011 2221; x_wconf 86' lang='lat' dir='ltr'>Horat.</span> <span class='ocrx_word' id='word_1_206' title='bbox 1024 2187 1139 2234; x_wconf 88' lang='lat' dir='ltr'>Epod.</span> 
     </span>
     <span class='ocr_line' id='line_1_37' title="bbox 469 2240 1141 2287; baseline 0.001 -15"><span class='ocrx_word' id='word_1_207' title='bbox 469 2240 528 2273; x_wconf 89' lang='lat' dir='ltr'>od.</span> <span class='ocrx_word' id='word_1_208' title='bbox 561 2254 576 2273; x_wconf 91' lang='lat'><strong>2</strong></span> <span class='ocrx_word' id='word_1_209' title='bbox 603 2253 611 2273; x_wconf 79' lang='lat' dir='ltr'><em>z</em></span> <span class='ocrx_word' id='word_1_210' title='bbox 647 2259 659 2269; x_wconf 64' lang='grc' dir='ltr'>«ι</span> <span class='ocrx_word' id='word_1_211' title='bbox 692 2242 815 2275; x_wconf 79' lang='lat' dir='ltr'>Beatus</span> <span class='ocrx_word' id='word_1_212' title='bbox 844 2241 902 2274; x_wconf 86' lang='lat' dir='ltr'>ille</span> <span class='ocrx_word' id='word_1_213' title='bbox 928 2241 988 2287; x_wconf 90' lang='lat' dir='ltr'>qui</span> <span class='ocrx_word' id='word_1_214' title='bbox 1018 2242 1141 2286; x_wconf 90' lang='lat' dir='ltr'>procul</span> 
     </span>
     <span class='ocr_line' id='line_1_38' title="bbox 468 2294 1140 2339; baseline 0.001 -14"><span class='ocrx_word' id='word_1_215' title='bbox 468 2294 626 2337; x_wconf 80' lang='lat' dir='ltr'>negotiis,</span> <span class='ocrx_word' id='word_1_216' title='bbox 639 2295 687 2326; x_wconf 91' lang='lat' dir='ltr'>Ut</span> <span class='ocrx_word' id='word_1_217' title='bbox 704 2295 814 2338; x_wconf 79' lang='lat' dir='ltr'>prisea</span> <span class='ocrx_word' id='word_1_218' title='bbox 830 2307 914 2339; x_wconf 85' lang='lat' dir='ltr'>gens</span> <span class='ocrx_word' id='word_1_219' title='bbox 928 2294 1140 2335; x_wconf 81' lang='lat' dir='ltr'>mortalium,</span> 
     </span>
     <span class='ocr_line' id='line_1_39' title="bbox 468 2346 1140 2384; baseline 0.001 -6"><span class='ocrx_word' id='word_1_220' title='bbox 468 2346 614 2379; x_wconf 83' lang='lat' dir='ltr'>Paterna</span> <span class='ocrx_word' id='word_1_221' title='bbox 643 2359 724 2379; x_wconf 88' lang='lat' dir='ltr'>rura</span> <span class='ocrx_word' id='word_1_222' title='bbox 748 2348 860 2380; x_wconf 90' lang='lat' dir='ltr'>bobus</span> <span class='ocrx_word' id='word_1_223' title='bbox 888 2355 1023 2380; x_wconf 80' lang='lat' dir='ltr'>exercet</span> <span class='ocrx_word' id='word_1_224' title='bbox 1051 2347 1119 2379; x_wconf 88' lang='lat' dir='ltr'>suis</span> <span class='ocrx_word' id='word_1_225' title='bbox 1132 2374 1140 2384; x_wconf 82' lang='lat'>‚</span> 
     </span>
     <span class='ocr_line' id='line_1_40' title="bbox 469 2398 932 2433; baseline 0.006 -3"><span class='ocrx_word' id='word_1_226' title='bbox 469 2398 611 2431; x_wconf 85' lang='lat' dir='ltr'>Solutus</span> <span class='ocrx_word' id='word_1_227' title='bbox 629 2400 724 2432; x_wconf 86' lang='lat' dir='ltr'>omni</span> <span class='ocrx_word' id='word_1_228' title='bbox 742 2400 874 2433; x_wconf 84' lang='lat' dir='ltr'>foenore</span> <span class='ocrx_word' id='word_1_229' title='bbox 889 2400 896 2432; x_wconf 71' lang='grc' dir='ltr'>ἔ</span> <span class='ocrx_word' id='word_1_230' title='bbox 921 2418 932 2428; x_wconf 88' lang='lat'>··</span> 
     </span>
    </p>

    <p class='ocr_par' dir='ltr' id='par_1_8' title="bbox 465 2452 1140 2643">
     <span class='ocr_line' id='line_1_41' title="bbox 524 2452 1140 2494; baseline 0.002 -11"><span class='ocrx_word' id='word_1_231' title='bbox 524 2463 557 2494; x_wconf 79' lang='lat'>7.</span> <span class='ocrx_word' id='word_1_232' title='bbox 573 2452 720 2484; x_wconf 71' lang='lat' dir='ltr'>prandeo</span> <span class='ocrx_word' id='word_1_233' title='bbox 733 2452 810 2485; x_wconf 87' lang='lat' dir='ltr'>cod.</span> <span class='ocrx_word' id='word_1_234' title='bbox 828 2453 1012 2485; x_wconf 89' lang='lat' dir='ltr'>P·1lmanni</span> <span class='ocrx_word' id='word_1_235' title='bbox 1026 2461 1060 2485; x_wconf 90' lang='lat' dir='ltr'>et</span> <span class='ocrx_word' id='word_1_236' title='bbox 1076 2453 1140 2484; x_wconf 91' lang='lat' dir='ltr'>Be-</span> 
     </span>
     <span class='ocr_line' id='line_1_42' title="bbox 467 2503 1137 2539; baseline 0.004 -4"><span class='ocrx_word' id='word_1_237' title='bbox 467 2503 625 2536; x_wconf 84' lang='lat' dir='ltr'>verlandi</span> <span class='ocrx_word' id='word_1_238' title='bbox 642 2504 715 2537; x_wconf 87' lang='lat' dir='ltr'>MS.</span> <span class='ocrx_word' id='word_1_239' title='bbox 733 2514 765 2538; x_wconf 90' lang='lat' dir='ltr'>et</span> <span class='ocrx_word' id='word_1_240' title='bbox 778 2506 826 2539; x_wconf 81' lang='lat' dir='ltr'>sic</span> <span class='ocrx_word' id='word_1_241' title='bbox 842 2518 965 2538; x_wconf 87' lang='lat' dir='ltr'>omnes</span> <span class='ocrx_word' id='word_1_242' title='bbox 983 2518 1054 2538; x_wconf 89' lang='lat' dir='ltr'>uno</span> <span class='ocrx_word' id='word_1_243' title='bbox 1077 2517 1137 2538; x_wconf 86' lang='lat' dir='ltr'>ore</span> 
     </span>
     <span class='ocr_line' id='line_1_43' title="bbox 467 2556 1133 2603; baseline 0.002 -15"><span class='ocrx_word' id='word_1_244' title='bbox 467 2556 673 2597; x_wconf 86' lang='lat' dir='ltr'>emendant,</span> <span class='ocrx_word' id='word_1_245' title='bbox 700 2570 814 2602; x_wconf 87' lang='lat' dir='ltr'>neque</span> <span class='ocrx_word' id='word_1_246' title='bbox 835 2559 926 2591; x_wconf 87' lang='lat' dir='ltr'>enim</span> <span class='ocrx_word' id='word_1_247' title='bbox 946 2557 1133 2603; x_wconf 88' lang='lat' dir='ltr'>prandium</span> 
     </span>
     <span class='ocr_line' id='line_1_44' title="bbox 465 2610 1131 2643; baseline 0.002 -2"><span class='ocrx_word' id='word_1_248' title='bbox 465 2611 610 2642; x_wconf 75' lang='lat' dir='ltr'>omnino</span> <span class='ocrx_word' id='word_1_249' title='bbox 621 2610 721 2642; x_wconf 83' lang='lat' dir='ltr'>Latio</span> <span class='ocrx_word' id='word_1_250' title='bbox 736 2611 908 2643; x_wconf 81' lang='lat' dir='ltr'>exsulabat</span> <span class='ocrx_word' id='word_1_251' title='bbox 939 2611 1084 2643; x_wconf 72' lang='lat' dir='ltr'>Pondero</span> <span class='ocrx_word' id='word_1_252' title='bbox 1099 2610 1131 2642; x_wconf 88' lang='lat' dir='ltr'>in</span> 
     </span>
    </p>
   </div>
   <div class='ocr_carea' id='block_1_5' title="bbox 1197 761 1921 807">
    <p class='ocr_par' dir='ltr' id='par_1_9' title="bbox 1197 761 1921 807">
     <span class='ocr_line' id='line_1_45' title="bbox 1197 761 1921 807; baseline 0.004 -15"><span class='ocrx_word' id='word_1_253' title='bbox 1197 761 1281 793; x_wconf 75' lang='lat' dir='ltr'>aliis.</span> <span class='ocrx_word' id='word_1_254' title='bbox 1304 781 1353 787; x_wconf 83' lang='lat'>-—</span> <span class='ocrx_word' id='word_1_255' title='bbox 1373 761 1532 794; x_wconf 75' lang='lat' dir='ltr'>prandeo.</span> <span class='ocrx_word' id='word_1_256' title='bbox 1569 761 1648 794; x_wconf 90' lang='lat' dir='ltr'>Non</span> <span class='ocrx_word' id='word_1_257' title='bbox 1673 774 1761 807; x_wconf 78' lang='lat' dir='ltr'>saepe</span> <span class='ocrx_word' id='word_1_258' title='bbox 1789 762 1863 807; x_wconf 87' lang='lat' dir='ltr'>qui·</span> <span class='ocrx_word' id='word_1_259' title='bbox 1916 790 1921 796; x_wconf 94' lang='lat'>.</span> 
     </span>
    </p>
   </div>
   <div class='ocr_carea' id='block_1_6' title="bbox 1197 810 1869 2654">
    <p class='ocr_par' dir='ltr' id='par_1_10' title="bbox 1198 810 1869 912">
     <span class='ocr_line' id='line_1_46' title="bbox 1198 810 1869 859; baseline 0.003 -14"><span class='ocrx_word' id='word_1_260' title='bbox 1198 810 1277 845; x_wconf 80' lang='lat' dir='ltr'>dem</span> <span class='ocrx_word' id='word_1_261' title='bbox 1295 840 1303 855; x_wconf 85' lang='lat'>‚</span> <span class='ocrx_word' id='word_1_262' title='bbox 1329 821 1478 846; x_wconf 84' lang='lat' dir='ltr'>attamen</span> <span class='ocrx_word' id='word_1_263' title='bbox 1501 813 1690 859; x_wconf 86' lang='lat' dir='ltr'>aliquando</span> <span class='ocrx_word' id='word_1_264' title='bbox 1715 826 1813 847; x_wconf 87' lang='lat' dir='ltr'>senes</span> <span class='ocrx_word' id='word_1_265' title='bbox 1836 823 1869 847; x_wconf 85' lang='lat' dir='ltr'>et</span> 
     </span>
     <span class='ocr_line' id='line_1_47' title="bbox 1198 866 1841 912; baseline 0 -13"><span class='ocrx_word' id='word_1_266' title='bbox 1198 867 1320 911; x_wconf 81' lang='lat' dir='ltr'>pueri,</span> <span class='ocrx_word' id='word_1_267' title='bbox 1338 866 1446 900; x_wconf 90' lang='lat' dir='ltr'>immo</span> <span class='ocrx_word' id='word_1_268' title='bbox 1466 875 1500 900; x_wconf 87' lang='lat' dir='ltr'>et</span> <span class='ocrx_word' id='word_1_269' title='bbox 1519 867 1592 900; x_wconf 89' lang='lat' dir='ltr'>sani</span> <span class='ocrx_word' id='word_1_270' title='bbox 1610 866 1841 912; x_wconf 87' lang='lat' dir='ltr'>prandebant.</span> 
     </span>
    </p>

    <p class='ocr_par' dir='ltr' id='par_1_11' title="bbox 1197 920 1869 1756">
     <span class='ocr_line' id='line_1_48' title="bbox 1253 920 1869 965; baseline 0 -12"><span class='ocrx_word' id='word_1_271' title='bbox 1253 922 1285 953; x_wconf 89' lang='lat'>8.</span> <span class='ocrx_word' id='word_1_272' title='bbox 1310 920 1396 952; x_wconf 83' lang='lat' dir='ltr'>Dum</span> <span class='ocrx_word' id='word_1_273' title='bbox 1410 933 1526 965; x_wconf 67' lang='lat' dir='ltr'>parvus</span> <span class='ocrx_word' id='word_1_274' title='bbox 1541 947 1549 959; x_wconf 89' lang='lat'><em>,</em></span> <span class='ocrx_word' id='word_1_275' title='bbox 1572 928 1636 953; x_wconf 88' lang='lat' dir='ltr'>etc.</span> <span class='ocrx_word' id='word_1_276' title='bbox 1657 921 1776 953; x_wconf 89' lang='lat' dir='ltr'>Donec</span> <span class='ocrx_word' id='word_1_277' title='bbox 1794 932 1869 953; x_wconf 87' lang='lat' dir='ltr'>mea</span> 
     </span>
     <span class='ocr_line' id='line_1_49' title="bbox 1198 973 1868 1015; baseline 0 -10"><span class='ocrx_word' id='word_1_278' title='bbox 1198 973 1375 1005; x_wconf 83' lang='lat' dir='ltr'>lucernula</span> <span class='ocrx_word' id='word_1_279' title='bbox 1391 973 1555 1006; x_wconf 79' lang='lat' dir='ltr'>exstincta</span> <span class='ocrx_word' id='word_1_280' title='bbox 1570 973 1694 1015; x_wconf 86' lang='lat' dir='ltr'>fuerit,</span> <span class='ocrx_word' id='word_1_281' title='bbox 1712 973 1868 1007; x_wconf 82' lang='lat' dir='ltr'>versibus</span> 
     </span>
     <span class='ocr_line' id='line_1_50' title="bbox 1198 1025 1868 1072; baseline 0.001 -14"><span class='ocrx_word' id='word_1_282' title='bbox 1198 1026 1284 1058; x_wconf 87' lang='lat' dir='ltr'>meis</span> <span class='ocrx_word' id='word_1_283' title='bbox 1310 1025 1546 1071; x_wconf 86' lang='lat' dir='ltr'>perpoliendis</span> <span class='ocrx_word' id='word_1_284' title='bbox 1572 1038 1691 1059; x_wconf 89' lang='lat' dir='ltr'>curam</span> <span class='ocrx_word' id='word_1_285' title='bbox 1713 1025 1770 1059; x_wconf 91' lang='lat' dir='ltr'>do.</span> <span class='ocrx_word' id='word_1_286' title='bbox 1798 1027 1868 1072; x_wconf 85' lang='lat' dir='ltr'>Ly-</span> 
     </span>
     <span class='ocr_line' id='line_1_51' title="bbox 1199 1079 1868 1125; baseline 0.001 -15"><span class='ocrx_word' id='word_1_287' title='bbox 1199 1079 1331 1111; x_wconf 87' lang='lat' dir='ltr'>chnum</span> <span class='ocrx_word' id='word_1_288' title='bbox 1351 1079 1469 1124; x_wconf 90' lang='lat' dir='ltr'>posuit</span> <span class='ocrx_word' id='word_1_289' title='bbox 1486 1092 1551 1125; x_wconf 88' lang='lat' dir='ltr'>pro</span> <span class='ocrx_word' id='word_1_290' title='bbox 1571 1080 1712 1113; x_wconf 88' lang='lat' dir='ltr'>lucerna</span> <span class='ocrx_word' id='word_1_291' title='bbox 1728 1079 1868 1124; x_wconf 86' lang='lat' dir='ltr'>Virgilii</span> 
     </span>
     <span class='ocr_line' id='line_1_52' title="bbox 1199 1130 1868 1165; baseline 0 -1"><span class='ocrx_word' id='word_1_292' title='bbox 1199 1140 1233 1164; x_wconf 87' lang='lat' dir='ltr'>et</span> <span class='ocrx_word' id='word_1_293' title='bbox 1246 1132 1424 1165; x_wconf 87' lang='lat' dir='ltr'>Ciceronis</span> <span class='ocrx_word' id='word_1_294' title='bbox 1440 1132 1643 1165; x_wconf 83' lang='lat' dir='ltr'>imitatione.</span> <span class='ocrx_word' id='word_1_295' title='bbox 1657 1130 1868 1165; x_wconf 81' lang='lat' dir='ltr'>IlleAEneid.</span> 
     </span>
     <span class='ocr_line' id='line_1_53' title="bbox 1199 1184 1869 1231; baseline 0.001 -15"><span class='ocrx_word' id='word_1_296' title='bbox 1199 1185 1258 1217; x_wconf 87' lang='lat' dir='ltr'>lib.</span> <span class='ocrx_word' id='word_1_297' title='bbox 1273 1185 1288 1216; x_wconf 94' lang='grc' dir='ltr'>Ι</span> <span class='ocrx_word' id='word_1_298' title='bbox 1302 1198 1309 1215; x_wconf 90' lang='lat'>:</span> <span class='ocrx_word' id='word_1_299' title='bbox 1323 1200 1335 1211; x_wconf 84' lang='lat'>«</span> <span class='ocrx_word' id='word_1_300' title='bbox 1350 1184 1505 1229; x_wconf 88' lang='lat' dir='ltr'>pendent</span> <span class='ocrx_word' id='word_1_301' title='bbox 1517 1185 1636 1231; x_wconf 66' lang='lat' dir='ltr'>lychni</span> <span class='ocrx_word' id='word_1_302' title='bbox 1652 1185 1869 1230; x_wconf 84' lang='lat' dir='ltr'>laquearibus</span> 
     </span>
     <span class='ocr_line' id='line_1_54' title="bbox 1201 1234 1868 1270; baseline 0.001 -1"><span class='ocrx_word' id='word_1_303' title='bbox 1201 1238 1326 1270; x_wconf 87' lang='lat' dir='ltr'>aureis.</span> <span class='ocrx_word' id='word_1_304' title='bbox 1349 1255 1362 1266; x_wconf 61' lang='grc' dir='ltr'>ι)</span> <span class='ocrx_word' id='word_1_305' title='bbox 1386 1238 1450 1270; x_wconf 80' lang='lat' dir='ltr'>Hic</span> <span class='ocrx_word' id='word_1_306' title='bbox 1480 1246 1598 1270; x_wconf 90' lang='lat' dir='ltr'>autem</span> <span class='ocrx_word' id='word_1_307' title='bbox 1630 1234 1667 1270; x_wconf 82' lang='lat' dir='ltr'>in</span> <span class='ocrx_word' id='word_1_308' title='bbox 1700 1238 1868 1270; x_wconf 88' lang='lat' dir='ltr'>Oratione</span> 
     </span>
     <span class='ocr_line' id='line_1_55' title="bbox 1200 1290 1867 1335; baseline 0 -13"><span class='ocrx_word' id='word_1_309' title='bbox 1200 1303 1264 1335; x_wconf 85' lang='lat' dir='ltr'>pro</span> <span class='ocrx_word' id='word_1_310' title='bbox 1287 1291 1441 1323; x_wconf 73' lang='lat' dir='ltr'>Muraena</span> <span class='ocrx_word' id='word_1_311' title='bbox 1461 1306 1466 1322; x_wconf 91' lang='lat'><strong>:</strong></span> <span class='ocrx_word' id='word_1_312' title='bbox 1504 1309 1516 1320; x_wconf 67' lang='grc' dir='ltr'><em>υ</em></span> <span class='ocrx_word' id='word_1_313' title='bbox 1540 1290 1647 1323; x_wconf 84' lang='lat' dir='ltr'>Aliud</span> <span class='ocrx_word' id='word_1_314' title='bbox 1675 1299 1725 1323; x_wconf 91' lang='lat' dir='ltr'>est</span> <span class='ocrx_word' id='word_1_315' title='bbox 1748 1291 1867 1323; x_wconf 87' lang='lat' dir='ltr'>lumen</span> 
     </span>
     <span class='ocr_line' id='line_1_56' title="bbox 1200 1342 1867 1387; baseline 0.003 -13"><span class='ocrx_word' id='word_1_316' title='bbox 1200 1343 1408 1387; x_wconf 67' lang='lat' dir='ltr'>lychnorum</span> <span class='ocrx_word' id='word_1_317' title='bbox 1425 1358 1433 1385; x_wconf 86' lang='lat'>;</span> <span class='ocrx_word' id='word_1_318' title='bbox 1455 1342 1549 1376; x_wconf 85' lang='lat' dir='ltr'>aliud</span> <span class='ocrx_word' id='word_1_319' title='bbox 1568 1352 1617 1376; x_wconf 85' lang='lat' dir='ltr'>est</span> <span class='ocrx_word' id='word_1_320' title='bbox 1638 1344 1729 1376; x_wconf 90' lang='lat' dir='ltr'>solis.</span> <span class='ocrx_word' id='word_1_321' title='bbox 1746 1360 1758 1372; x_wconf 63' lang='grc' dir='ltr'>ι»</span> <span class='ocrx_word' id='word_1_322' title='bbox 1780 1343 1867 1376; x_wconf 83' lang='lat' dir='ltr'>Gra-</span> 
     </span>
     <span class='ocr_line' id='line_1_57' title="bbox 1200 1396 1867 1440; baseline 0 -12"><span class='ocrx_word' id='word_1_323' title='bbox 1200 1396 1275 1428; x_wconf 70' lang='lat' dir='ltr'>vius</span> <span class='ocrx_word' id='word_1_324' title='bbox 1315 1397 1408 1428; x_wconf 87' lang='lat' dir='ltr'>enim</span> <span class='ocrx_word' id='word_1_325' title='bbox 1448 1397 1594 1428; x_wconf 68' lang='lat' dir='ltr'>verbum</span> <span class='ocrx_word' id='word_1_326' title='bbox 1633 1404 1682 1428; x_wconf 88' lang='lat' dir='ltr'>est</span> <span class='ocrx_word' id='word_1_327' title='bbox 1720 1396 1867 1440; x_wconf 83' lang='lat' dir='ltr'>lychnus</span> 
     </span>
     <span class='ocr_line' id='line_1_58' title="bbox 1199 1448 1868 1493; baseline 0 -13"><span class='ocrx_word' id='word_1_328' title='bbox 1199 1461 1302 1493; x_wconf 84' lang='lat' dir='ltr'>quam</span> <span class='ocrx_word' id='word_1_329' title='bbox 1315 1449 1471 1489; x_wconf 87' lang='lat' dir='ltr'>lucerna,</span> <span class='ocrx_word' id='word_1_330' title='bbox 1489 1448 1584 1493; x_wconf 85' lang='lat' dir='ltr'>quod</span> <span class='ocrx_word' id='word_1_331' title='bbox 1600 1448 1732 1481; x_wconf 86' lang='lat' dir='ltr'>notavit</span> <span class='ocrx_word' id='word_1_332' title='bbox 1745 1449 1868 1481; x_wconf 88' lang='lat' dir='ltr'>Fortu·</span> 
     </span>
     <span class='ocr_line' id='line_1_59' title="bbox 1199 1501 1867 1534; baseline 0.001 -1"><span class='ocrx_word' id='word_1_333' title='bbox 1199 1502 1357 1534; x_wconf 85' lang='lat' dir='ltr'>natianus</span> <span class='ocrx_word' id='word_1_334' title='bbox 1370 1502 1582 1534; x_wconf 74' lang='lat' dir='ltr'>scholasticae</span> <span class='ocrx_word' id='word_1_335' title='bbox 1599 1501 1792 1534; x_wconf 72' lang='lat' dir='ltr'>Rhetoricae</span> <span class='ocrx_word' id='word_1_336' title='bbox 1804 1501 1867 1534; x_wconf 91' lang='lat' dir='ltr'>lib.</span> 
     </span>
     <span class='ocr_line' id='line_1_60' title="bbox 1200 1554 1866 1601; baseline 0 -16"><span class='ocrx_word' id='word_1_337' title='bbox 1200 1554 1264 1586; x_wconf 92' lang='lat' dir='ltr'>III.</span> <span class='ocrx_word' id='word_1_338' title='bbox 1283 1554 1463 1587; x_wconf 79' lang='lat' dir='ltr'>Vocabula</span> <span class='ocrx_word' id='word_1_339' title='bbox 1486 1562 1600 1587; x_wconf 86' lang='lat' dir='ltr'>autem</span> <span class='ocrx_word' id='word_1_340' title='bbox 1617 1555 1745 1601; x_wconf 62' lang='lat' dir='ltr'>ljclmus</span> <span class='ocrx_word' id='word_1_341' title='bbox 1760 1561 1795 1586; x_wconf 82' lang='lat' dir='ltr'>et</span> <span class='ocrx_word' id='word_1_342' title='bbox 1807 1554 1866 1585; x_wconf 85' lang='lat' dir='ltr'>oli-</span> 
     </span>
     <span class='ocr_line' id='line_1_61' title="bbox 1201 1606 1869 1651; baseline 0.001 -13"><span class='ocrx_word' id='word_1_343' title='bbox 1201 1619 1265 1638; x_wconf 68' lang='lat' dir='ltr'>vum</span> <span class='ocrx_word' id='word_1_344' title='bbox 1293 1608 1421 1651; x_wconf 74' lang='grc' dir='ltr'>μείωσιν</span> <span class='ocrx_word' id='word_1_345' title='bbox 1448 1606 1619 1643; x_wconf 84' lang='lat' dir='ltr'>indicant,</span> <span class='ocrx_word' id='word_1_346' title='bbox 1646 1615 1684 1640; x_wconf 89' lang='lat' dir='ltr'>ut</span> <span class='ocrx_word' id='word_1_347' title='bbox 1706 1614 1869 1640; x_wconf 82' lang='lat' dir='ltr'>extenuet</span> 
     </span>
     <span class='ocr_line' id='line_1_62' title="bbox 1197 1658 1869 1705; baseline 0.001 -14"><span class='ocrx_word' id='word_1_348' title='bbox 1197 1660 1352 1692; x_wconf 85' lang='lat' dir='ltr'>laborem</span> <span class='ocrx_word' id='word_1_349' title='bbox 1366 1660 1579 1705; x_wconf 87' lang='lat' dir='ltr'>insumptum</span> <span class='ocrx_word' id='word_1_350' title='bbox 1595 1658 1787 1692; x_wconf 75' lang='lat' dir='ltr'>scribendis</span> <span class='ocrx_word' id='word_1_351' title='bbox 1799 1659 1869 1704; x_wconf 88' lang='lat' dir='ltr'>epi-</span> 
     </span>
     <span class='ocr_line' id='line_1_63' title="bbox 1198 1712 1625 1756; baseline 0.002 -12"><span class='ocrx_word' id='word_1_352' title='bbox 1198 1712 1455 1756; x_wconf 86' lang='lat' dir='ltr'>grammatibus.</span> <span class='ocrx_word' id='word_1_353' title='bbox 1474 1713 1625 1745; x_wconf 72' lang='lat' dir='ltr'>Ramires.</span> 
     </span>
    </p>

    <p class='ocr_par' dir='ltr' id='par_1_12' title="bbox 1198 1764 1869 2654">
     <span class='ocr_line' id='line_1_64' title="bbox 1253 1764 1868 1808; baseline -0.002 -10"><span class='ocrx_word' id='word_1_354' title='bbox 1253 1778 1287 1808; x_wconf 73' lang='grc' dir='ltr'>ς).</span> <span class='ocrx_word' id='word_1_355' title='bbox 1319 1766 1386 1798; x_wconf 77' lang='lat' dir='ltr'>Nec</span> <span class='ocrx_word' id='word_1_356' title='bbox 1412 1766 1468 1798; x_wconf 82' lang='lat' dir='ltr'>dat</span> <span class='ocrx_word' id='word_1_357' title='bbox 1501 1768 1659 1798; x_wconf 71' lang='lat' dir='ltr'>nocturnis</span> <span class='ocrx_word' id='word_1_358' title='bbox 1688 1764 1868 1798; x_wconf 79' lang='lat' dir='ltr'>elucubrata</span> 
     </span>
     <span class='ocr_line' id='line_1_65' title="bbox 1199 1817 1867 1851; baseline 0.001 -2"><span class='ocrx_word' id='word_1_359' title='bbox 1199 1817 1405 1851; x_wconf 85' lang='lat' dir='ltr'>Beverlandi</span> <span class='ocrx_word' id='word_1_360' title='bbox 1430 1818 1504 1851; x_wconf 89' lang='lat' dir='ltr'>MS.</span> <span class='ocrx_word' id='word_1_361' title='bbox 1524 1839 1574 1844; x_wconf 85' lang='lat'>-—-</span> <span class='ocrx_word' id='word_1_362' title='bbox 1594 1819 1675 1851; x_wconf 81' lang='lat' dir='ltr'>Hoec</span> <span class='ocrx_word' id='word_1_363' title='bbox 1703 1818 1867 1851; x_wconf 85' lang='lat' dir='ltr'>carmina.</span> 
     </span>
     <span class='ocr_line' id='line_1_66' title="bbox 1199 1870 1868 1905; baseline 0.001 -2"><span class='ocrx_word' id='word_1_364' title='bbox 1199 1870 1298 1903; x_wconf 90' lang='lat' dir='ltr'>Ordo</span> <span class='ocrx_word' id='word_1_365' title='bbox 1317 1879 1367 1903; x_wconf 86' lang='lat' dir='ltr'>est</span> <span class='ocrx_word' id='word_1_366' title='bbox 1388 1882 1396 1903; x_wconf 91' lang='lat'>:</span> <span class='ocrx_word' id='word_1_367' title='bbox 1419 1871 1497 1904; x_wconf 87' lang='lat' dir='ltr'>Nox</span> <span class='ocrx_word' id='word_1_368' title='bbox 1518 1872 1700 1904; x_wconf 83' lang='lat' dir='ltr'>lucubrata</span> <span class='ocrx_word' id='word_1_369' title='bbox 1719 1870 1778 1904; x_wconf 88' lang='lat' dir='ltr'>dat</span> <span class='ocrx_word' id='word_1_370' title='bbox 1795 1871 1868 1905; x_wconf 82' lang='lat' dir='ltr'>haee</span> 
     </span>
     <span class='ocr_line' id='line_1_67' title="bbox 1198 1922 1868 1965; baseline 0.001 -10"><span class='ocrx_word' id='word_1_371' title='bbox 1198 1923 1350 1956; x_wconf 85' lang='lat' dir='ltr'>carmina</span> <span class='ocrx_word' id='word_1_372' title='bbox 1372 1924 1480 1956; x_wconf 88' lang='lat' dir='ltr'>Musis</span> <span class='ocrx_word' id='word_1_373' title='bbox 1493 1950 1502 1965; x_wconf 90' lang='lat'>‚</span> <span class='ocrx_word' id='word_1_374' title='bbox 1525 1931 1589 1958; x_wconf 85' lang='lat' dir='ltr'>etc.</span> <span class='ocrx_word' id='word_1_375' title='bbox 1608 1924 1662 1956; x_wconf 87' lang='lat' dir='ltr'>vel</span> <span class='ocrx_word' id='word_1_376' title='bbox 1681 1936 1688 1956; x_wconf 89' lang='lat'>:</span> <span class='ocrx_word' id='word_1_377' title='bbox 1712 1924 1789 1956; x_wconf 79' lang='lat' dir='ltr'>Nox</span> <span class='ocrx_word' id='word_1_378' title='bbox 1809 1922 1868 1956; x_wconf 89' lang='lat' dir='ltr'>dat</span> 
     </span>
     <span class='ocr_line' id='line_1_68' title="bbox 1198 1976 1869 2010; baseline 0.001 -2"><span class='ocrx_word' id='word_1_379' title='bbox 1198 1976 1271 2008; x_wconf 80' lang='lat' dir='ltr'>haec</span> <span class='ocrx_word' id='word_1_380' title='bbox 1297 1977 1448 2009; x_wconf 87' lang='lat' dir='ltr'>carmina</span> <span class='ocrx_word' id='word_1_381' title='bbox 1470 1977 1650 2010; x_wconf 83' lang='lat' dir='ltr'>lucubrata</span> <span class='ocrx_word' id='word_1_382' title='bbox 1680 1976 1788 2009; x_wconf 89' lang='lat' dir='ltr'>Musis</span> <span class='ocrx_word' id='word_1_383' title='bbox 1808 1989 1869 2009; x_wconf 88' lang='lat' dir='ltr'>no-</span> 
     </span>
     <span class='ocr_line' id='line_1_69' title="bbox 1199 2029 1867 2074; baseline 0.001 -13"><span class='ocrx_word' id='word_1_384' title='bbox 1199 2030 1356 2069; x_wconf 79' lang='lat' dir='ltr'>cturnis,</span> <span class='ocrx_word' id='word_1_385' title='bbox 1391 2029 1587 2074; x_wconf 68' lang='lat' dir='ltr'>vigiliarum</span> <span class='ocrx_word' id='word_1_386' title='bbox 1615 2038 1867 2062; x_wconf 85' lang='lat' dir='ltr'>nocturnarum</span> 
     </span>
     <span class='ocr_line' id='line_1_70' title="bbox 1198 2082 1869 2127; baseline 0 -13"><span class='ocrx_word' id='word_1_387' title='bbox 1198 2082 1350 2127; x_wconf 79' lang='lat' dir='ltr'>praemia.</span> <span class='ocrx_word' id='word_1_388' title='bbox 1372 2103 1421 2107; x_wconf 87' lang='lat'>-—</span> <span class='ocrx_word' id='word_1_389' title='bbox 1446 2082 1638 2115; x_wconf 73' lang='lat' dir='ltr'>Lucubrata.</span> <span class='ocrx_word' id='word_1_390' title='bbox 1664 2082 1869 2116; x_wconf 80' lang='lat' dir='ltr'>Lucubrare</span> 
     </span>
     <span class='ocr_line' id='line_1_71' title="bbox 1200 2134 1869 2180; baseline 0 -13"><span class='ocrx_word' id='word_1_391' title='bbox 1200 2143 1251 2168; x_wconf 87' lang='lat' dir='ltr'>est</span> <span class='ocrx_word' id='word_1_392' title='bbox 1264 2143 1371 2168; x_wconf 90' lang='lat' dir='ltr'>noctu</span> <span class='ocrx_word' id='word_1_393' title='bbox 1391 2134 1525 2180; x_wconf 77' lang='lat' dir='ltr'>aliquid</span> <span class='ocrx_word' id='word_1_394' title='bbox 1547 2134 1590 2168; x_wconf 90' lang='lat' dir='ltr'>ad</span> <span class='ocrx_word' id='word_1_395' title='bbox 1606 2136 1783 2169; x_wconf 83' lang='lat' dir='ltr'>lucernam</span> <span class='ocrx_word' id='word_1_396' title='bbox 1803 2135 1869 2168; x_wconf 83' lang='lat' dir='ltr'>ela-</span> 
     </span>
     <span class='ocr_line' id='line_1_72' title="bbox 1198 2188 1869 2230; baseline 0.003 -11"><span class='ocrx_word' id='word_1_397' title='bbox 1198 2188 1333 2220; x_wconf 84' lang='lat' dir='ltr'>borare.</span> <span class='ocrx_word' id='word_1_398' title='bbox 1346 2188 1510 2221; x_wconf 85' lang='lat' dir='ltr'>Horatius</span> <span class='ocrx_word' id='word_1_399' title='bbox 1520 2215 1528 2230; x_wconf 84' lang='lat'><em>,</em></span> <span class='ocrx_word' id='word_1_400' title='bbox 1543 2197 1582 2221; x_wconf 90' lang='lat' dir='ltr'>ut</span> <span class='ocrx_word' id='word_1_401' title='bbox 1596 2188 1775 2228; x_wconf 85' lang='lat' dir='ltr'>Martialis,</span> <span class='ocrx_word' id='word_1_402' title='bbox 1793 2188 1869 2221; x_wconf 80' lang='lat' dir='ltr'>vult</span> 
     </span>
     <span class='ocr_line' id='line_1_73' title="bbox 1199 2237 1868 2286; baseline 0 -13"><span class='ocrx_word' id='word_1_403' title='bbox 1199 2239 1312 2273; x_wconf 82' lang='lat' dir='ltr'>videri</span> <span class='ocrx_word' id='word_1_404' title='bbox 1340 2237 1492 2274; x_wconf 79' lang='lat' dir='ltr'>carmina</span> <span class='ocrx_word' id='word_1_405' title='bbox 1514 2254 1622 2286; x_wconf 83' lang='lat' dir='ltr'>parvo</span> <span class='ocrx_word' id='word_1_406' title='bbox 1639 2249 1673 2274; x_wconf 88' lang='lat' dir='ltr'>et</span> <span class='ocrx_word' id='word_1_407' title='bbox 1699 2240 1868 2274; x_wconf 82' lang='lat' dir='ltr'>succisivo</span> 
     </span>
     <span class='ocr_line' id='line_1_74' title="bbox 1199 2294 1869 2335; baseline 0 -10"><span class='ocrx_word' id='word_1_408' title='bbox 1199 2294 1317 2326; x_wconf 86' lang='lat' dir='ltr'>labore</span> <span class='ocrx_word' id='word_1_409' title='bbox 1348 2294 1499 2326; x_wconf 86' lang='lat' dir='ltr'>scribere</span> <span class='ocrx_word' id='word_1_410' title='bbox 1520 2306 1527 2326; x_wconf 90' lang='lat'>:</span> <span class='ocrx_word' id='word_1_411' title='bbox 1556 2294 1615 2327; x_wconf 84' lang='lat' dir='ltr'>lib.</span> <span class='ocrx_word' id='word_1_412' title='bbox 1642 2295 1659 2326; x_wconf 97' lang='lat' dir='ltr'>I</span> <span class='ocrx_word' id='word_1_413' title='bbox 1676 2319 1684 2335; x_wconf 92' lang='lat'><strong>‚</strong></span> <span class='ocrx_word' id='word_1_414' title='bbox 1712 2303 1773 2327; x_wconf 88' lang='lat' dir='ltr'>sat.</span> <span class='ocrx_word' id='word_1_415' title='bbox 1799 2305 1837 2326; x_wconf 87' lang='lat' dir='ltr'>1v</span> <span class='ocrx_word' id='word_1_416' title='bbox 1859 2318 1869 2334; x_wconf 90' lang='lat'><strong><em>‚</em></strong></span> 
     </span>
     <span class='ocr_line' id='line_1_75' title="bbox 1206 2345 1868 2391; baseline 0.003 -15"><span class='ocrx_word' id='word_1_417' title='bbox 1206 2364 1218 2375; x_wconf 63' lang='grc' dir='ltr'>ι(</span> <span class='ocrx_word' id='word_1_418' title='bbox 1240 2347 1310 2378; x_wconf 90' lang='lat' dir='ltr'>Ubi</span> <span class='ocrx_word' id='word_1_419' title='bbox 1329 2346 1415 2391; x_wconf 84' lang='lat' dir='ltr'>quid</span> <span class='ocrx_word' id='word_1_420' title='bbox 1429 2346 1531 2379; x_wconf 85' lang='lat' dir='ltr'>datur</span> <span class='ocrx_word' id='word_1_421' title='bbox 1543 2348 1592 2379; x_wconf 81' lang='lat' dir='ltr'>oti</span> <span class='ocrx_word' id='word_1_422' title='bbox 1609 2372 1618 2387; x_wconf 92' lang='lat'>‚</span> <span class='ocrx_word' id='word_1_423' title='bbox 1636 2345 1753 2379; x_wconf 86' lang='lat' dir='ltr'>Illudo</span> <span class='ocrx_word' id='word_1_424' title='bbox 1769 2346 1868 2378; x_wconf 87' lang='lat' dir='ltr'>char-</span> 
     </span>
     <span class='ocr_line' id='line_1_76' title="bbox 1201 2398 1868 2443; baseline 0 -12"><span class='ocrx_word' id='word_1_425' title='bbox 1201 2400 1256 2432; x_wconf 86' lang='lat' dir='ltr'>tis.</span> <span class='ocrx_word' id='word_1_426' title='bbox 1276 2418 1284 2427; x_wconf 77' lang='lat'><em>›</em></span> <span class='ocrx_word' id='word_1_427' title='bbox 1297 2421 1347 2425; x_wconf 91' lang='lat'>—-</span> <span class='ocrx_word' id='word_1_428' title='bbox 1358 2400 1408 2432; x_wconf 91' lang='lat' dir='ltr'>De</span> <span class='ocrx_word' id='word_1_429' title='bbox 1426 2399 1502 2432; x_wconf 84' lang='lat' dir='ltr'>vitae</span> <span class='ocrx_word' id='word_1_430' title='bbox 1519 2398 1642 2432; x_wconf 86' lang='lat' dir='ltr'>ordine</span> <span class='ocrx_word' id='word_1_431' title='bbox 1657 2398 1765 2431; x_wconf 89' lang='lat' dir='ltr'>veluti</span> <span class='ocrx_word' id='word_1_432' title='bbox 1780 2410 1868 2443; x_wconf 88' lang='lat' dir='ltr'>quo-</span> 
     </span>
     <span class='ocr_line' id='line_1_77' title="bbox 1200 2450 1868 2496; baseline 0 -13"><span class='ocrx_word' id='word_1_433' title='bbox 1200 2450 1280 2484; x_wconf 86' lang='lat' dir='ltr'>dam</span> <span class='ocrx_word' id='word_1_434' title='bbox 1302 2453 1386 2485; x_wconf 85' lang='lat' dir='ltr'>orbe</span> <span class='ocrx_word' id='word_1_435' title='bbox 1409 2452 1619 2485; x_wconf 79' lang='lat' dir='ltr'>circumacto</span> <span class='ocrx_word' id='word_1_436' title='bbox 1640 2451 1756 2496; x_wconf 81' lang='lat' dir='ltr'>magni</span> <span class='ocrx_word' id='word_1_437' title='bbox 1776 2451 1868 2484; x_wconf 84' lang='lat' dir='ltr'>illius</span> 
     </span>
     <span class='ocr_line' id='line_1_78' title="bbox 1202 2504 1866 2549; baseline -0.002 -13"><span class='ocrx_word' id='word_1_438' title='bbox 1202 2505 1291 2537; x_wconf 83' lang='lat' dir='ltr'>senis</span> <span class='ocrx_word' id='word_1_439' title='bbox 1306 2504 1489 2549; x_wconf 87' lang='lat' dir='ltr'>Spurinnae</span> <span class='ocrx_word' id='word_1_440' title='bbox 1508 2505 1620 2549; x_wconf 84' lang='lat' dir='ltr'>legere</span> <span class='ocrx_word' id='word_1_441' title='bbox 1638 2505 1767 2549; x_wconf 88' lang='lat' dir='ltr'>poteris</span> <span class='ocrx_word' id='word_1_442' title='bbox 1785 2515 1866 2536; x_wconf 87' lang='lat' dir='ltr'>cum</span> 
     </span>
     <span class='ocr_line' id='line_1_79' title="bbox 1202 2556 1867 2602; baseline -0.003 -12"><span class='ocrx_word' id='word_1_443' title='bbox 1202 2558 1317 2590; x_wconf 80' lang='lat' dir='ltr'>fructu</span> <span class='ocrx_word' id='word_1_444' title='bbox 1330 2566 1363 2590; x_wconf 90' lang='lat' dir='ltr'>et</span> <span class='ocrx_word' id='word_1_445' title='bbox 1378 2558 1554 2602; x_wconf 86' lang='lat' dir='ltr'>voluptate</span> <span class='ocrx_word' id='word_1_446' title='bbox 1569 2557 1657 2590; x_wconf 90' lang='lat' dir='ltr'>Plin.</span> <span class='ocrx_word' id='word_1_447' title='bbox 1671 2560 1747 2601; x_wconf 83' lang='lat' dir='ltr'>jun.</span> <span class='ocrx_word' id='word_1_448' title='bbox 1765 2556 1867 2600; x_wconf 87' lang='lat' dir='ltr'>epist.</span> 
     </span>
     <span class='ocr_line' id='line_1_80' title="bbox 1199 2610 1862 2654; baseline -0.003 -12"><span class='ocrx_word' id='word_1_449' title='bbox 1199 2611 1257 2643; x_wconf 85' lang='lat' dir='ltr'>lib.</span> <span class='ocrx_word' id='word_1_450' title='bbox 1279 2611 1350 2648; x_wconf 73' lang='grc' dir='ltr'>ΠΙ,</span> <span class='ocrx_word' id='word_1_451' title='bbox 1373 2623 1384 2643; x_wconf 83' lang='grc' dir='ltr'><em>ι</em></span> <span class='ocrx_word' id='word_1_452' title='bbox 1403 2622 1409 2642; x_wconf 74' lang='lat'><strong><em>1</em></strong></span> <span class='ocrx_word' id='word_1_453' title='bbox 1426 2611 1525 2643; x_wconf 83' lang='lat' dir='ltr'>etlib.</span> <span class='ocrx_word' id='word_1_454' title='bbox 1546 2611 1595 2642; x_wconf 90' lang='lat' dir='ltr'>IX</span> <span class='ocrx_word' id='word_1_455' title='bbox 1610 2635 1618 2651; x_wconf 77' lang='lat'><strong><em>,</em></strong></span> <span class='ocrx_word' id='word_1_456' title='bbox 1634 2610 1732 2654; x_wconf 84' lang='lat' dir='ltr'>epist.</span> <span class='ocrx_word' id='word_1_457' title='bbox 1749 2620 1862 2641; x_wconf 75' lang='lat' dir='ltr'>xxxvx.</span> 
     </span>
    </p>
   </div>
  </div>
 </body>
</html>
