2061 3288
435 240 495 286 32

789 243 851 286 M.
890 243 1032 287 VAL.
1072 244 1460 290 MARTIALIS

574 329 777 374 Promisit
804 332 968 391 pariter
988 332 1136 375 Caesar
1159 341 1345 393 utraque
1372 349 1529 377 manu:

501 402 600 444 Non
631 401 773 461 potuit
803 400 956 445 melius
985 401 1103 445 litem
1133 402 1259 446 finire
1281 403 1491 463 jocosam.

571 473 612 515 O
643 470 771 515 dulce
801 472 952 516 invicti
982 473 1191 534 principis
1222 472 1465 535 ingenium!

570 607 674 656 Τοὺς
702 601 740 649 δ’
766 608 974 649 ὑπένευσεν
1001 602 1101 657 ἄναξ
1127 607 1194 650 καὶ
1221 602 1619 670 διμαχαιρομοὶχους·

500 679 589 720 Οὐκ
615 675 661 724 ἦν
689 674 868 738 ῥηίτερον
900 672 1087 720 διαλῦσαι
1118 678 1258 738 ἀγῶνα
1283 682 1454 738 γελοῖον.

570 749 649 790 Φεῦ
678 754 751 798 τῆς
779 747 960 809 γενναίης
985 749 1178 810 ἡγεμόνος
1205 745 1374 808 φύσεωςῖ

428 887 534 932 nigne
559 887 734 920 satisfecit.
761 886 933 920 Subtilius
955 887 1107 933 Scaliger

428 940 577 985 explicat
595 952 603 973 ε
622 952 750 985 nempe
769 941 931 985 promisit
949 941 1105 986 Impera-

428 1002 484 1026 tor
498 992 705 1038 gladiatores
723 1002 939 1038 pugnaturos
958 1001 1106 1038 utraque

427 1058 554 1087 manu,
578 1059 638 1079 seu
665 1046 756 1079 binis
789 1046 888 1086 sicis,
918 1047 994 1080 sine
1025 1059 1104 1092 par-

429 1112 482 1132 ma
497 1124 507 1140 ,
528 1107 592 1132 etc.

485 1165 516 1185 2.
532 1151 661 1185 Eadem
677 1151 786 1185 editio
804 1151 946 1197 antique
964 1152 1107 1186 exhibet

427 1206 591 1238 Promisti.
607 1205 800 1238 Scriverius
819 1205 902 1250 legit
919 1216 926 1239 :
945 1213 1107 1251 utramque

426 1271 571 1299 manum,
594 1259 816 1304 improbante
840 1258 1034 1292 Gronovio.
1054 1280 1108 1286 —

427 1312 596 1352 Promisit,
620 1320 684 1346 etc.
706 1312 906 1357 Utrumque
924 1324 988 1357 par
1007 1311 1109 1357 signi-

1165 887 1246 921 ficat
1267 900 1303 921 se
1328 886 1493 922 daturum
1515 898 1660 936 utraque
1679 902 1844 936 exporre-

1166 948 1220 974 cta
1238 953 1343 974 manu
1354 967 1363 983 ,
1378 942 1594 976 salutationis
1611 952 1644 977 et
1656 956 1843 978 consensus

1165 1001 1248 1027 nota
1259 1020 1267 1036 ,
1284 1006 1302 1027 e
1318 995 1439 1028 castris
1456 995 1492 1028 in
1511 1008 1652 1029 arenam
1667 996 1842 1030 translata.

1222 1047 1256 1080 3.
1276 1048 1377 1080 Litem
1390 1047 1489 1092 finire
1502 1050 1657 1094 jocosam.
1679 1049 1844 1083 Studium

1167 1100 1291 1145 populi
1319 1101 1461 1134 alterius
1490 1102 1638 1135 alterum
1665 1102 1842 1147 petentis:

1167 1164 1242 1198 quae
1257 1153 1412 1187 Ausonio
1426 1180 1435 1196 ‚
1458 1171 1472 1184 a
1489 1155 1628 1188 cuneati
1646 1155 1722 1188 laeta
1745 1155 1843 1189 thea-

1167 1206 1212 1239 tri
1231 1205 1363 1240 Seditio
1382 1224 1412 1240 ι.

1223 1263 1258 1299 4.
1292 1260 1324 1293 O
1348 1259 1449 1293 dulce.
1481 1260 1667 1294 Contraria
1697 1260 1814 1305 jungit
1830 1272 1840 1294 ε

1168 1311 1326 1346 hostibus
1342 1313 1506 1356 invictus;
1524 1313 1658 1347 civibus
1674 1313 1796 1348 facilis.

1041 1451 1222 1507 XXI.

786 1613 852 1641 DE
890 1612 1234 1641 SPECTACULO
1272 1612 1489 1642 ORPHEI.

427 1729 607 1770 Exhibita
634 1731 757 1767 fuerat
777 1729 817 1765 in
841 1728 1139 1778 Amphitheatro
1160 1728 1309 1779 Orphei
1329 1728 1458 1766 fabula
1484 1729 1521 1765 in
1541 1742 1615 1779 qua
1641 1728 1840 1766 damnatus

478 1793 633 1843 quidam
655 1791 720 1841 (ut
742 1803 858 1841 supra
880 1790 1024 1827 dictum
1045 1799 1100 1826 est
1121 1790 1252 1841 Epigr.
1274 1792 1367 1840 VIII)
1389 1804 1479 1827 vere
1500 1790 1548 1828 ab
1573 1804 1662 1828 urso
1685 1791 1839 1828 dilania-

478 1855 592 1891 batur
604 1883 613 1900 ‚
632 1862 674 1890 ut
690 1852 871 1902 Orpheus
891 1865 912 1888 a
930 1851 1086 1888 Bacchis
1103 1852 1315 1902 discerptus
1335 1852 1468 1890 fertur.
1490 1855 1558 1890 En.

495 1988 739 2044 QUICQUID
761 1986 805 2029 in
827 1985 1010 2045 Orpheo
1035 1983 1252 2045 Rhodope
1278 1994 1495 2045 spectasse
1515 1984 1686 2028 theatro

495 2116 548 2160 Εἴ
573 2134 614 2159 τι
639 2116 734 2175 παρ’
765 2105 924 2173 Ορφείῳ
952 2103 1118 2160 ῥοδόπη
1153 2113 1285 2160 θηεῖτο
1313 2112 1486 2173 θεάτρῳ,

477 2255 688 2290 Inscribitur
710 2253 770 2287 Ad
789 2252 945 2286 Caesarem
966 2252 1002 2284 in
1021 2251 1101 2285 Ald.

424 2312 522 2344 Junt.
544 2308 681 2354 Gryph.
700 2314 734 2341 et
750 2306 826 2339 aliis
844 2314 928 2340 vett.
950 2304 1032 2339 edd.
1052 2306 1104 2338 De

430 2364 558 2408 Orpheo
574 2361 642 2395 alii.

485 2429 498 2449 Ι
509 2442 515 2449 .
532 2415 659 2459 Orpheo
676 2414 806 2446 theatro.
826 2411 867 2446 Id
883 2420 934 2445 est
949 2424 1014 2445 nec
1031 2420 1104 2445 arte

427 2481 492 2501 nec
512 2481 618 2502 manu
640 2466 747 2508 facto,
771 2464 831 2499 sed
854 2472 978 2498 natura
999 2464 1104 2498 deco-

427 2530 503 2554 rato
523 2530 556 2553 et
575 2528 736 2553 extructo
756 2519 791 2551 in
811 2518 987 2551 Threiciis
1006 2518 1104 2551 valli-

426 2575 508 2614 bus,
523 2586 583 2607 seu
600 2572 745 2618 planitie
765 2570 809 2604 ad
825 2571 988 2604 Haemum
1006 2571 1101 2604 Rho-

426 2626 587 2673 dopenve
613 2638 620 2659 :
652 2625 725 2658 haec
746 2625 821 2657 loca
836 2650 844 2666 ,
868 2623 911 2657 ad
939 2624 1102 2657 similitu-

424 2679 543 2714 dinem
569 2678 644 2713 veri
663 2676 813 2718 theatri,
834 2677 940 2711 refert
961 2689 1101 2722 quoque

1164 2251 1316 2285 Ovidius
1344 2252 1485 2286 Metam.
1512 2252 1593 2285 XI:
1620 2269 1633 2282 α
1661 2251 1837 2286 Maenades

1164 2305 1300 2351 Orphei
1323 2305 1465 2338 titulum
1491 2317 1638 2350 rapuere
1661 2305 1797 2338 theatri.
1816 2322 1830 2335 u

1163 2358 1274 2391 Vallis
1298 2371 1424 2404 nempe
1446 2358 1512 2391 fuit
1534 2358 1645 2403 qualis
1669 2356 1836 2390 describi-

1164 2419 1220 2444 tur
1246 2424 1264 2444 a
1294 2412 1423 2444 Seneca
1454 2412 1492 2444 in
1522 2409 1679 2451 Troade,
1707 2418 1770 2443 act.
1789 2411 1835 2450 V,

1168 2482 1181 2493 «
1206 2473 1240 2497 et
1259 2464 1349 2498 clivo
1369 2464 1437 2498 levi
1454 2466 1580 2497 Erecta
1596 2461 1750 2496 medium
1765 2463 1837 2496 val-

1164 2517 1204 2550 lis
1229 2516 1414 2551 includens
1433 2517 1552 2550 locum
1573 2515 1691 2549 Crevit
1710 2515 1835 2548 theatri

1164 2583 1260 2603 more
1280 2588 1311 2604 u.
1342 2571 1409 2603 ΕΙ).
1445 2591 1496 2596 —
1532 2569 1691 2612 Rhodope.
1730 2568 1834 2601 Mons

1161 2623 1319 2657 Thraciae
1332 2649 1340 2664 ‚
1358 2623 1416 2655 hic
1434 2634 1499 2667 pro
1518 2621 1667 2655 Thracia
1684 2620 1757 2665 ipsa
1775 2633 1834 2655 ac-

1161 2676 1292 2722 cipitur
1311 2688 1319 2710 :
1343 2684 1401 2709 aut
1422 2687 1486 2720 pro
1515 2673 1597 2708 feris
1621 2682 1657 2708 et
1680 2673 1774 2708 silvis
1795 2685 1833 2707 ac
