2061 3288
458 234 617 264 [xxxii
761 218 1135 262 RECENSUS
1173 219 1595 263 EDITIONUM

903 354 1429 413 VERSIONES.

526 500 741 546 Gallicam
762 500 1006 543 versionem
1024 498 1403 559 Epigrammatum
1425 500 1621 543 omnium
1642 500 1878 555 Martialis,

456 582 499 617 et
519 572 764 634 prosaicam
783 579 826 614 et
845 570 1073 613 metricam
1088 604 1099 624 ,
1126 567 1229 612 fecit
1247 568 1383 613 Mich.
1412 569 1465 613 de
1491 569 1718 624 Marolles,
1744 573 1876 616 Paris.

466 641 590 688 [655
605 679 615 697 ,
635 644 681 697 4,
699 651 931 701 utramque
953 639 1073 683 haud
1094 640 1242 700 magni
1262 639 1420 701 pretii.¹
1444 642 1467 684 J
1471 643 1642 685 uvencii
1663 641 1875 687 Gallicam

458 713 782 774 metaphrasin,
806 721 849 754 et
872 709 1007 754 Faillii
1035 711 1077 754 in
1100 711 1347 755 Martialem
1375 721 1500 756 notas
1528 724 1776 757 memorant
1804 731 1877 758 au-

458 796 602 829 ctores
632 783 685 826 de
711 781 931 826 l'Histoire
953 781 1028 825 des
1050 797 1266 842 ouvrages
1290 781 1365 826 des
1384 783 1570 827 Savants
1597 799 1611 827 1
1625 783 1742 845 693.
1764 787 1878 828 Nov.

458 874 498 917 p.
540 872 554 899 1
570 854 633 899 30
656 872 665 897 :
689 855 729 898 le
754 856 810 897 P.
845 855 1061 896 Jozwencz'
1081 847 1251 897 Jeszcz'te
1273 869 1303 897 a
1322 848 1484 914 pzcblz'e'
1508 870 1595 897 ime
1623 855 1879 900 traduetz'on

454 927 535 971 cles
551 917 872 987 Epz'grammes
900 923 956 968 cle
981 924 1201 978 Martia,
1231 924 1423 985 demptis
1450 923 1685 969 obscoem's.
1719 925 1879 980 Iidem,

457 1015 499 1059 p.
535 1013 550 1041 1
566 995 593 1041 3
607 1012 622 1040 1
647 1013 655 1039 :
677 998 742 1039 M.
761 994 818 1039 de
846 995 893 1038 la
917 995 1069 1038 Faz'lle
1088 1009 1120 1037 α
1137 989 1295 1056 publz'e'
1314 995 1530 1056 quelques
1547 1000 1694 1057 petits
1717 1013 1877 1041 ouvra-

452 1084 563 1129 ges,
596 1083 766 1111 comme
793 1064 872 1108 des
902 1075 1031 1108 notes
1058 1081 1137 1108 sm·
1164 1063 1392 1109 Μανίιάἰῖ

527 1137 791 1183 Germanice
809 1134 978 1197 singula
998 1134 1213 1180 Martialis
1230 1136 1559 1197 Epigrammata
1582 1154 1612 1181 s.
1634 1147 1880 1195 verterunt,

456 1226 488 1253 s.
513 1209 707 1253 carmine
730 1205 967 1250 vernaculo
990 1207 1145 1250 imitati
1166 1216 1292 1263 sunt,
1318 1207 1449 1251 Mart.
1472 1208 1880 1268 Opitzius,Werni-

454 1281 553 1324 kius
577 1315 588 1334 ,
606 1277 814 1322 Trillerus
836 1313 847 1332 ,
868 1277 1208 1338 Tscherningius
1230 1313 1241 1333 ,
1261 1278 1471 1322 Weissius
1493 1313 1504 1332 ,
1544 1279 1798 1339 Anonymus
1836 1280 1880 1323 in

457 1350 727 1395 Collectione
747 1349 992 1392 carminum
1015 1349 1306 1404 comicorum,
1328 1347 1562 1409 lyricorum
1577 1385 1588 1405 ,
1610 1359 1653 1393 et
1671 1351 1882 1411 epigram-

455 1423 717 1466 maticorum
733 1456 744 1475 ,
778 1418 978 1463 Francof.
1011 1428 1054 1462 et
1083 1420 1201 1480 Lips.
1238 1435 1252 1463 1
1269 1417 1382 1481 764.
1406 1421 1636 1480 Hymmius
1653 1456 1664 1475 ,
1685 1420 1880 1464 Wilken-

455 1493 569 1546 sius,
603 1502 646 1535 et
671 1492 744 1551 qui
779 1506 930 1533 omnes
956 1488 1080 1533 facile
1108 1499 1208 1550 post
1234 1507 1278 1534 se
1303 1489 1508 1550 relinquit
1532 1490 1584 1534 cl.
1611 1493 1664 1535 G.
1692 1493 1742 1535 E.
1769 1493 1878 1536 Les-

455 1564 635 1625 singius.
673 1561 741 1606 Cf.
783 1577 935 1604 eorum
970 1562 1086 1621 Opp.
1120 1570 1164 1604 et
1202 1559 1515 1605 Collectionem
1557 1563 1878 1623 praecipuorum

455 1636 836 1696 Epigrammatum
868 1633 1018 1675 Germ.
1050 1632 1196 1692 Rigae,
1230 1630 1384 1693 1766,
1413 1631 1454 1676 8.

526 1704 764 1765 Hispanice
787 1701 997 1745 nonnulla
1023 1702 1239 1746 Martialis
1266 1703 1596 1763 Epigrammata
1620 1704 1879 1764 interpreta-

455 1786 525 1820 tus
546 1786 609 1819 est
627 1773 888 1818 Emmanuel
909 1773 962 1816 (le
979 1771 1158 1817 Salines.
1177 1773 1247 1817 Cf.
1264 1774 1461 1817 Lorentii
1479 1775 1683 1818 Graciani
1701 1778 1805 1819 Arte
1826 1775 1880 1819 de

455 1847 652 1908 Ingenio.

529 1920 733 1962 Graecum
760 1915 862 1958 fecit
886 1913 1133 1958 Martialem
1159 1916 1183 1958 J
1186 1914 1334 1975 oseph.
1365 1913 1558 1976 Scaliger
1582 1916 1625 1957 in
1646 1914 1878 1976 Florilegio

455 1987 694 2037 Martialis..
726 1986 842 2030 edito
873 1985 927 2028 ab
959 1987 1013 2029 Is.
1047 1985 1310 2029 Casaubono
1338 1987 1469 2029 Paris.
1510 1984 1664 2047 1607,
1693 2003 1780 2047 quo
1806 1988 1877 2030 Li-

456 2059 595 2104 bellus
622 2059 676 2102 de
706 2055 995 2118 Spectaculis,
1022 2055 1092 2099 lib.
1117 2073 1233 2110 x111,
1259 2065 1301 2099 et
1332 2072 1431 2111 x1v,
1459 2055 1595 2099 ferme
1620 2057 1805 2118 integri,
1835 2067 1878 2101 et

458 2148 510 2175 ex
544 2130 708 2175 caeteris
741 2127 975 2171 duodecim
1002 2126 1125 2170 libris
1150 2127 1529 2187 Epigrammatum
1562 2128 1663 2171 satis
1693 2144 1878 2189 magnus

455 2217 666 2245 numerus
688 2197 1089 2260 comprehenditur.
1117 2199 1228 2254 Quae
1248 2197 1422 2257 quidem
1444 2214 1576 2258 opera
1598 2199 1790 2242 Martiali
1815 2198 1875 2242 lo-

514 2349 546 2368 1.
567 2336 615 2367 La
639 2333 814 2378 premiere
833 2339 937 2377 parnt
955 2343 998 2363 en
1024 2330 1142 2371 1655,
1166 2343 1182 2364 2
1202 2331 1273 2364 vol.
1294 2324 1402 2372 in-8⁰;
1425 2339 1459 2364 et
1481 2331 1512 2363 la
1535 2330 1685 2364 seconde
1701 2344 1744 2364 en
1766 2334 1877 2376 1671,

458 2381 568 2428 in-80,
585 2396 615 2421 ct
635 2399 677 2419 en
700 2384 796 2429 1673
812 2411 821 2427 ,
836 2377 996 2423 i11-4⁰.B.

513 2454 546 2474 ⁴2.
565 2441 613 2473 Le
633 2440 671 2472 P.
687 2439 874 2482 Jouvency
892 2450 909 2469 a
928 2436 1068 2481 public,
1087 2448 1128 2469 en
1151 2436 1245 2480 1693
1264 2440 1280 2469 a
1296 2436 1411 2477 Paris,
1430 2448 1501 2470 une
1514 2435 1647 2469 edition
1668 2435 1711 2468 de
1724 2436 1877 2477 Martial,

456 2494 630 2538 corrigee,
658 2503 739 2523 avec
760 2503 829 2523 une
853 2489 1125 2534 interpretation
1153 2489 1280 2529 latine,
1307 2497 1341 2522 et
1370 2501 1442 2521 non
1469 2501 1551 2522 avec
1580 2501 1650 2521 une
1676 2488 1876 2522 traduction

455 2546 633 2582 francaise.
655 2545 807 2585 Quanta
832 2543 879 2575 NI.
899 2541 943 2575 cle
965 2542 995 2574 la
1015 2542 1122 2575 Faille
1135 2566 1143 2577 ,
1164 2539 1314 2575 l'auteur
1330 2541 1374 2575 de
1392 2542 1560 2574 l'Histoire
1577 2541 1630 2573 des
1652 2555 1803 2586 ouvrages
1822 2543 1876 2574 des

455 2584 595 2633 Saw'nes
609 2598 721 2643 parait
739 2595 857 2628 l’avoir
876 2594 1057 2628 confondu
1077 2607 1158 2628 avec
1178 2595 1313 2635 Costar,
1327 2593 1529 2628 traducteur
1550 2592 1611 2627 (les
1622 2595 1695 2639 plus
1710 2595 1809 2627 beans
1821 2609 1874 2627 en-

455 2655 554 2686 droits
572 2652 610 2684 de
630 2650 775 2684 Murtial.
794 2648 990 2688 Toulouse,
1014 2650 1109 2690 1689
1122 2673 1129 2686 ‚
1156 2660 1172 2679 2
1191 2647 1262 2679 vol.
1281 2647 1357 2680 iii-1
1370 2660 1402 2680 2.
1417 2647 1455 2679 B.
