2061 3288
484 241 576 287 188

857 244 917 287 M.
942 245 1083 289 VAL.
1122 246 1512 291 MARTIALIS

1111 396 1252 453 XX.

973 553 1041 582 DE
1095 554 1332 583 PAULLo.
1359 534 1379 552 ⁴²

545 678 770 721 CARMINA
798 675 971 721 Paullus
997 679 1103 722 emit
1125 696 1134 721 :
1160 680 1313 723 recitat
1340 695 1417 723 sua
1442 681 1636 725 carmina
1660 679 1846 726 Paullus.

610 748 726 791 Nam
750 747 868 808 quod
894 764 1037 806 emas,
1061 749 1197 810 possis
1224 750 1367 794 dicere
1390 750 1486 811 jure
1512 760 1648 795 tuum.

525 879 538 894 '¹
551 886 592 918 In
610 886 713 932 hujus
728 887 984 934 epigrammatis
999 889 1149 922 lectione

471 938 565 971 haud
581 940 715 973 variant
729 942 938 987 exemplaria
953 954 1059 976 manu
1074 955 1149 976 exa-

470 999 544 1025 rata
561 1001 619 1026 aut
634 993 812 1039 impressa.

528 1058 561 1079 2.
591 1046 675 1079 Nam
695 1048 780 1093 quod
795 1060 889 1081 emas.
910 1046 993 1081 Vid.
1019 1048 1077 1081 lib.
1109 1049 1125 1081 I
1138 1075 1147 1090 ,

471 1098 579 1143 epigr.
607 1113 670 1133 xxx
683 1126 691 1141 ,
715 1113 748 1133 v.
780 1106 800 1142 4
814 1126 822 1142 ,
842 1109 875 1133 et
893 1101 952 1134 lib.
972 1102 1042 1144 VI,
1071 1102 1145 1148 epi-

468 1163 613 1195 gramm.
638 1166 709 1186 x11:
734 1171 746 1182 α
764 1154 865 1187 Jurat
893 1154 1035 1200 capillos
1054 1167 1145 1197 esse,

470 1217 556 1249 quos
586 1207 697 1249 emit,
725 1220 808 1241 suos
836 1208 1006 1241 Fabulla:
1039 1221 1145 1241 num-

469 1257 578 1302 quid,
622 1260 741 1293 Paulle
761 1286 771 1301 ‚
809 1261 969 1307 pejerat?
997 1274 1097 1306 nego.
1126 1279 1138 1291 u

469 1310 558 1345 Nam
579 1313 639 1358 qui
661 1314 763 1355 emit,
781 1315 831 1348 rei
848 1323 972 1361 emptae
991 1315 1142 1360 acquirit

1209 888 1418 923 dominium.
1428 889 1563 924 Festive
1574 890 1778 936 plagiarium
1786 890 1882 936 quasi

1208 942 1406 977 excusando
1420 943 1543 989 carpit.
1560 944 1677 977 Exstat
1692 944 1795 989 hujus
1812 944 1884 989 epi-

1207 997 1405 1042 grammatis
1420 997 1569 1030 imitatio
1581 997 1718 1042 gallica,
1737 996 1781 1030 de
1798 1009 1882 1042 quo-

1206 1048 1287 1083 dam
1304 1050 1552 1083 concionatore
1563 1075 1572 1090 ,
1589 1050 1649 1095 qui
1668 1062 1778 1083 sacras
1792 1062 1881 1083 eme-

1206 1103 1264 1136 bat
1283 1103 1476 1145 orafiones,
1496 1115 1580 1148 quas
1602 1103 1638 1135 in
1660 1103 1802 1148 publico
1819 1102 1881 1136 ha-

1205 1156 1327 1195 bebat,
1347 1169 1409 1190 suo
1430 1156 1571 1201 ingenio
1587 1156 1696 1189 veluti
1713 1154 1880 1201 deprom-

1205 1218 1297 1254 ptas,
1321 1218 1355 1242 et
1374 1210 1428 1243 his
1450 1209 1564 1242 verbis
1583 1209 1812 1243 terminatur:

1274 1272 1330 1297 Moi
1343 1272 1386 1306 qui
1400 1273 1449 1296 sais
1457 1271 1516 1301 qu'il
1527 1271 1563 1296 les
1575 1271 1663 1296 achi-te
1674 1290 1681 1300 ‚

1272 1320 1302 1344 Je
1318 1321 1431 1344 soutiens
1445 1319 1519 1353 qu'ils
1532 1325 1589 1345 sont
1600 1318 1613 1343 ὲ
1625 1318 1667 1343 lui.
1682 1320 1730 1344 En.

1082 1453 1263 1510 XXI.

925 1611 980 1639 IN
1020 1590 1430 1641 POSTHUMUBL*

538 1718 677 1760 BAsm
701 1715 777 1760 das
803 1715 917 1773 aliis;
941 1716 1031 1761 aliis
1057 1717 1154 1773 das,
1181 1718 1442 1774 Posthume,
1467 1718 1678 1762 dextram.

609 1788 754 1843 Dicis,
780 1789 941 1832 Utrum
968 1788 1132 1833 mavis?
1152 1788 1262 1850 elige
1285 1807 1292 1833 :
1322 1788 1437 1833 malo
1463 1805 1659 1833 manum.

520 1921 533 1935 ¹'
561 1926 634 1959 Nec
661 1926 696 1959 in
727 1926 794 1960 hoc
822 1928 1051 1968 membranae,
1084 1936 1143 1961 aut

465 1978 546 2011 libri
569 1979 661 2026 typis
680 1980 864 2026 impressi,
883 1981 1065 2014 minimam
1082 1993 1141 2014 va-

464 2032 622 2066 rietatem
641 2032 810 2078 produnt.

525 2098 556 2119 1.
585 2087 654 2118 Das
678 2086 832 2120 deaetram.
859 2087 974 2128 Quam
999 2095 1141 2132 tangant

466 2138 521 2170 alii
538 2163 547 2179 ‚
565 2152 692 2184 nempe
710 2140 804 2174 velut
824 2139 907 2173 fidei
926 2149 959 2173 et
981 2140 1141 2173 amicitiae

465 2191 609 2236 pignus,
623 2193 743 2226 Horat.
761 2193 824 2226 lib.
840 2194 855 2225 I
867 2219 876 2234 ‚
898 2194 967 2226 Sat.
986 2206 1006 2238 9
1021 2218 1030 2233 ‚
1049 2206 1082 2227 v.
1099 2197 1139 2234 [ις

465 2245 519 2277 vel
542 2257 644 2290 qnam
663 2247 866 2279 osculentur
883 2259 892 2287 ;
912 2246 1007 2292 quod
1025 2255 1139 2279 tamen

465 2297 527 2330 soli
545 2298 772 2344 imperatores
789 2308 823 2332 et
838 2299 981 2345 quidem
999 2299 1139 2345 superbi

465 2350 577 2383 facere
601 2352 770 2386 solebant.
800 2353 986 2387 Suetonius
1010 2353 1045 2386 in
1068 2354 1139 2386 Do-

465 2403 611 2437 mitiano
627 2431 635 2446 ‚
660 2418 732 2451 cap.
762 2418 774 2438 1
787 2419 818 2440 2.

1259 1941 1289 1961 2.
1313 1927 1404 1960 Malo
1423 1940 1556 1960 manum.
1572 1927 1686 1968 Quam
1706 1926 1798 1960 basia
1818 1934 1877 1960 tua

1202 1981 1291 2013 male
1307 1980 1456 2022 olentia;
1475 1980 1586 2025 epigr.
1603 1993 1624 2012 x
1640 1987 1674 2012 et
1692 1991 1744 2012 ΧΠ
1760 1992 1875 2025 supra.

1202 2041 1236 2066 et
1252 2033 1342 2067 infra
1362 2045 1438 2066 xxn
1455 2041 1488 2066 et
1506 2044 1615 2073 xxm,
1632 2033 1666 2065 in
1689 2032 1818 2077 quibus
1833 2031 1877 2066 de

1202 2085 1326 2119 eodem
1340 2086 1533 2119 Posthumo
1543 2085 1664 2120 eadem
1679 2094 1729 2118 est
1745 2085 1873 2119 irrisio.

1200 2139 1321 2185 Epigr.
1339 2152 1359 2172 x
1381 2139 1487 2185 hujus
1506 2139 1587 2172 libri
1604 2152 1611 2171 :
1633 2139 1755 2172 «Basia
1771 2137 1875 2171 dimi-

1200 2191 1260 2225 dio
1270 2191 1364 2238 quod
1375 2191 1434 2225 das
1445 2192 1544 2233 mihi,
1553 2192 1753 2233 Posthume,
1764 2191 1875 2233 labro,

1201 2245 1341 2287 Laudo3
1364 2245 1444 2279 licet
1476 2244 1593 2279 demas
1620 2245 1703 2278 hinc
1734 2256 1874 2290 quoque

1199 2297 1398 2332 dimidium.
1422 2298 1486 2332 Vis
1509 2297 1591 2331 dare
1621 2299 1731 2343 majus
1758 2295 1874 2330 adhuc

1201 2361 1234 2385 et
1261 2352 1492 2385 inenarrabile
1523 2364 1649 2384 munus
1665 2350 1679 2383 Ρ
1707 2351 1784 2383 Hoc
1809 2349 1873 2382 tibi

1198 2405 1288 2439 habe
1299 2413 1425 2447 totum,
1436 2401 1843 2447 Posthume,dimidium.
1855 2419 1870 2431 »
