2061 3288
446 221 1035 265 EPIGRAMMATUM
1073 223 1195 265 LIB.
1236 222 1300 264 II.

1485 221 1578 284 257

235 309 368 368 Quod
394 309 557 364 vomis3
580 309 742 352 Antoni
767 327 774 352 :
802 309 919 370 quod
946 309 1202 365 luxuriaris;
1224 310 1353 370 »Apici
1373 327 1382 353 :

305 380 439 438 Quod
469 378 615 434 fellas3
640 380 792 424 vitium
824 381 895 425 dic
921 381 1025 425 mihi
1051 380 1175 440 cujus
1204 379 1367 424 habes?

165 530 223 552 me
244 518 390 552 consule
404 545 413 560 ,
433 519 598 551 Romam!
619 520 751 552 Antoni
776 520 847 565 gla-

162 571 242 605 dios
252 571 366 617 potuit
378 581 614 613 contemnere,
623 572 709 605 sisic
718 573 846 606 Omnia

163 624 329 658 dixisset!
352 642 365 654 n

220 677 254 711 5.
277 678 375 722 Quod
391 681 502 711 vomis.
525 678 672 711 Antonii
693 679 845 712 vomitus

162 729 329 764 describit
349 731 471 764 Cicero
490 732 525 764 in
546 731 700 777 Philipp.
725 725 774 765 11.'
790 755 842 758 —

165 785 272 828 Apici.
288 784 358 825 Qui
373 797 475 817 suum
492 785 744 830 patrimonium
759 786 842 818 luxu

162 837 398 882 consumpsit,
411 836 454 871 de
467 850 538 883 quo
553 838 614 871 lib.
633 839 687 871 ΙΙΙ
700 865 708 878 ,
731 839 841 884 epigr.

906 531 999 553 χχιι.
1020 519 1104 553 vid.
1132 528 1167 554 et
1196 532 1300 566 supra
1328 519 1588 566 epigrammatis

906 585 992 606 Lx1x
1012 584 1132 606 versus
1153 572 1187 606 3.

960 629 996 659 6.
1026 626 1149 658 Vitium
1167 653 1175 665 ,
1201 634 1266 659 etc.
1290 626 1357 659 Hic
1383 639 1481 660 cares
1509 639 1592 660 auc-

906 687 981 713 tore
1003 680 1220 724 magnost‘v‘w
1237 681 1339 724 φωνὴν
1361 680 1475 716 ἐνοπήν
1495 694 1531 713 σε
1544 681 1594 713 λε’-

904 745 968 776 γειν
993 729 1142 772 ἐδίδαξεν
1171 725 1312 777 ὅμηρος·
1341 733 1406 769 Τὴν
1438 738 1590 779 γλῶσσαν

902 782 936 817 δ’
977 787 1005 818 ἐν
1037 786 1101 830 ὁπῇ
1130 787 1179 824 τίς
1227 780 1258 818 α’
1291 782 1440 826 ἐδίδαξεν
1480 788 1592 831 ἐ’χειν;

902 839 1092 883 Antholog.
1115 839 1151 871 ΙΙ
1163 863 1172 878 ,
1198 838 1254 871 13.

808 978 939 1036 XC.

579 1134 650 1162 AD
688 1133 1148 1170 QUINTILIANUM.
1169 1115 1187 1133 *

233 1260 555 1315 QUINTlLIANE
569 1294 580 1313 ,
601 1274 722 1318 vagae
748 1258 1002 1302 moderator
1026 1275 1194 1303 summe
1215 1260 1408 1320 juventae
1422 1296 1433 1316 ‚

305 1328 454 1373 Gloria
483 1330 717 1384 Romanae,
744 1328 1033 1385 Quintiliane,
1065 1340 1202 1391 togae,

232 1399 395 1443 Vivere
421 1399 538 1460 quod
565 1415 756 1460 propero
780 1416 974 1461 pauper,
999 1416 1080 1444 nee
1106 1400 1266 1446 inutilis
1292 1404 1443 1459 annis,

218 1540 232 1555 *
247 1541 357 1584 Quod
374 1543 476 1588 genio
492 1541 744 1588 suoindulgeat
755 1568 763 1583 ‚
776 1554 841 1575 nec

161 1595 374 1629 laboriosam
400 1596 505 1628 ullam
535 1604 690 1629 exerceat
710 1603 842 1637 artem,

164 1648 246 1681 inde
273 1661 309 1682 se
335 1658 473 1682 excusat
500 1649 669 1682 Martialis
697 1649 841 1690 Quinti-

164 1702 274 1742 liano,
289 1700 384 1747 quod
396 1727 406 1742 ,
422 1713 529 1747 parvo
546 1709 730 1735 contentus
742 1727 751 1743 ,
767 1714 841 1734 non

164 1767 247 1800 opes
274 1755 487 1799 amplificare
514 1766 591 1787 suas
616 1755 755 1799 cupiat,
780 1754 841 1788 sed

163 1808 262 1841 beata
294 1806 502 1852 modicaque
532 1807 610 1839 vitae
638 1806 842 1840 conditione

163 1861 234 1893 frui
252 1861 331 1894 satis
350 1860 485 1893 habeat.
507 1860 576 1893 En.

222 1925 252 1947 1.
281 1913 379 1946 Junt.
410 1913 445 1945 in
478 1925 587 1957 marg.
621 1926 736 1956 gnava?
774 1925 840 1957 pro

164 1980 270 2011 wagae.
285 1988 338 1993 ——-
353 1966 562 2010 Quintiliane.
578 1966 841 2010 Calaguritanus

166 2020 232 2052 fuit
242 2019 492 2060 Quintilianus.
505 2019 682 2064 Calaguris
695 2027 746 2052 est
759 2019 842 2051 urbs

166 2072 344 2118 Hispaniae
360 2071 403 2105 ad
419 2073 510 2117 ripas
524 2072 636 2113 Iberi,
649 2071 758 2105 hodie
775 2071 840 2104 Ca-

166 2126 311 2164 lalzorra,
343 2125 381 2158 in
419 2125 560 2159 Castilia
594 2124 716 2159 veteri.
748 2125 843 2158 Hine

166 2180 314 2211 Romam
342 2191 360 2211 a
385 2178 493 2212 Galba
516 2177 686 2212 adductus
706 2186 770 2218 est,
802 2187 840 2211 ut

165 2240 301 2265 constat
334 2244 374 2265 ex
408 2232 560 2265 Eusebio
598 2231 634 2264 in
673 2231 840 2265 Chronic.

167 2283 370 2330 Olympiad.
392 2296 459 2317 211
486 2292 520 2317 et
545 2296 625 2329 217.
648 2305 700 2310 —
724 2285 840 2329 l'agae.

167 2338 299 2382 Yagam
331 2346 435 2370 vocat
463 2345 568 2382 poeta
598 2339 841 2382 juventutem;

166 2399 217 2423 est
242 2391 335 2423 enim
354 2390 506 2431 silentii,
522 2390 661 2432 quietis,
680 2391 842 2423 attentio-

166 2444 220 2476 nis
232 2443 428 2488 impatiens.
443 2465 493 2469 -
511 2443 708 2477 moderator.
724 2445 843 2476 Annos

171 2497 214 2529 23
234 2498 354 2529 Romae
368 2494 566 2529 erudiendis
580 2497 765 2541 juvenibus
782 2496 844 2529 im·

166 2548 306 2593 pendit,
321 2550 404 2582 etin
423 2549 478 2582 his
494 2549 686 2582 Domitiani
700 2558 844 2594 nepotes

166 2601 307 2635 edocuit
330 2602 580 2644 Quintilianus.

225 2667 256 2688 2.
283 2654 419 2693 Gloria,
447 2663 510 2688 etc.
550 2656 636 2697 Toga
663 2667 751 2700 saepe
780 2668 844 2701 pro

239 2729 275 2770 I.

899 1543 1051 1588 pacificis
1071 1544 1204 1578 artibus
1225 1553 1259 1578 et
1276 1546 1386 1580 literis
1404 1548 1510 1582 bonis
1528 1563 1583 1584 sua

899 1595 1009 1629 mitur
1019 1621 1028 1638 ,
1042 1609 1122 1642 quae
1133 1598 1252 1644 vigent
1271 1599 1308 1632 in
1320 1612 1406 1645 pace
1421 1603 1519 1647 cujus
1530 1603 1582 1636 in-

899 1648 994 1694 signe
1021 1658 1123 1695 toga,
1147 1660 1185 1684 ut
1214 1664 1337 1698 sagum
1363 1654 1467 1696 belli3
1496 1668 1579 1702 ergo

898 1701 993 1734 hunc
1006 1702 1123 1735 locum
1136 1704 1184 1737 sic
1196 1705 1451 1750 intelligemus:
1466 1708 1582 1749 Quin-

898 1754 1036 1798 tiliane,
1050 1756 1110 1801 qui
1124 1758 1279 1801 primum
1301 1759 1393 1793 inter
1418 1760 1577 1796 eruditos

898 1807 1015 1840 locum
1048 1809 1180 1854 eloquii
1212 1810 1314 1844 laude
1350 1813 1500 1848 obtines.
1526 1837 1578 1842 -—-

898 1860 966 1893 Vel
986 1861 1091 1894 etiam
1115 1875 1180 1895 vox
1200 1872 1275 1907 toga
1300 1866 1447 1911 proprie
1472 1867 1577 1900 intel-

897 1912 1038 1957 ligenda
1054 1922 1105 1946 est
1123 1913 1166 1948 de
1189 1918 1359 1951 senatoria
1387 1917 1578 1964 dignitate,

898 1964 943 1998 ad
958 1978 1062 2011 quam
1084 1976 1246 2001 evectum
1268 1969 1373 2004 fuisse
1392 1971 1580 2012 Quintilia-

898 2031 984 2051 num
1012 2019 1204 2065 intelligere
1239 2030 1290 2056 est
1322 2036 1363 2056 ex
1396 2025 1577 2061 Juvenalis

898 2072 1014 2105 verbis
1027 2098 1036 2113 ,
1057 2082 1117 2106 sat.
1142 2074 1212 2107 VII
1225 2101 1234 2116 ‚
1253 2088 1284 2108 v.
1310 2090 1375 2121 192
1395 2089 1402 2110 :
1429 2095 1443 2108 a
1458 2080 1576 2125 Appo-

897 2125 998 2158 sitam
1011 2126 1119 2171 nigrae
1132 2127 1249 2160 lunam
1265 2129 1417 2164 subtexit
1429 2131 1540 2166 alutae.
1555 2151 1569 2162 υ

900 2179 1003 2211 Aluta
1025 2187 1143 2212 autem
1169 2180 1206 2213 in
1229 2182 1352 2215 calceis
1373 2194 1574 2218 senatorum

900 2240 933 2264 et
946 2232 1122 2265 nobilium
1134 2234 1374 2268 Romanorum
1387 2246 1459 2271 erat
1473 2251 1576 2272 orna-

899 2294 1073 2327 1nentum;
1096 2286 1205 2331 epigr.
1226 2299 1312 2321 xxlx
1330 2301 1445 2335 supra.

954 2338 988 2371 3.
1004 2338 1117 2371 Vivere
1130 2340 1216 2385 quod
1223 2368 1232 2380 ,
1247 2350 1311 2374 etc.
1329 2342 1474 2387 Ignosce
1487 2344 1575 2378 mihi

900 2391 927 2423 si
949 2392 1107 2436 quamvis
1127 2405 1275 2438 pauper,
1299 2396 1456 2440 quamvis
1477 2406 1577 2432 aetate

901 2442 1015 2477 adhuc
1031 2444 1166 2489 integra
1177 2471 1185 2486 ‚
1202 2454 1236 2478 et
1253 2449 1350 2481 annis
1364 2448 1575 2484 florentibus

901 2505 1004 2542 atque
1023 2497 1066 2530 ad
1087 2498 1241 2532 laborem
1266 2501 1432 2543 utilibus,
1453 2504 1526 2537 otio
1545 2512 1579 2537 et

901 2549 1004 2594 genio
1021 2563 1097 2584 meo
1114 2550 1280 2597 indulgeo
1295 2555 1513 2590 clementius.
1528 2579 1579 2583 —

904 2604 1041 2648 Pauper.
1053 2604 1121 2645 Qui
1136 2617 1210 2637 rem
1222 2606 1428 2641 familiarem
1438 2618 1581 2646 tenuem

903 2657 1046 2698 habent,
1058 2670 1133 2690 eam
1146 2670 1270 2703 augere
1284 2670 1466 2702 conantur:
1481 2661 1579 2708 quod

1309 2749 1363 2795 ¹7
