2061 3288
441 209 533 256 150

821 209 882 251 M.
908 208 1049 252 VAL.
1090 208 1487 251 MARTIALIS

506 299 563 341 Et
584 296 816 341 Veientani
841 296 1006 339 bibitur
1028 296 1109 340 faex
1135 312 1279 340 crassa
1305 294 1487 351 rubelli;

577 369 683 411 Asse
705 367 819 411 cicer
838 366 1035 428 tepidum
1058 376 1250 422 constat,
1271 376 1315 410 et
1336 382 1429 411 asse
1445 367 1608 410 Venus.

508 440 561 481 In
579 438 674 499 jus,
699 455 725 481 0
750 436 880 481 fallax
906 447 1035 498 atque
1061 438 1301 493 inficiator,
1326 453 1474 481 eamus
1495 454 1503 480 τ

581 510 669 553 Aut
692 509 814 565 vive,
835 517 911 552 aut
934 508 1101 565 decies,
1124 506 1341 562 Scaevola,
1364 507 1497 552 redde
1522 508 1639 551 Deis.

441 634 571 669 deinde
584 634 813 681 quadraginta
830 644 986 681 quatuor
1003 636 1067 670 alia
1081 649 1122 670 ex

439 689 534 722 libro
550 697 675 734 quarto
691 714 700 730 ‚
718 689 789 721 scil.
815 701 1124 722 xxv—mewa.—

443 742 601 787 Explicat
629 750 661 774 et
686 755 788 774 coenas
804 765 813 779 ,
844 750 909 776 etc.
934 743 1053 775 Mensa
1074 750 1125 775 est

443 795 589 840 proprie
616 794 712 840 quod
741 795 862 839 gallice
890 808 1055 829 vocamus
1085 808 1125 828 un

445 851 578 889 service,
605 856 644 880 ut
670 856 766 894 patet
795 860 836 881 ex
866 848 1125 894 comparat10ne

447 913 566 934 versus
594 900 666 945 723
682 927 691 943 ‚
713 901 812 947 Virg.
835 901 975 935 AEneid.
1000 902 1061 935 lib.
1085 902 1102 934 I
1119 927 1128 945 ‚

446 967 528 988 cum
552 967 652 987 versu
676 953 749 999 736
777 954 932 999 ejusdem
951 955 1043 988 libri.
1070 955 1127 988 Sic

448 1006 597 1040 Ovidius
623 1006 668 1040 de
688 1007 786 1039 Nuce
807 1022 814 1039 z
842 1022 854 1034 n
872 1008 978 1041 Poma
1000 1007 1130 1040 cadunt

449 1061 579 1093 mensis
605 1073 677 1093 non
698 1060 885 1094 interdicta
909 1060 1087 1094 secundis.
1111 1078 1124 1090 ›-

451 1113 518 1146 Hic
544 1113 648 1159 igitur
671 1126 792 1147 sensus
810 1123 882 1147 est:
903 1115 1033 1147 fercula
1056 1126 1132 1159 quae

450 1167 508 1200 vix
529 1168 590 1199 uni
607 1179 732 1199 mensae
752 1167 972 1206 sufficerent,
997 1166 1133 1200 duabus

453 1221 560 1253 coenis
577 1220 640 1253 tibi
655 1220 835 1253 sufficiunt
847 1247 855 1262 ‚
875 1234 985 1266 quum
1000 1229 1134 1266 partem

453 1286 573 1306 eorum
588 1299 597 1313 ‚
620 1282 761 1318 postero
785 1273 842 1307 (lie
865 1273 1110 1319 apponendam
1125 1300 1134 1315 ‚

453 1340 525 1359 non
546 1327 639 1371 tangi
655 1327 756 1360 sinas.
780 1328 832 1359 De
855 1327 958 1360 simili
984 1327 1135 1360 ferculo-

454 1393 532 1413 rum
566 1381 799 1413 reservatione
824 1379 897 1413 vid.
914 1381 1042 1413 Juven.
1064 1379 1133 1413 Sat.

461 1433 558 1473 XIV,
574 1446 604 1465 v.
627 1445 638 1465 1
651 1446 693 1477 29
711 1458 720 1472 ,
740 1433 912 1478 Spartian.
929 1434 962 1466 in
980 1432 1063 1466 divo
1075 1434 1136 1465 Ju-

458 1485 553 1518 liano
565 1511 574 1525 ‚
592 1494 626 1519 et
643 1486 810 1519 Nostrum
826 1511 836 1527 ,
854 1486 915 1519 lib.
939 1487 972 1519 X
987 1512 996 1528 ‚
1023 1486 1133 1532 epigr.

1181 648 1320 676 vant,
1347 649 1380 669 v.
1411 648 1479 681 173
1505 643 1540 668 et
1563 635 1625 669 lib.
1652 635 1724 678 ΙΙΙ,
1749 635 1859 681 epigr.

1182 702 1298 731 LVIII,
1316 702 1350 722 v.
1376 693 1435 730 42.
1456 689 1522 722 En.

1237 756 1272 787 9.
1301 743 1351 776 Et
1375 742 1555 774 Veientani.
1574 741 1709 775 Vinum
1730 741 1863 774 Veien-

1183 805 1304 829 tanum
1336 795 1525 841 pessimum
1553 803 1626 827 erat
1647 807 1656 828 ε
1682 794 1863 827 rubellum

1186 848 1319 882 dicitur
1349 849 1393 881 ab
1424 848 1501 881 uvis
1532 848 1753 881 rubentibus.
1783 847 1865 880 Veii

1186 902 1270 935 urbs
1313 910 1362 934 est
1382 927 1391 942 ‚
1422 901 1586 934 Veientes
1626 913 1710 945 gens
1758 899 1866 933 hodie

1187 955 1392 988 Mat-terliano
1416 967 1428 987 .·
1458 962 1509 988 est
1537 954 1631 995 aliis,
1665 954 1770 988 Civita
1800 953 1865 986 Ca-

1189 1008 1333 1041 stellamz.

1247 1074 1301 1095 10.
1326 1061 1409 1094 Asse
1436 1060 1552 1093 Venus.
1577 1059 1656 1093 Lib.
1676 1061 1735 1101 ΙΙ,
1755 1058 1867 1105 epigr.

1192 1127 1261 1148 L111
1284 1126 1292 1148 ε
1317 1131 1330 1144 ιι
1355 1114 1391 1147 Si
1421 1114 1557 1159 plebeia
1578 1114 1702 1146 Venus
1729 1112 1868 1158 gemino

1193 1167 1257 1200 tibi
1275 1167 1429 1200 vincitur
1447 1180 1529 1200 asse.
1549 1184 1563 1196 ›-

1252 1233 1310 1254 11.
1349 1219 1524 1265 Inficiatoru
1557 1217 1743 1252 Sordidum
1776 1217 1871 1251 enim

1194 1274 1301 1308 vitam
1316 1273 1449 1307 ducens
1465 1273 1618 1306 Scaevola
1636 1271 1750 1305 decies
1769 1284 1787 1304 a
1798 1271 1873 1303 Diis

1195 1340 1230 1361 se
1250 1327 1421 1372 accepisse
1433 1326 1671 1367 inficiabatur,
1682 1334 1715 1358 et
1727 1325 1873 1369 negabat

1195 1379 1324 1413 debere
1339 1393 1374 1413 se
1388 1379 1483 1425 quod
1497 1378 1704 1424 promiserat
1714 1403 1724 1420 ‚
1743 1377 1874 1411 scilicet

1196 1446 1232 1467 se
1258 1434 1350 1466 laute
1375 1433 1561 1465 victurum.
1581 1431 1646 1464 ΕΙ).

1255 1499 1268 1521 1
1281 1499 1311 1520 2.
1336 1487 1426 1520 Vive.
1447 1485 1640 1519 Genialiter
1657 1496 1696 1517 ac
1717 1483 1875 1529 opipare.

1104 1615 1229 1672 CV.

923 1755 986 1782 DE
1025 1753 1378 1782 SPECTACULO.
1399 1732 1417 1750 ῃ

681 1870 823 1911 ΡιοΤο
847 1866 964 1927 quod
982 1867 1086 1926 juga
1110 1865 1292 1910 delicata
1319 1864 1431 1909 eollo

679 1937 845 1982 Pardus
870 1939 1071 1992 sustinet,
1092 1938 1389 1998 improbaeque
1410 1937 1541 1996 tigres

526 2061 539 2074 *
579 2064 684 2106 Quod
714 2066 784 2110 jam
823 2065 1008 2110 multiplici
1047 2077 1149 2097 versu

475 2114 576 2162 (vid.
607 2118 714 2163 epigr.
736 2130 808 2159 vn,
836 2131 900 2158 xv,
920 2117 1036 2158 xXHI,
1059 2130 1123 2150 ΜΝ
1139 2144 1148 2158 ,

474 2184 574 2210 XLVI,
597 2184 699 2211 xmx,
718 2183 769 2204 Lu
794 2179 827 2203 et
846 2165 933 2212 LXI)
958 2178 1151 2203 contrecta-

476 2225 527 2257 vit
543 2232 787 2268 argumentum
799 2250 807 2264 ‚
827 2222 967 2256 tandem
984 2223 1132 2256 absolvit
1145 2249 1154 2264 ‚

477 2277 608 2310 scilicet
630 2278 793 2323 leporum
818 2277 914 2309 lusus
937 2289 1019 2309 cum
1042 2276 1153 2309 leoni-

476 2332 553 2363 bus.
579 2331 643 2363 En.

538 2395 568 2415 1.
587 2383 706 2415 Heius.
728 2382 772 2415 ad
793 2381 918 2416 Claud.
938 2394 1014 2416 xvu
1028 2408 1036 2423 ,
1058 2382 1130 2414 326
1146 2407 1155 2423 ‚

481 2435 745 2480 emelidat‚j'ztg·a
760 2436 901 2480 deligata
916 2436 1006 2468 collo.
1017 2435 1156 2468 Litterae

480 2503 496 2520 υ
527 2497 561 2521 et
586 2502 611 2532 g·
640 2489 826 2533 saepissime
853 2496 1098 2534 permutantur
1120 2489 1156 2521 in

482 2542 631 2586 antiquis
657 2540 847 2575 codicibus.
877 2540 962 2575 Vid.
994 2542 1155 2587 Interpp.

483 2593 527 2627 ad
541 2595 639 2639 Virg.
654 2597 733 2628 AEn.
747 2595 798 2626 III
810 2620 819 2636 ,
836 2599 906 2640 274
920 2607 929 2636 ;
943 2595 1032 2627 VIII
1044 2619 1053 2635 ,
1070 2594 1156 2639 675.

484 2648 644 2693 propert.
665 2647 729 2688 IV,
760 2659 825 2688 10,
853 2652 916 2689 42,
939 2656 972 2680 et
995 2648 1084 2680 Scal.
1115 2646 1157 2680 ad

1207 2065 1366 2109 Propert.
1407 2076 1443 2109 p.
1487 2075 1570 2106 190.
1611 2061 1669 2094 Sic
1704 2068 1883 2093 mutantur

1208 2118 1355 2162 conjugia
1374 2124 1408 2149 et
1429 2118 1585 2154 convicia,
1614 2117 1696 2147 inter
1718 2122 1752 2147 et
1771 2115 1858 2157 inger
1871 2139 1879 2150 ,

1208 2178 1274 2203 etc.
1298 2191 1348 2196 —-
1370 2170 1475 2202 Picto.
1495 2168 1610 2201 Variis
1628 2167 1721 2200 enim
1740 2165 1885 2199 maculis

1210 2222 1365 2255 distincti
1387 2231 1469 2255 sunt
1491 2220 1604 2267 pardi.
1623 2243 1676 2247 -—
1696 2220 1784 2263 Juga
1804 2219 1883 2252 deli-

1210 2284 1294 2309 cata.
1314 2275 1456 2316 Mollia,
1478 2274 1666 2320 elegantia,
1690 2272 1807 2306 sericis
1827 2284 1884 2304 or-

1212 2329 1384 2362 namentis
1413 2327 1456 2361 ad
1486 2327 1625 2360 delicias
1649 2333 1826 2371 compacta
1852 2332 1886 2356 et

1213 2390 1355 2421 ornata3
1377 2394 1453 2426 quae
1472 2379 1615 2426 quidem
1631 2379 1729 2413 facile
1744 2389 1885 2421 rumpe-

1214 2444 1292 2468 rent
1310 2434 1429 2480 pardi,
1448 2434 1516 2467 nisi
1532 2459 1542 2475 ‚
1557 2442 1599 2466 ut
1616 2433 1664 2465 ait
1681 2432 1786 2464 Poeta
1803 2429 1886 2462 ulti-

1214 2501 1272 2521 mo
1301 2500 1422 2523 versu,
1449 2495 1591 2520 nossent
1613 2498 1667 2518 cui
1693 2491 1885 2523 serwrent,

1215 2549 1249 2574 et
1265 2540 1487 2586 imperatoris
1507 2550 1640 2572 numen
1663 2534 1886 2570 tremebundi

1215 2602 1475 2628 venerarentur.
1496 2593 1562 2625 En.

1273 2662 1303 2680 2.
1344 2646 1567 2691 Improboeque.
1608 2641 1792 2688 Quidquid
1834 2641 1886 2674 ni-
