<?xml version="1.0" encoding="UTF-8"?>
<!DOCTYPE html PUBLIC "-//W3C//DTD XHTML 1.0 Transitional//EN"
    "http://www.w3.org/TR/xhtml1/DTD/xhtml1-transitional.dtd">
<html xmlns="http://www.w3.org/1999/xhtml" xml:lang="en" lang="en">
 <head>
  <title>
</title>
<meta http-equiv="Content-Type" content="text/html;charset=utf-8" />
  <meta name='ocr-system' content='tesseract 3.04.00' />
  <meta name='ocr-capabilities' content='ocr_page ocr_carea ocr_par ocr_line ocrx_word'/>
</head>
<body>
  <div class='ocr_page' id='page_1' title='image "./epigrammata01martuoft_0247.png"; bbox 0 0 2061 3288; ppageno 0'>
   <div class='ocr_carea' id='block_1_1' title="bbox 456 189 1566 236">
    <p class='ocr_par' dir='ltr' id='par_1_1' title="bbox 456 189 1566 236">
     <span class='ocr_line' id='line_1_1' title="bbox 456 189 1566 236; baseline 0.002 -2"><span class='ocrx_word' id='word_1_1' title='bbox 456 190 1040 235; x_wconf 82' lang='lat' dir='ltr'><strong>EPIGRAMMATUM</strong></span> <span class='ocrx_word' id='word_1_2' title='bbox 1078 191 1201 234; x_wconf 75' lang='lat' dir='ltr'>Llss.</span> <span class='ocrx_word' id='word_1_3' title='bbox 1242 192 1273 234; x_wconf 92' lang='lat' dir='ltr'>I.</span> <span class='ocrx_word' id='word_1_4' title='bbox 1505 189 1566 236; x_wconf 85' lang='lat'>85</span> 
     </span>
    </p>
   </div>
   <div class='ocr_carea' id='block_1_2' title="bbox 369 277 1095 340">
    <p class='ocr_par' dir='ltr' id='par_1_2' title="bbox 369 277 1095 340">
     <span class='ocr_line' id='line_1_2' title="bbox 369 277 1095 340; baseline 0 -18"><span class='ocrx_word' id='word_1_5' title='bbox 369 279 459 336; x_wconf 85' lang='lat' dir='ltr'>Qui</span> <span class='ocrx_word' id='word_1_6' title='bbox 481 278 684 340; x_wconf 83' lang='lat' dir='ltr'>pallentia</span> <span class='ocrx_word' id='word_1_7' title='bbox 709 277 919 322; x_wconf 84' lang='lat' dir='ltr'>sulfurata</span> <span class='ocrx_word' id='word_1_8' title='bbox 945 279 1095 323; x_wconf 84' lang='lat' dir='ltr'>fractis</span> 
     </span>
    </p>
   </div>
   <div class='ocr_carea' id='block_1_3' title="bbox 369 350 799 394">
    <p class='ocr_par' dir='ltr' id='par_1_3' title="bbox 369 350 799 394">
     <span class='ocr_line' id='line_1_3' title="bbox 369 350 799 394; baseline 0 -1"><span class='ocrx_word' id='word_1_9' title='bbox 369 351 594 394; x_wconf 83' lang='lat' dir='ltr'>Permutat</span> <span class='ocrx_word' id='word_1_10' title='bbox 618 350 764 393; x_wconf 84' lang='lat' dir='ltr'>vitreis</span> <span class='ocrx_word' id='word_1_11' title='bbox 791 367 799 393; x_wconf 91' lang='lat'><strong>:</strong></span> 
     </span>
    </p>
   </div>
   <div class='ocr_carea' id='block_1_4' title="bbox 828 350 1122 410">
    <p class='ocr_par' dir='ltr' id='par_1_4' title="bbox 828 350 1122 410">
     <span class='ocr_line' id='line_1_4' title="bbox 828 350 1122 410; baseline 0.003 -17"><span class='ocrx_word' id='word_1_12' title='bbox 828 350 945 410; x_wconf 91' lang='lat' dir='ltr'>quod</span> <span class='ocrx_word' id='word_1_13' title='bbox 975 351 1122 394; x_wconf 82' lang='lat' dir='ltr'>otiosae</span> 
     </span>
    </p>
   </div>
   <div class='ocr_carea' id='block_1_5' title="bbox 366 420 1569 837">
    <p class='ocr_par' dir='ltr' id='par_1_5' title="bbox 370 420 1256 481">
     <span class='ocr_line' id='line_1_5' title="bbox 370 420 1256 481; baseline 0.001 -17"><span class='ocrx_word' id='word_1_14' title='bbox 370 420 533 464; x_wconf 85' lang='lat' dir='ltr'>Vendit</span> <span class='ocrx_word' id='word_1_15' title='bbox 560 421 632 481; x_wconf 92' lang='lat' dir='ltr'>qui</span> <span class='ocrx_word' id='word_1_16' title='bbox 660 420 882 464; x_wconf 84' lang='lat' dir='ltr'>madidum</span> <span class='ocrx_word' id='word_1_17' title='bbox 915 422 1030 465; x_wconf 85' lang='lat' dir='ltr'>cicer</span> <span class='ocrx_word' id='word_1_18' title='bbox 1054 437 1256 465; x_wconf 81' lang='lat' dir='ltr'>coronae:</span> 
     </span>
    </p>

    <p class='ocr_par' dir='ltr' id='par_1_6' title="bbox 371 491 1302 553">
     <span class='ocr_line' id='line_1_6' title="bbox 371 491 1302 553; baseline 0 -18"><span class='ocrx_word' id='word_1_19' title='bbox 371 491 503 548; x_wconf 87' lang='lat' dir='ltr'>Quod</span> <span class='ocrx_word' id='word_1_20' title='bbox 534 501 680 535; x_wconf 80' lang='lat' dir='ltr'>custos</span> <span class='ocrx_word' id='word_1_21' title='bbox 710 491 999 552; x_wconf 86' lang='lat' dir='ltr'>dominusque</span> <span class='ocrx_word' id='word_1_22' title='bbox 1024 492 1272 553; x_wconf 78' lang='lat' dir='ltr'>viperarum</span> <span class='ocrx_word' id='word_1_23' title='bbox 1294 509 1302 535; x_wconf 90' lang='lat'>:</span> 
     </span>
    </p>

    <p class='ocr_par' dir='ltr' id='par_1_7' title="bbox 366 561 1102 623">
     <span class='ocr_line' id='line_1_7' title="bbox 366 561 1102 623; baseline 0.001 -18"><span class='ocrx_word' id='word_1_24' title='bbox 366 561 499 619; x_wconf 83' lang='lat' dir='ltr'>Quod</span> <span class='ocrx_word' id='word_1_25' title='bbox 524 561 629 606; x_wconf 86' lang='lat' dir='ltr'>viles</span> <span class='ocrx_word' id='word_1_26' title='bbox 658 564 782 623; x_wconf 88' lang='lat' dir='ltr'>pueri</span> <span class='ocrx_word' id='word_1_27' title='bbox 812 562 1066 607; x_wconf 87' lang='lat' dir='ltr'>salariorum</span> <span class='ocrx_word' id='word_1_28' title='bbox 1094 580 1102 606; x_wconf 75' lang='grc' dir='ltr'><strong><em>ε</em></strong></span> 
     </span>
    </p>

    <p class='ocr_par' dir='ltr' id='par_1_8' title="bbox 367 632 1237 694">
     <span class='ocr_line' id='line_1_8' title="bbox 367 632 1237 694; baseline 0 -18"><span class='ocrx_word' id='word_1_29' title='bbox 367 632 500 690; x_wconf 80' lang='lat' dir='ltr'>Quod</span> <span class='ocrx_word' id='word_1_30' title='bbox 526 633 738 677; x_wconf 77' lang='lat' dir='ltr'>fumantia</span> <span class='ocrx_word' id='word_1_31' title='bbox 766 634 839 694; x_wconf 92' lang='lat' dir='ltr'>qui</span> <span class='ocrx_word' id='word_1_32' title='bbox 865 632 1053 677; x_wconf 86' lang='lat' dir='ltr'>tomacla</span> <span class='ocrx_word' id='word_1_33' title='bbox 1079 649 1237 677; x_wconf 86' lang='lat' dir='ltr'>raucus</span> 
     </span>
    </p>

    <p class='ocr_par' dir='ltr' id='par_1_9' title="bbox 367 703 1569 837">
     <span class='ocr_line' id='line_1_9' title="bbox 369 703 1569 765; baseline -0.002 -18"><span class='ocrx_word' id='word_1_34' title='bbox 369 703 638 748; x_wconf 73' lang='lat' dir='ltr'>Circumfert</span> <span class='ocrx_word' id='word_1_35' title='bbox 668 704 821 765; x_wconf 79' lang='lat' dir='ltr'>tepidis</span> <span class='ocrx_word' id='word_1_36' title='bbox 850 720 1014 764; x_wconf 88' lang='lat' dir='ltr'>coquus</span> <span class='ocrx_word' id='word_1_37' title='bbox 1043 704 1214 765; x_wconf 88' lang='lat' dir='ltr'>popinis</span> <span class='ocrx_word' id='word_1_38' title='bbox 1239 721 1246 747; x_wconf 76' lang='grc' dir='ltr'>ε</span> <span class='ocrx_word' id='word_1_39' title='bbox 1539 731 1569 745; x_wconf 67' lang='lat'>10</span> 
     </span>
     <span class='ocr_line' id='line_1_10' title="bbox 367 774 1254 837; baseline -0.001 -19"><span class='ocrx_word' id='word_1_40' title='bbox 367 775 500 831; x_wconf 84' lang='lat' dir='ltr'>Quod</span> <span class='ocrx_word' id='word_1_41' title='bbox 530 791 618 819; x_wconf 87' lang='lat' dir='ltr'>non</span> <span class='ocrx_word' id='word_1_42' title='bbox 649 776 839 837; x_wconf 87' lang='lat' dir='ltr'>optimus</span> <span class='ocrx_word' id='word_1_43' title='bbox 867 774 1058 820; x_wconf 78' lang='lat' dir='ltr'>Urbicus</span> <span class='ocrx_word' id='word_1_44' title='bbox 1088 776 1221 819; x_wconf 83' lang='lat' dir='ltr'>Poeta</span> <span class='ocrx_word' id='word_1_45' title='bbox 1246 791 1254 817; x_wconf 89' lang='lat'>:</span> 
     </span>
    </p>
   </div>
   <div class='ocr_carea' id='block_1_6' title="bbox 157 911 838 2653">
    <p class='ocr_par' dir='ltr' id='par_1_10' title="bbox 157 911 835 1749">
     <span class='ocr_line' id='line_1_11' title="bbox 157 911 832 957; baseline 0.003 -12"><span class='ocrx_word' id='word_1_46' title='bbox 157 911 286 957; x_wconf 85' lang='lat' dir='ltr'>pando.</span> <span class='ocrx_word' id='word_1_47' title='bbox 308 935 359 939; x_wconf 82' lang='lat'>—-</span> <span class='ocrx_word' id='word_1_48' title='bbox 375 914 406 946; x_wconf 92' lang='lat' dir='ltr'><em>T</em></span> <span class='ocrx_word' id='word_1_49' title='bbox 405 915 626 947; x_wconf 74' lang='lat' dir='ltr'>ram-tiberinus</span> <span class='ocrx_word' id='word_1_50' title='bbox 645 915 832 948; x_wconf 75' lang='lat' dir='ltr'>ambulator.</span> 
     </span>
     <span class='ocr_line' id='line_1_12' title="bbox 159 966 833 1013; baseline 0.003 -15"><span class='ocrx_word' id='word_1_51' title='bbox 159 966 200 998; x_wconf 89' lang='lat' dir='ltr'>In</span> <span class='ocrx_word' id='word_1_52' title='bbox 215 978 253 999; x_wconf 86' lang='lat' dir='ltr'>ca</span> <span class='ocrx_word' id='word_1_53' title='bbox 266 974 364 1011; x_wconf 86' lang='lat' dir='ltr'>parte</span> <span class='ocrx_word' id='word_1_54' title='bbox 374 967 482 1001; x_wconf 81' lang='lat' dir='ltr'><strong>Urbis</strong></span> <span class='ocrx_word' id='word_1_55' title='bbox 494 994 503 1009; x_wconf 89' lang='lat'>‚</span> <span class='ocrx_word' id='word_1_56' title='bbox 517 980 595 1013; x_wconf 64' lang='lat' dir='ltr'>quae</span> <span class='ocrx_word' id='word_1_57' title='bbox 614 976 708 1002; x_wconf 83' lang='lat' dir='ltr'>trans</span> <span class='ocrx_word' id='word_1_58' title='bbox 727 968 833 1001; x_wconf 83' lang='lat' dir='ltr'>Tibe-</span> 
     </span>
     <span class='ocr_line' id='line_1_13' title="bbox 157 1019 833 1063; baseline 0.004 -12"><span class='ocrx_word' id='word_1_59' title='bbox 157 1019 224 1051; x_wconf 89' lang='lat' dir='ltr'>rim</span> <span class='ocrx_word' id='word_1_60' title='bbox 243 1028 335 1061; x_wconf 86' lang='lat' dir='ltr'>erat,</span> <span class='ocrx_word' id='word_1_61' title='bbox 353 1020 559 1054; x_wconf 74' lang='lat' dir='ltr'>habitabant</span> <span class='ocrx_word' id='word_1_62' title='bbox 575 1020 691 1054; x_wconf 77' lang='lat' dir='ltr'>Judaei</span> <span class='ocrx_word' id='word_1_63' title='bbox 705 1047 714 1063; x_wconf 90' lang='lat'>‚</span> <span class='ocrx_word' id='word_1_64' title='bbox 731 1020 833 1054; x_wconf 85' lang='lat' dir='ltr'>vilio-</span> 
     </span>
     <span class='ocr_line' id='line_1_14' title="bbox 158 1074 835 1119; baseline 0.003 -15"><span class='ocrx_word' id='word_1_65' title='bbox 158 1084 213 1104; x_wconf 86' lang='lat' dir='ltr'>res</span> <span class='ocrx_word' id='word_1_66' title='bbox 244 1085 419 1117; x_wconf 82' lang='lat' dir='ltr'>personae,</span> <span class='ocrx_word' id='word_1_67' title='bbox 444 1083 477 1108; x_wconf 88' lang='lat' dir='ltr'>et</span> <span class='ocrx_word' id='word_1_68' title='bbox 502 1082 623 1108; x_wconf 75' lang='lat' dir='ltr'>caetera</span> <span class='ocrx_word' id='word_1_69' title='bbox 651 1074 835 1119; x_wconf 77' lang='lat' dir='ltr'>plebecula</span> 
     </span>
     <span class='ocr_line' id='line_1_15' title="bbox 158 1125 831 1169; baseline 0.004 -12"><span class='ocrx_word' id='word_1_70' title='bbox 158 1136 238 1169; x_wconf 83' lang='lat' dir='ltr'>quae</span> <span class='ocrx_word' id='word_1_71' title='bbox 259 1125 506 1160; x_wconf 78' lang='lat' dir='ltr'>sordidissimis</span> <span class='ocrx_word' id='word_1_72' title='bbox 527 1127 705 1160; x_wconf 71' lang='lat' dir='ltr'>victitabat</span> <span class='ocrx_word' id='word_1_73' title='bbox 727 1127 831 1160; x_wconf 87' lang='lat' dir='ltr'>servi-</span> 
     </span>
     <span class='ocr_line' id='line_1_16' title="bbox 158 1177 834 1225; baseline 0.004 -15"><span class='ocrx_word' id='word_1_74' title='bbox 158 1177 226 1211; x_wconf 78' lang='lat' dir='ltr'>tiis.</span> <span class='ocrx_word' id='word_1_75' title='bbox 245 1178 317 1212; x_wconf 90' lang='lat' dir='ltr'>Cic.</span> <span class='ocrx_word' id='word_1_76' title='bbox 335 1180 405 1212; x_wconf 91' lang='lat' dir='ltr'>XII</span> <span class='ocrx_word' id='word_1_77' title='bbox 422 1180 529 1213; x_wconf 84' lang='lat' dir='ltr'>Attic·</span> <span class='ocrx_word' id='word_1_78' title='bbox 549 1185 605 1214; x_wconf 77' lang='lat'>23.</span> <span class='ocrx_word' id='word_1_79' title='bbox 623 1180 717 1214; x_wconf 89' lang='lat' dir='ltr'>Olim</span> <span class='ocrx_word' id='word_1_80' title='bbox 738 1179 834 1225; x_wconf 87' lang='lat' dir='ltr'>apud</span> 
     </span>
     <span class='ocr_line' id='line_1_17' title="bbox 158 1231 832 1278; baseline 0.003 -15"><span class='ocrx_word' id='word_1_81' title='bbox 158 1231 332 1264; x_wconf 85' lang='lat' dir='ltr'>Romanos</span> <span class='ocrx_word' id='word_1_82' title='bbox 343 1231 456 1266; x_wconf 84' lang='lat' dir='ltr'>Judaei</span> <span class='ocrx_word' id='word_1_83' title='bbox 475 1233 668 1278; x_wconf 75' lang='lat' dir='ltr'>praecipue,</span> <span class='ocrx_word' id='word_1_84' title='bbox 683 1233 832 1266; x_wconf 86' lang='lat' dir='ltr'>circum-</span> 
     </span>
     <span class='ocr_line' id='line_1_18' title="bbox 159 1286 832 1329; baseline 0.003 -13"><span class='ocrx_word' id='word_1_85' title='bbox 159 1292 279 1317; x_wconf 88' lang='lat' dir='ltr'>euntes</span> <span class='ocrx_word' id='word_1_86' title='bbox 301 1297 365 1329; x_wconf 82' lang='lat' dir='ltr'>per</span> <span class='ocrx_word' id='word_1_87' title='bbox 386 1286 527 1326; x_wconf 75' lang='lat' dir='ltr'>urbem,</span> <span class='ocrx_word' id='word_1_88' title='bbox 547 1286 742 1319; x_wconf 83' lang='lat' dir='ltr'>offerebant</span> <span class='ocrx_word' id='word_1_89' title='bbox 762 1287 832 1319; x_wconf 92' lang='lat' dir='ltr'>sul-</span> 
     </span>
     <span class='ocr_line' id='line_1_19' title="bbox 157 1336 833 1384; baseline 0.007 -16"><span class='ocrx_word' id='word_1_90' title='bbox 157 1336 268 1370; x_wconf 82' lang='lat' dir='ltr'>furata</span> <span class='ocrx_word' id='word_1_91' title='bbox 280 1362 289 1378; x_wconf 91' lang='lat'><strong>‚</strong></span> <span class='ocrx_word' id='word_1_92' title='bbox 306 1338 427 1382; x_wconf 83' lang='lat' dir='ltr'>gallice</span> <span class='ocrx_word' id='word_1_93' title='bbox 446 1339 499 1371; x_wconf 77' lang='lat' dir='ltr'>cles</span> <span class='ocrx_word' id='word_1_94' title='bbox 515 1339 705 1379; x_wconf 58' lang='lat' dir='ltr'>ullusnettes,</span> <span class='ocrx_word' id='word_1_95' title='bbox 716 1347 753 1372; x_wconf 91' lang='lat' dir='ltr'>ut</span> <span class='ocrx_word' id='word_1_96' title='bbox 768 1352 833 1384; x_wconf 88' lang='lat' dir='ltr'>pro</span> 
     </span>
     <span class='ocr_line' id='line_1_20' title="bbox 158 1389 834 1436; baseline 0.006 -14"><span class='ocrx_word' id='word_1_97' title='bbox 158 1389 224 1423; x_wconf 77' lang='lat' dir='ltr'>illis</span> <span class='ocrx_word' id='word_1_98' title='bbox 241 1390 349 1423; x_wconf 88' lang='lat' dir='ltr'>vitrea</span> <span class='ocrx_word' id='word_1_99' title='bbox 369 1392 476 1424; x_wconf 87' lang='lat' dir='ltr'>fracta</span> <span class='ocrx_word' id='word_1_100' title='bbox 494 1391 702 1436; x_wconf 83' lang='lat' dir='ltr'>reciperent.</span> <span class='ocrx_word' id='word_1_101' title='bbox 713 1393 757 1426; x_wconf 90' lang='lat' dir='ltr'>Et</span> <span class='ocrx_word' id='word_1_102' title='bbox 772 1393 834 1425; x_wconf 76' lang='lat' dir='ltr'>ho—</span> 
     </span>
     <span class='ocr_line' id='line_1_21' title="bbox 158 1441 833 1490; baseline 0.006 -16"><span class='ocrx_word' id='word_1_103' title='bbox 158 1441 216 1475; x_wconf 88' lang='lat' dir='ltr'>die</span> <span class='ocrx_word' id='word_1_104' title='bbox 244 1444 362 1477; x_wconf 88' lang='lat' dir='ltr'>Romae</span> <span class='ocrx_word' id='word_1_105' title='bbox 383 1445 486 1477; x_wconf 87' lang='lat' dir='ltr'>multi</span> <span class='ocrx_word' id='word_1_106' title='bbox 506 1458 546 1478; x_wconf 76' lang='lat' dir='ltr'>ex</span> <span class='ocrx_word' id='word_1_107' title='bbox 570 1457 610 1477; x_wconf 88' lang='lat' dir='ltr'>eo</span> <span class='ocrx_word' id='word_1_108' title='bbox 633 1457 760 1490; x_wconf 85' lang='lat' dir='ltr'>genere</span> <span class='ocrx_word' id='word_1_109' title='bbox 785 1445 833 1479; x_wconf 90' lang='lat' dir='ltr'>sic</span> 
     </span>
     <span class='ocr_line' id='line_1_22' title="bbox 158 1495 832 1532; baseline 0.006 -4"><span class='ocrx_word' id='word_1_110' title='bbox 158 1495 264 1529; x_wconf 83' lang='lat' dir='ltr'>vitam</span> <span class='ocrx_word' id='word_1_111' title='bbox 278 1496 438 1530; x_wconf 87' lang='lat' dir='ltr'>tolerant.</span> <span class='ocrx_word' id='word_1_112' title='bbox 458 1499 510 1530; x_wconf 81' lang='lat' dir='ltr'>De.</span> <span class='ocrx_word' id='word_1_113' title='bbox 526 1510 624 1531; x_wconf 87' lang='lat' dir='ltr'>more</span> <span class='ocrx_word' id='word_1_114' title='bbox 640 1506 756 1532; x_wconf 82' lang='lat' dir='ltr'>autem</span> <span class='ocrx_word' id='word_1_115' title='bbox 774 1511 832 1532; x_wconf 92' lang='lat' dir='ltr'>ve-</span> 
     </span>
     <span class='ocr_line' id='line_1_23' title="bbox 159 1548 833 1585; baseline 0.006 -4"><span class='ocrx_word' id='word_1_116' title='bbox 159 1548 223 1581; x_wconf 87' lang='lat' dir='ltr'>teri</span> <span class='ocrx_word' id='word_1_117' title='bbox 244 1548 449 1583; x_wconf 85' lang='lat' dir='ltr'>adducenda</span> <span class='ocrx_word' id='word_1_118' title='bbox 462 1559 545 1584; x_wconf 90' lang='lat' dir='ltr'>sunt</span> <span class='ocrx_word' id='word_1_119' title='bbox 560 1551 757 1585; x_wconf 86' lang='lat' dir='ltr'>testimonia</span> <span class='ocrx_word' id='word_1_120' title='bbox 768 1552 833 1585; x_wconf 90' lang='lat' dir='ltr'>Ju-</span> 
     </span>
     <span class='ocr_line' id='line_1_24' title="bbox 158 1601 833 1648; baseline 0.004 -13"><span class='ocrx_word' id='word_1_121' title='bbox 158 1601 287 1635; x_wconf 84' lang='lat' dir='ltr'>venalis</span> <span class='ocrx_word' id='word_1_122' title='bbox 299 1626 308 1642; x_wconf 91' lang='lat'>‚</span> <span class='ocrx_word' id='word_1_123' title='bbox 330 1604 429 1648; x_wconf 87' lang='lat' dir='ltr'>cujus</span> <span class='ocrx_word' id='word_1_124' title='bbox 443 1603 595 1637; x_wconf 81' lang='lat' dir='ltr'>carmina</span> <span class='ocrx_word' id='word_1_125' title='bbox 611 1605 767 1638; x_wconf 90' lang='lat' dir='ltr'>continet</span> <span class='ocrx_word' id='word_1_126' title='bbox 780 1618 833 1638; x_wconf 85' lang='lat' dir='ltr'>se-</span> 
     </span>
     <span class='ocr_line' id='line_1_25' title="bbox 159 1657 830 1704; baseline 0.006 -17"><span class='ocrx_word' id='word_1_127' title='bbox 159 1666 272 1699; x_wconf 86' lang='lat' dir='ltr'>quens</span> <span class='ocrx_word' id='word_1_128' title='bbox 294 1662 396 1695; x_wconf 80' lang='lat' dir='ltr'>nota3</span> <span class='ocrx_word' id='word_1_129' title='bbox 418 1665 452 1690; x_wconf 89' lang='lat' dir='ltr'>et</span> <span class='ocrx_word' id='word_1_130' title='bbox 472 1657 592 1691; x_wconf 85' lang='lat' dir='ltr'>Nostri</span> <span class='ocrx_word' id='word_1_131' title='bbox 612 1658 700 1697; x_wconf 92' lang='lat' dir='ltr'>XII,</span> <span class='ocrx_word' id='word_1_132' title='bbox 723 1658 830 1704; x_wconf 86' lang='lat' dir='ltr'>epigr.</span> 
     </span>
     <span class='ocr_line' id='line_1_26' title="bbox 161 1709 411 1749; baseline 0.008 -9"><span class='ocrx_word' id='word_1_133' title='bbox 161 1719 238 1740; x_wconf 75' lang='lat' dir='ltr'>Lvn</span> <span class='ocrx_word' id='word_1_134' title='bbox 250 1733 259 1748; x_wconf 89' lang='lat'>‚</span> <span class='ocrx_word' id='word_1_135' title='bbox 279 1720 291 1741; x_wconf 93' lang='lat'>1</span> <span class='ocrx_word' id='word_1_136' title='bbox 303 1713 335 1749; x_wconf 71' lang='grc'>4.</span> <span class='ocrx_word' id='word_1_137' title='bbox 345 1709 411 1742; x_wconf 84' lang='lat' dir='ltr'>En.</span> 
     </span>
    </p>

    <p class='ocr_par' dir='ltr' id='par_1_11' title="bbox 159 1761 837 2219">
     <span class='ocr_line' id='line_1_27' title="bbox 216 1761 831 1806; baseline 0.007 -13"><span class='ocrx_word' id='word_1_138' title='bbox 216 1764 250 1800; x_wconf 76' lang='grc'>4.</span> <span class='ocrx_word' id='word_1_139' title='bbox 276 1761 454 1804; x_wconf 75' lang='lat' dir='ltr'>Sulfurata.</span> <span class='ocrx_word' id='word_1_140' title='bbox 481 1763 614 1797; x_wconf 83' lang='lat' dir='ltr'>Gallice</span> <span class='ocrx_word' id='word_1_141' title='bbox 637 1764 831 1806; x_wconf 75' lang='lat' dir='ltr'>allmnettes,</span> 
     </span>
     <span class='ocr_line' id='line_1_28' title="bbox 160 1814 835 1861; baseline 0.006 -15"><span class='ocrx_word' id='word_1_142' title='bbox 160 1825 236 1858; x_wconf 85' lang='lat' dir='ltr'>quae</span> <span class='ocrx_word' id='word_1_143' title='bbox 254 1814 375 1848; x_wconf 87' lang='lat' dir='ltr'>vitreis</span> <span class='ocrx_word' id='word_1_144' title='bbox 398 1815 601 1861; x_wconf 84' lang='lat' dir='ltr'>fragmentis</span> <span class='ocrx_word' id='word_1_145' title='bbox 623 1818 835 1850; x_wconf 84' lang='lat' dir='ltr'>commutari</span> 
     </span>
     <span class='ocr_line' id='line_1_29' title="bbox 159 1866 835 1912; baseline 0.004 -13"><span class='ocrx_word' id='word_1_146' title='bbox 159 1866 270 1900; x_wconf 90' lang='lat' dir='ltr'>solere</span> <span class='ocrx_word' id='word_1_147' title='bbox 279 1866 382 1901; x_wconf 90' lang='lat' dir='ltr'>docet</span> <span class='ocrx_word' id='word_1_148' title='bbox 394 1869 497 1902; x_wconf 89' lang='lat' dir='ltr'>etiam</span> <span class='ocrx_word' id='word_1_149' title='bbox 511 1870 709 1911; x_wconf 77' lang='lat' dir='ltr'>Juvenalis,</span> <span class='ocrx_word' id='word_1_150' title='bbox 721 1871 835 1912; x_wconf 77' lang='lat' dir='ltr'>sat.V,</span> 
     </span>
     <span class='ocr_line' id='line_1_30' title="bbox 164 1919 836 1968; baseline 0.007 -17"><span class='ocrx_word' id='word_1_151' title='bbox 164 1921 209 1959; x_wconf 66' lang='lat'>46</span> <span class='ocrx_word' id='word_1_152' title='bbox 223 1931 231 1952; x_wconf 87' lang='lat'>:</span> <span class='ocrx_word' id='word_1_153' title='bbox 247 1936 260 1949; x_wconf 72' lang='grc' dir='ltr'>ιι</span> <span class='ocrx_word' id='word_1_154' title='bbox 269 1919 418 1955; x_wconf 86' lang='lat' dir='ltr'>Siccabis</span> <span class='ocrx_word' id='word_1_155' title='bbox 431 1922 570 1956; x_wconf 83' lang='lat' dir='ltr'>calicem</span> <span class='ocrx_word' id='word_1_156' title='bbox 583 1935 745 1956; x_wconf 69' lang='lat' dir='ltr'>nasorum</span> <span class='ocrx_word' id='word_1_157' title='bbox 756 1936 836 1968; x_wconf 84' lang='lat' dir='ltr'>qua-</span> 
     </span>
     <span class='ocr_line' id='line_1_31' title="bbox 161 1975 834 2022; baseline 0.007 -19"><span class='ocrx_word' id='word_1_158' title='bbox 161 1979 258 2013; x_wconf 82' lang='lat' dir='ltr'>tuor,</span> <span class='ocrx_word' id='word_1_159' title='bbox 279 1984 317 2006; x_wconf 86' lang='lat' dir='ltr'>ac</span> <span class='ocrx_word' id='word_1_160' title='bbox 336 1975 406 2019; x_wconf 87' lang='lat' dir='ltr'>jam</span> <span class='ocrx_word' id='word_1_161' title='bbox 426 1976 652 2017; x_wconf 85' lang='lat' dir='ltr'>Quassatum,</span> <span class='ocrx_word' id='word_1_162' title='bbox 675 1985 708 2009; x_wconf 91' lang='lat' dir='ltr'>et</span> <span class='ocrx_word' id='word_1_163' title='bbox 728 1984 834 2022; x_wconf 86' lang='lat' dir='ltr'>rupto</span> 
     </span>
     <span class='ocr_line' id='line_1_32' title="bbox 159 2027 834 2070; baseline 0.007 -13"><span class='ocrx_word' id='word_1_164' title='bbox 159 2033 358 2069; x_wconf 88' lang='lat' dir='ltr'>poscentem</span> <span class='ocrx_word' id='word_1_165' title='bbox 372 2027 503 2061; x_wconf 82' lang='lat' dir='ltr'>sulfura</span> <span class='ocrx_word' id='word_1_166' title='bbox 516 2028 620 2062; x_wconf 87' lang='lat' dir='ltr'>vitro.</span> <span class='ocrx_word' id='word_1_167' title='bbox 631 2029 695 2062; x_wconf 70' lang='lat' dir='ltr'>»Et</span> <span class='ocrx_word' id='word_1_168' title='bbox 711 2029 772 2062; x_wconf 86' lang='lat' dir='ltr'>lib.</span> <span class='ocrx_word' id='word_1_169' title='bbox 784 2030 816 2062; x_wconf 88' lang='lat' dir='ltr'>X</span> <span class='ocrx_word' id='word_1_170' title='bbox 826 2056 834 2070; x_wconf 93' lang='lat'>‚</span> 
     </span>
     <span class='ocr_line' id='line_1_33' title="bbox 162 2079 836 2123; baseline 0.009 -14"><span class='ocrx_word' id='word_1_171' title='bbox 162 2079 270 2123; x_wconf 88' lang='lat' dir='ltr'>epigr.</span> <span class='ocrx_word' id='word_1_172' title='bbox 283 2091 380 2120; x_wconf 78' lang='lat' dir='ltr'>111,v.</span> <span class='ocrx_word' id='word_1_173' title='bbox 396 2081 414 2113; x_wconf 80' lang='lat'>3</span> <span class='ocrx_word' id='word_1_174' title='bbox 429 2093 436 2114; x_wconf 94' lang='lat'><strong>:</strong></span> <span class='ocrx_word' id='word_1_175' title='bbox 452 2082 559 2122; x_wconf 79' lang='lat' dir='ltr'>«Quae</span> <span class='ocrx_word' id='word_1_176' title='bbox 567 2082 737 2115; x_wconf 83' lang='lat' dir='ltr'>sulfurato</span> <span class='ocrx_word' id='word_1_177' title='bbox 747 2082 836 2115; x_wconf 84' lang='lat' dir='ltr'>nolit</span> 
     </span>
     <span class='ocr_line' id='line_1_34' title="bbox 161 2134 837 2180; baseline 0.01 -19"><span class='ocrx_word' id='word_1_178' title='bbox 161 2138 277 2176; x_wconf 79' lang='lat' dir='ltr'>empta</span> <span class='ocrx_word' id='word_1_179' title='bbox 296 2141 453 2166; x_wconf 88' lang='lat' dir='ltr'>ramento</span> <span class='ocrx_word' id='word_1_180' title='bbox 473 2134 698 2167; x_wconf 84' lang='lat' dir='ltr'>Vatiniorum</span> <span class='ocrx_word' id='word_1_181' title='bbox 715 2147 837 2180; x_wconf 80' lang='lat' dir='ltr'>proxe-</span> 
     </span>
     <span class='ocr_line' id='line_1_35' title="bbox 161 2184 494 2219; baseline 0.003 -4"><span class='ocrx_word' id='word_1_182' title='bbox 161 2191 241 2216; x_wconf 87' lang='lat' dir='ltr'>neta</span> <span class='ocrx_word' id='word_1_183' title='bbox 260 2184 460 2219; x_wconf 83' lang='lat' dir='ltr'>fractorum.</span> <span class='ocrx_word' id='word_1_184' title='bbox 481 2204 494 2216; x_wconf 78' lang='lat'><strong>»</strong></span> 
     </span>
    </p>

    <p class='ocr_par' dir='ltr' id='par_1_12' title="bbox 161 2236 837 2430">
     <span class='ocr_line' id='line_1_36' title="bbox 217 2236 836 2284; baseline 0.006 -15"><span class='ocrx_word' id='word_1_185' title='bbox 217 2236 250 2269; x_wconf 85' lang='lat'>5.</span> <span class='ocrx_word' id='word_1_186' title='bbox 267 2237 398 2271; x_wconf 75' lang='lat' dir='ltr'>Otiosae.</span> <span class='ocrx_word' id='word_1_187' title='bbox 414 2239 484 2279; x_wconf 88' lang='lat' dir='ltr'>Qui</span> <span class='ocrx_word' id='word_1_188' title='bbox 499 2239 687 2284; x_wconf 74' lang='lat' dir='ltr'>plebeculae</span> <span class='ocrx_word' id='word_1_189' title='bbox 697 2240 836 2281; x_wconf 78' lang='lat' dir='ltr'>feriatae,</span> 
     </span>
     <span class='ocr_line' id='line_1_37' title="bbox 163 2288 837 2336; baseline 0.004 -14"><span class='ocrx_word' id='word_1_190' title='bbox 163 2288 266 2322; x_wconf 90' lang='lat' dir='ltr'>Circo</span> <span class='ocrx_word' id='word_1_191' title='bbox 284 2302 464 2336; x_wconf 82' lang='lat' dir='ltr'>scenaeque</span> <span class='ocrx_word' id='word_1_192' title='bbox 481 2292 616 2325; x_wconf 85' lang='lat' dir='ltr'>vacanti</span> <span class='ocrx_word' id='word_1_193' title='bbox 634 2301 667 2325; x_wconf 83' lang='lat' dir='ltr'>et</span> <span class='ocrx_word' id='word_1_194' title='bbox 681 2292 765 2325; x_wconf 88' lang='lat' dir='ltr'>duas</span> <span class='ocrx_word' id='word_1_195' title='bbox 783 2305 837 2325; x_wconf 81' lang='lat' dir='ltr'>res</span> 
     </span>
     <span class='ocr_line' id='line_1_38' title="bbox 162 2342 836 2387; baseline 0.006 -13"><span class='ocrx_word' id='word_1_196' title='bbox 162 2342 264 2374; x_wconf 79' lang='lat' dir='ltr'>anxie</span> <span class='ocrx_word' id='word_1_197' title='bbox 281 2343 416 2387; x_wconf 84' lang='lat' dir='ltr'>optanti</span> <span class='ocrx_word' id='word_1_198' title='bbox 429 2369 437 2384; x_wconf 65' lang='lat'><em>7</em></span> <span class='ocrx_word' id='word_1_199' title='bbox 454 2344 583 2377; x_wconf 78' lang='lat' dir='ltr'>Panem</span> <span class='ocrx_word' id='word_1_200' title='bbox 598 2353 630 2377; x_wconf 86' lang='lat' dir='ltr'>et</span> <span class='ocrx_word' id='word_1_201' title='bbox 643 2345 836 2386; x_wconf 81' lang='lat' dir='ltr'>Circenses,</span> 
     </span>
     <span class='ocr_line' id='line_1_39' title="bbox 161 2395 672 2430; baseline 0.006 -3"><span class='ocrx_word' id='word_1_202' title='bbox 161 2395 252 2428; x_wconf 91' lang='lat' dir='ltr'>cicer</span> <span class='ocrx_word' id='word_1_203' title='bbox 273 2404 484 2429; x_wconf 81' lang='lat' dir='ltr'>maceratum</span> <span class='ocrx_word' id='word_1_204' title='bbox 504 2396 672 2430; x_wconf 75' lang='lat' dir='ltr'>venditat.</span> 
     </span>
    </p>

    <p class='ocr_par' dir='ltr' id='par_1_13' title="bbox 162 2449 838 2600">
     <span class='ocr_line' id='line_1_40' title="bbox 217 2449 836 2488; baseline 0.003 -8"><span class='ocrx_word' id='word_1_205' title='bbox 217 2450 250 2480; x_wconf 87' lang='lat'>6.</span> <span class='ocrx_word' id='word_1_206' title='bbox 275 2449 443 2481; x_wconf 65' lang='lat' dir='ltr'>Bladislzcm</span> <span class='ocrx_word' id='word_1_207' title='bbox 463 2452 552 2483; x_wconf 75' lang='lat' dir='ltr'>cicer.</span> <span class='ocrx_word' id='word_1_208' title='bbox 570 2450 645 2482; x_wconf 89' lang='lat' dir='ltr'>Hoc</span> <span class='ocrx_word' id='word_1_209' title='bbox 668 2458 736 2488; x_wconf 83' lang='lat' dir='ltr'>est,</span> <span class='ocrx_word' id='word_1_210' title='bbox 759 2462 836 2482; x_wconf 89' lang='lat' dir='ltr'>cru-</span> 
     </span>
     <span class='ocr_line' id='line_1_41' title="bbox 163 2498 838 2548; baseline 0.004 -16"><span class='ocrx_word' id='word_1_211' title='bbox 163 2498 251 2532; x_wconf 88' lang='lat' dir='ltr'>dum</span> <span class='ocrx_word' id='word_1_212' title='bbox 272 2509 306 2534; x_wconf 83' lang='lat' dir='ltr'>et</span> <span class='ocrx_word' id='word_1_213' title='bbox 334 2514 421 2548; x_wconf 84' lang='lat' dir='ltr'>aqua</span> <span class='ocrx_word' id='word_1_214' title='bbox 444 2511 678 2545; x_wconf 84' lang='lat' dir='ltr'>maceratum,</span> <span class='ocrx_word' id='word_1_215' title='bbox 699 2515 769 2547; x_wconf 89' lang='lat' dir='ltr'>quo</span> <span class='ocrx_word' id='word_1_216' title='bbox 789 2503 838 2535; x_wconf 84' lang='lat' dir='ltr'>fa-</span> 
     </span>
     <span class='ocr_line' id='line_1_42' title="bbox 162 2553 464 2600; baseline 0.017 -16"><span class='ocrx_word' id='word_1_217' title='bbox 162 2553 262 2586; x_wconf 85' lang='lat' dir='ltr'>cilius</span> <span class='ocrx_word' id='word_1_218' title='bbox 283 2564 464 2600; x_wconf 81' lang='lat' dir='ltr'>coquatur.</span> 
     </span>
    </p>

    <p class='ocr_par' dir='ltr' id='par_1_14' title="bbox 218 2607 837 2653">
     <span class='ocr_line' id='line_1_43' title="bbox 218 2607 837 2653; baseline 0.002 -14"><span class='ocrx_word' id='word_1_219' title='bbox 218 2619 251 2650; x_wconf 84' lang='lat'>7.</span> <span class='ocrx_word' id='word_1_220' title='bbox 276 2607 372 2651; x_wconf 77' lang='lat' dir='ltr'>Quod</span> <span class='ocrx_word' id='word_1_221' title='bbox 385 2617 497 2641; x_wconf 70' lang='lat' dir='ltr'>custos.</span> <span class='ocrx_word' id='word_1_222' title='bbox 524 2609 755 2653; x_wconf 67' lang='lat' dir='ltr'>Pi‘aestigiator</span> <span class='ocrx_word' id='word_1_223' title='bbox 779 2609 837 2653; x_wconf 85' lang='lat' dir='ltr'>qui</span> 
     </span>
    </p>
   </div>
   <div class='ocr_carea' id='block_1_7' title="bbox 891 913 1574 2653">
    <p class='ocr_par' dir='ltr' id='par_1_15' title="bbox 891 913 1572 1383">
     <span class='ocr_line' id='line_1_44' title="bbox 891 913 1572 959; baseline 0.001 -12"><span class='ocrx_word' id='word_1_224' title='bbox 891 914 984 948; x_wconf 88' lang='lat' dir='ltr'>collo</span> <span class='ocrx_word' id='word_1_225' title='bbox 1004 923 1037 948; x_wconf 88' lang='lat' dir='ltr'>et</span> <span class='ocrx_word' id='word_1_226' title='bbox 1057 913 1207 947; x_wconf 85' lang='lat' dir='ltr'>brachiis</span> <span class='ocrx_word' id='word_1_227' title='bbox 1224 913 1409 959; x_wconf 83' lang='lat' dir='ltr'>implicitas</span> <span class='ocrx_word' id='word_1_228' title='bbox 1425 913 1572 948; x_wconf 85' lang='lat' dir='ltr'>circum-</span> 
     </span>
     <span class='ocr_line' id='line_1_45' title="bbox 891 967 1572 1013; baseline 0.001 -13"><span class='ocrx_word' id='word_1_229' title='bbox 891 967 1024 1002; x_wconf 87' lang='lat' dir='ltr'>ferebat</span> <span class='ocrx_word' id='word_1_230' title='bbox 1034 967 1170 1013; x_wconf 86' lang='lat' dir='ltr'>viperas</span> <span class='ocrx_word' id='word_1_231' title='bbox 1180 992 1188 1008; x_wconf 86' lang='lat'>‚</span> <span class='ocrx_word' id='word_1_232' title='bbox 1201 967 1299 1012; x_wconf 80' lang='lat' dir='ltr'>quasi</span> <span class='ocrx_word' id='word_1_233' title='bbox 1310 967 1499 1001; x_wconf 82' lang='lat' dir='ltr'>incantatas</span> <span class='ocrx_word' id='word_1_234' title='bbox 1509 994 1518 1010; x_wconf 85' lang='lat'><strong><em>‚</em></strong></span> <span class='ocrx_word' id='word_1_235' title='bbox 1532 976 1572 1002; x_wconf 85' lang='lat' dir='ltr'>ut</span> 
     </span>
     <span class='ocr_line' id='line_1_46' title="bbox 892 1019 1571 1054; baseline 0.001 -1"><span class='ocrx_word' id='word_1_236' title='bbox 892 1020 1045 1054; x_wconf 82' lang='lat' dir='ltr'>innoxiae</span> <span class='ocrx_word' id='word_1_237' title='bbox 1075 1029 1189 1053; x_wconf 85' lang='lat' dir='ltr'>essent</span> <span class='ocrx_word' id='word_1_238' title='bbox 1213 1031 1222 1053; x_wconf 73' lang='grc' dir='ltr'>ε</span> <span class='ocrx_word' id='word_1_239' title='bbox 1244 1020 1299 1053; x_wconf 81' lang='lat' dir='ltr'>vel</span> <span class='ocrx_word' id='word_1_240' title='bbox 1321 1019 1485 1054; x_wconf 83' lang='lat' dir='ltr'>adversus</span> <span class='ocrx_word' id='word_1_241' title='bbox 1506 1034 1571 1054; x_wconf 90' lang='lat' dir='ltr'>no-</span> 
     </span>
     <span class='ocr_line' id='line_1_47' title="bbox 892 1073 1571 1108; baseline 0.003 -2"><span class='ocrx_word' id='word_1_242' title='bbox 892 1073 1029 1107; x_wconf 83' lang='lat' dir='ltr'>xiarum</span> <span class='ocrx_word' id='word_1_243' title='bbox 1046 1074 1199 1107; x_wconf 86' lang='lat' dir='ltr'>ferarum</span> <span class='ocrx_word' id='word_1_244' title='bbox 1212 1085 1349 1106; x_wconf 88' lang='lat' dir='ltr'>morsus</span> <span class='ocrx_word' id='word_1_245' title='bbox 1368 1086 1402 1107; x_wconf 92' lang='lat' dir='ltr'>se</span> <span class='ocrx_word' id='word_1_246' title='bbox 1419 1073 1571 1108; x_wconf 83' lang='lat' dir='ltr'>medica-</span> 
     </span>
     <span class='ocr_line' id='line_1_48' title="bbox 892 1126 1570 1166; baseline 0.004 -8"><span class='ocrx_word' id='word_1_247' title='bbox 892 1127 1018 1160; x_wconf 83' lang='lat' dir='ltr'>mentis</span> <span class='ocrx_word' id='word_1_248' title='bbox 1027 1126 1201 1159; x_wconf 85' lang='lat' dir='ltr'>munierat</span> <span class='ocrx_word' id='word_1_249' title='bbox 1220 1135 1420 1166; x_wconf 84' lang='lat' dir='ltr'>sanaratve‚</span> <span class='ocrx_word' id='word_1_250' title='bbox 1440 1135 1478 1160; x_wconf 93' lang='lat' dir='ltr'>ut</span> <span class='ocrx_word' id='word_1_251' title='bbox 1495 1127 1570 1161; x_wconf 84' lang='lat' dir='ltr'>the-</span> 
     </span>
     <span class='ocr_line' id='line_1_49' title="bbox 892 1179 1570 1225; baseline 0.001 -13"><span class='ocrx_word' id='word_1_252' title='bbox 892 1179 993 1212; x_wconf 85' lang='lat' dir='ltr'>riacis</span> <span class='ocrx_word' id='word_1_253' title='bbox 1005 1188 1038 1212; x_wconf 88' lang='lat' dir='ltr'>et</span> <span class='ocrx_word' id='word_1_254' title='bbox 1050 1179 1337 1224; x_wconf 86' lang='lat' dir='ltr'>alexipharmacis</span> <span class='ocrx_word' id='word_1_255' title='bbox 1349 1192 1424 1225; x_wconf 87' lang='lat' dir='ltr'>quae</span> <span class='ocrx_word' id='word_1_256' title='bbox 1436 1181 1570 1213; x_wconf 83' lang='lat' dir='ltr'>venalia</span> 
     </span>
     <span class='ocr_line' id='line_1_50' title="bbox 891 1231 1568 1277; baseline 0.001 -12"><span class='ocrx_word' id='word_1_257' title='bbox 891 1233 1046 1276; x_wconf 80' lang='lat' dir='ltr'>gestabat</span> <span class='ocrx_word' id='word_1_258' title='bbox 1073 1231 1179 1265; x_wconf 83' lang='lat' dir='ltr'>fidem</span> <span class='ocrx_word' id='word_1_259' title='bbox 1212 1232 1362 1275; x_wconf 81' lang='lat' dir='ltr'>faceret3</span> <span class='ocrx_word' id='word_1_260' title='bbox 1396 1233 1568 1277; x_wconf 85' lang='lat' dir='ltr'>ejusmodi</span> 
     </span>
     <span class='ocr_line' id='line_1_51' title="bbox 892 1283 1569 1320; baseline 0.003 -3"><span class='ocrx_word' id='word_1_261' title='bbox 892 1298 975 1318; x_wconf 89' lang='lat' dir='ltr'>vero</span> <span class='ocrx_word' id='word_1_262' title='bbox 997 1285 1160 1318; x_wconf 84' lang='lat' dir='ltr'>homines</span> <span class='ocrx_word' id='word_1_263' title='bbox 1182 1283 1327 1319; x_wconf 81' lang='lat' dir='ltr'>dicteria</span> <span class='ocrx_word' id='word_1_264' title='bbox 1352 1286 1510 1320; x_wconf 84' lang='lat' dir='ltr'>scurrilia</span> <span class='ocrx_word' id='word_1_265' title='bbox 1533 1286 1569 1319; x_wconf 93' lang='lat' dir='ltr'>in</span> 
     </span>
     <span class='ocr_line' id='line_1_52' title="bbox 893 1338 1258 1383; baseline -0.003 -12"><span class='ocrx_word' id='word_1_266' title='bbox 893 1338 1054 1383; x_wconf 88' lang='lat' dir='ltr'>quemvis</span> <span class='ocrx_word' id='word_1_267' title='bbox 1072 1338 1258 1383; x_wconf 84' lang='lat' dir='ltr'>jaciebant.</span> 
     </span>
    </p>

    <p class='ocr_par' dir='ltr' id='par_1_16' title="bbox 891 1390 1569 1596">
     <span class='ocr_line' id='line_1_53' title="bbox 948 1390 1567 1433; baseline -0.002 -7"><span class='ocrx_word' id='word_1_268' title='bbox 948 1393 980 1426; x_wconf 90' lang='lat'>8.</span> <span class='ocrx_word' id='word_1_269' title='bbox 998 1392 1106 1424; x_wconf 74' lang='lat' dir='ltr'>Pueri.</span> <span class='ocrx_word' id='word_1_270' title='bbox 1123 1391 1193 1423; x_wconf 89' lang='lat' dir='ltr'>Aut</span> <span class='ocrx_word' id='word_1_271' title='bbox 1212 1390 1319 1432; x_wconf 88' lang='lat' dir='ltr'>servi,</span> <span class='ocrx_word' id='word_1_272' title='bbox 1336 1399 1394 1424; x_wconf 81' lang='lat' dir='ltr'>aut</span> <span class='ocrx_word' id='word_1_273' title='bbox 1412 1392 1494 1433; x_wconf 80' lang='lat' dir='ltr'>filii3</span> <span class='ocrx_word' id='word_1_274' title='bbox 1514 1392 1567 1425; x_wconf 88' lang='lat' dir='ltr'>di-</span> 
     </span>
     <span class='ocr_line' id='line_1_54' title="bbox 891 1443 1569 1490; baseline 0.003 -13"><span class='ocrx_word' id='word_1_275' title='bbox 891 1456 987 1478; x_wconf 79' lang='lat' dir='ltr'>caces</span> <span class='ocrx_word' id='word_1_276' title='bbox 1010 1452 1050 1477; x_wconf 91' lang='lat' dir='ltr'>ut</span> <span class='ocrx_word' id='word_1_277' title='bbox 1068 1444 1128 1489; x_wconf 87' lang='lat' dir='ltr'>qui</span> <span class='ocrx_word' id='word_1_278' title='bbox 1148 1444 1185 1476; x_wconf 87' lang='lat' dir='ltr'>in</span> <span class='ocrx_word' id='word_1_279' title='bbox 1208 1443 1360 1477; x_wconf 82' lang='lat' dir='ltr'>tabernis</span> <span class='ocrx_word' id='word_1_280' title='bbox 1385 1446 1569 1490; x_wconf 82' lang='lat' dir='ltr'>negotian-</span> 
     </span>
     <span class='ocr_line' id='line_1_55' title="bbox 892 1496 1569 1532; baseline 0.004 -2"><span class='ocrx_word' id='word_1_281' title='bbox 892 1506 961 1532; x_wconf 85' lang='lat' dir='ltr'>tur.</span> <span class='ocrx_word' id='word_1_282' title='bbox 973 1518 1027 1525; x_wconf 84' lang='lat'>--</span> <span class='ocrx_word' id='word_1_283' title='bbox 1039 1497 1249 1531; x_wconf 77' lang='lat' dir='ltr'>Salariorum.</span> <span class='ocrx_word' id='word_1_284' title='bbox 1264 1496 1385 1530; x_wconf 78' lang='lat' dir='ltr'>Salarii</span> <span class='ocrx_word' id='word_1_285' title='bbox 1400 1497 1569 1532; x_wconf 87' lang='lat' dir='ltr'>dicuntur</span> 
     </span>
     <span class='ocr_line' id='line_1_56' title="bbox 892 1549 1369 1596; baseline 0 -12"><span class='ocrx_word' id='word_1_286' title='bbox 892 1550 954 1596; x_wconf 88' lang='lat' dir='ltr'>qui</span> <span class='ocrx_word' id='word_1_287' title='bbox 975 1551 1180 1584; x_wconf 84' lang='lat' dir='ltr'>salsamenta</span> <span class='ocrx_word' id='word_1_288' title='bbox 1197 1549 1369 1584; x_wconf 85' lang='lat' dir='ltr'>vendunt.</span> 
     </span>
    </p>

    <p class='ocr_par' dir='ltr' id='par_1_17' title="bbox 891 1602 1569 1902">
     <span class='ocr_line' id='line_1_57' title="bbox 947 1602 1569 1649; baseline 0.002 -12"><span class='ocrx_word' id='word_1_289' title='bbox 947 1617 981 1647; x_wconf 85' lang='lat'>9.</span> <span class='ocrx_word' id='word_1_290' title='bbox 1002 1603 1185 1636; x_wconf 79' lang='lat' dir='ltr'>Tomacula.</span> <span class='ocrx_word' id='word_1_291' title='bbox 1197 1602 1396 1636; x_wconf 87' lang='lat' dir='ltr'>Fareimina</span> <span class='ocrx_word' id='word_1_292' title='bbox 1409 1604 1569 1649; x_wconf 79' lang='lat' dir='ltr'>quaedain</span> 
     </span>
     <span class='ocr_line' id='line_1_58' title="bbox 891 1656 1569 1702; baseline 0.001 -12"><span class='ocrx_word' id='word_1_293' title='bbox 891 1670 968 1702; x_wconf 76' lang='lat' dir='ltr'>quae</span> <span class='ocrx_word' id='word_1_294' title='bbox 989 1670 1119 1689; x_wconf 83' lang='lat' dir='ltr'>nomen</span> <span class='ocrx_word' id='word_1_295' title='bbox 1138 1656 1270 1689; x_wconf 82' lang='lat' dir='ltr'>habent</span> <span class='ocrx_word' id='word_1_296' title='bbox 1285 1668 1302 1688; x_wconf 88' lang='lat' dir='ltr'>a</span> <span class='ocrx_word' id='word_1_297' title='bbox 1318 1656 1493 1701; x_wconf 83' lang='lat' dir='ltr'>frequenti</span> <span class='ocrx_word' id='word_1_298' title='bbox 1515 1658 1569 1691; x_wconf 90' lang='lat' dir='ltr'>in-</span> 
     </span>
     <span class='ocr_line' id='line_1_59' title="bbox 891 1709 1569 1754; baseline 0 -11"><span class='ocrx_word' id='word_1_299' title='bbox 891 1710 1049 1751; x_wconf 73' lang='lat' dir='ltr'>cisione3</span> <span class='ocrx_word' id='word_1_300' title='bbox 1075 1722 1156 1743; x_wconf 86' lang='lat' dir='ltr'>nam</span> <span class='ocrx_word' id='word_1_301' title='bbox 1182 1710 1289 1754; x_wconf 74' lang='grc' dir='ltr'>τέμνω</span> <span class='ocrx_word' id='word_1_302' title='bbox 1321 1709 1492 1754; x_wconf 84' lang='lat' dir='ltr'>significat·</span> <span class='ocrx_word' id='word_1_303' title='bbox 1514 1710 1569 1743; x_wconf 90' lang='lat' dir='ltr'>in-</span> 
     </span>
     <span class='ocr_line' id='line_1_60' title="bbox 893 1761 1569 1808; baseline 0 -12"><span class='ocrx_word' id='word_1_304' title='bbox 893 1762 993 1804; x_wconf 81' lang='lat' dir='ltr'>cid03</span> <span class='ocrx_word' id='word_1_305' title='bbox 1014 1776 1055 1796; x_wconf 82' lang='lat' dir='ltr'>ex</span> <span class='ocrx_word' id='word_1_306' title='bbox 1072 1774 1267 1808; x_wconf 85' lang='lat' dir='ltr'>porcorum</span> <span class='ocrx_word' id='word_1_307' title='bbox 1286 1761 1476 1796; x_wconf 86' lang='lat' dir='ltr'>abdomine</span> <span class='ocrx_word' id='word_1_308' title='bbox 1488 1789 1497 1805; x_wconf 72' lang='lat'>‚</span> <span class='ocrx_word' id='word_1_309' title='bbox 1517 1772 1569 1796; x_wconf 88' lang='lat' dir='ltr'>te-</span> 
     </span>
     <span class='ocr_line' id='line_1_61' title="bbox 892 1815 1568 1857; baseline 0.003 -8"><span class='ocrx_word' id='word_1_310' title='bbox 892 1816 1049 1857; x_wconf 88' lang='lat' dir='ltr'>sticulis,</span> <span class='ocrx_word' id='word_1_311' title='bbox 1077 1824 1110 1848; x_wconf 89' lang='lat' dir='ltr'>et</span> <span class='ocrx_word' id='word_1_312' title='bbox 1131 1815 1293 1848; x_wconf 83' lang='lat' dir='ltr'>carnibus</span> <span class='ocrx_word' id='word_1_313' title='bbox 1321 1815 1458 1849; x_wconf 85' lang='lat' dir='ltr'>minute</span> <span class='ocrx_word' id='word_1_314' title='bbox 1484 1829 1568 1851; x_wconf 83' lang='lat' dir='ltr'>con-</span> 
     </span>
     <span class='ocr_line' id='line_1_62' title="bbox 893 1868 1127 1902; baseline -0.004 0"><span class='ocrx_word' id='word_1_315' title='bbox 893 1868 971 1902; x_wconf 87' lang='lat' dir='ltr'>cisis</span> <span class='ocrx_word' id='word_1_316' title='bbox 987 1868 1127 1901; x_wconf 83' lang='lat' dir='ltr'>fiebant.</span> 
     </span>
    </p>

    <p class='ocr_par' dir='ltr' id='par_1_18' title="bbox 952 1921 1320 1963">
     <span class='ocr_line' id='line_1_63' title="bbox 952 1921 1320 1963; baseline 0 -9"><span class='ocrx_word' id='word_1_317' title='bbox 952 1934 965 1954; x_wconf 92' lang='lat'>1</span> <span class='ocrx_word' id='word_1_318' title='bbox 976 1934 1009 1955; x_wconf 92' lang='lat' dir='ltr'>o.</span> <span class='ocrx_word' id='word_1_319' title='bbox 1030 1921 1209 1963; x_wconf 66' lang='lat' dir='ltr'>Circumfert</span> <span class='ocrx_word' id='word_1_320' title='bbox 1222 1922 1242 1954; x_wconf 93' lang='lat' dir='ltr'>J</span> <span class='ocrx_word' id='word_1_321' title='bbox 1247 1929 1320 1954; x_wconf 91' lang='lat' dir='ltr'>unt.</span> 
     </span>
    </p>

    <p class='ocr_par' dir='ltr' id='par_1_19' title="bbox 894 1972 1574 2653">
     <span class='ocr_line' id='line_1_64' title="bbox 951 1972 1567 2019; baseline -0.002 -11"><span class='ocrx_word' id='word_1_322' title='bbox 951 1987 965 2008; x_wconf 94' lang='lat'>1</span> <span class='ocrx_word' id='word_1_323' title='bbox 979 1987 1008 2007; x_wconf 91' lang='lat'>1.</span> <span class='ocrx_word' id='word_1_324' title='bbox 1029 1974 1104 2007; x_wconf 80' lang='lat' dir='ltr'>Non</span> <span class='ocrx_word' id='word_1_325' title='bbox 1123 1977 1255 2019; x_wconf 75' lang='lat' dir='ltr'>optimus</span> <span class='ocrx_word' id='word_1_326' title='bbox 1281 1973 1425 2007; x_wconf 78' lang='lat' dir='ltr'>Urbicus.</span> <span class='ocrx_word' id='word_1_327' title='bbox 1443 1972 1485 2006; x_wconf 87' lang='lat' dir='ltr'>ld</span> <span class='ocrx_word' id='word_1_328' title='bbox 1497 1983 1547 2007; x_wconf 87' lang='lat' dir='ltr'>est</span> <span class='ocrx_word' id='word_1_329' title='bbox 1559 1996 1567 2012; x_wconf 91' lang='grc'><strong><em>,</em></strong></span> 
     </span>
     <span class='ocr_line' id='line_1_65' title="bbox 894 2026 1571 2060; baseline -0.001 0"><span class='ocrx_word' id='word_1_330' title='bbox 894 2026 1110 2060; x_wconf 82' lang='lat' dir='ltr'>Exodiorum</span> <span class='ocrx_word' id='word_1_331' title='bbox 1144 2035 1178 2059; x_wconf 90' lang='lat' dir='ltr'>et</span> <span class='ocrx_word' id='word_1_332' title='bbox 1204 2027 1456 2059; x_wconf 81' lang='lat' dir='ltr'>Attellanarum</span> <span class='ocrx_word' id='word_1_333' title='bbox 1489 2027 1571 2060; x_wconf 86' lang='lat' dir='ltr'>scri-</span> 
     </span>
     <span class='ocr_line' id='line_1_66' title="bbox 895 2079 1570 2125; baseline 0.001 -13"><span class='ocrx_word' id='word_1_334' title='bbox 895 2089 992 2125; x_wconf 89' lang='lat' dir='ltr'>ptor:</span> <span class='ocrx_word' id='word_1_335' title='bbox 1007 2088 1106 2113; x_wconf 88' lang='lat' dir='ltr'>erant</span> <span class='ocrx_word' id='word_1_336' title='bbox 1122 2088 1236 2112; x_wconf 82' lang='lat' dir='ltr'>autem</span> <span class='ocrx_word' id='word_1_337' title='bbox 1252 2079 1306 2112; x_wconf 80' lang='lat' dir='ltr'>11ae</span> <span class='ocrx_word' id='word_1_338' title='bbox 1325 2079 1506 2113; x_wconf 84' lang='lat' dir='ltr'>Attellanae</span> <span class='ocrx_word' id='word_1_339' title='bbox 1524 2080 1570 2113; x_wconf 84' lang='lat' dir='ltr'>fa-</span> 
     </span>
     <span class='ocr_line' id='line_1_67' title="bbox 895 2131 1569 2178; baseline 0 -12"><span class='ocrx_word' id='word_1_340' title='bbox 895 2134 985 2166; x_wconf 83' lang='lat' dir='ltr'>bulae</span> <span class='ocrx_word' id='word_1_341' title='bbox 995 2131 1323 2178; x_wconf 82' lang='lat' dir='ltr'>urbanissimisjocis</span> <span class='ocrx_word' id='word_1_342' title='bbox 1333 2132 1467 2165; x_wconf 80' lang='lat' dir='ltr'>refertae</span> <span class='ocrx_word' id='word_1_343' title='bbox 1475 2158 1484 2173; x_wconf 91' lang='lat'>‚</span> <span class='ocrx_word' id='word_1_344' title='bbox 1495 2145 1569 2178; x_wconf 90' lang='lat' dir='ltr'>quo</span> 
     </span>
     <span class='ocr_line' id='line_1_68' title="bbox 896 2183 1570 2226; baseline 0 -7"><span class='ocrx_word' id='word_1_345' title='bbox 896 2186 985 2219; x_wconf 85' lang='lat' dir='ltr'>risus</span> <span class='ocrx_word' id='word_1_346' title='bbox 1005 2186 1236 2226; x_wconf 81' lang='lat' dir='ltr'>excitaretur3</span> <span class='ocrx_word' id='word_1_347' title='bbox 1255 2193 1289 2218; x_wconf 83' lang='lat' dir='ltr'>et</span> <span class='ocrx_word' id='word_1_348' title='bbox 1314 2183 1392 2217; x_wconf 88' lang='lat' dir='ltr'>ideo</span> <span class='ocrx_word' id='word_1_349' title='bbox 1412 2193 1570 2219; x_wconf 84' lang='lat' dir='ltr'>auctores</span> 
     </span>
     <span class='ocr_line' id='line_1_69' title="bbox 896 2237 1571 2283; baseline 0 -12"><span class='ocrx_word' id='word_1_350' title='bbox 896 2251 1016 2272; x_wconf 81' lang='lat' dir='ltr'>carum</span> <span class='ocrx_word' id='word_1_351' title='bbox 1049 2237 1257 2271; x_wconf 85' lang='lat' dir='ltr'>dicebantur</span> <span class='ocrx_word' id='word_1_352' title='bbox 1290 2237 1414 2270; x_wconf 88' lang='lat' dir='ltr'>Urbici</span> <span class='ocrx_word' id='word_1_353' title='bbox 1435 2263 1444 2278; x_wconf 88' lang='lat'>‚</span> <span class='ocrx_word' id='word_1_354' title='bbox 1474 2239 1571 2283; x_wconf 88' lang='lat' dir='ltr'>quasi</span> 
     </span>
     <span class='ocr_line' id='line_1_70' title="bbox 896 2290 1571 2324; baseline 0 0"><span class='ocrx_word' id='word_1_355' title='bbox 896 2291 1032 2324; x_wconf 87' lang='lat' dir='ltr'>urbani.</span> <span class='ocrx_word' id='word_1_356' title='bbox 1055 2291 1159 2323; x_wconf 80' lang='lat' dir='ltr'>Poeta</span> <span class='ocrx_word' id='word_1_357' title='bbox 1178 2291 1248 2323; x_wconf 89' lang='lat' dir='ltr'>hoc</span> <span class='ocrx_word' id='word_1_358' title='bbox 1272 2290 1350 2323; x_wconf 90' lang='lat' dir='ltr'>loco</span> <span class='ocrx_word' id='word_1_359' title='bbox 1377 2302 1448 2323; x_wconf 89' lang='lat' dir='ltr'>non</span> <span class='ocrx_word' id='word_1_360' title='bbox 1470 2292 1571 2324; x_wconf 88' lang='lat' dir='ltr'>abso-</span> 
     </span>
     <span class='ocr_line' id='line_1_71' title="bbox 896 2342 1570 2377; baseline -0.003 0"><span class='ocrx_word' id='word_1_361' title='bbox 896 2345 967 2377; x_wconf 91' lang='lat' dir='ltr'>lute</span> <span class='ocrx_word' id='word_1_362' title='bbox 989 2343 1073 2377; x_wconf 89' lang='lat' dir='ltr'>dicit</span> <span class='ocrx_word' id='word_1_363' title='bbox 1095 2343 1275 2376; x_wconf 84' lang='lat' dir='ltr'>Caecilium</span> <span class='ocrx_word' id='word_1_364' title='bbox 1297 2342 1477 2376; x_wconf 80' lang='lat' dir='ltr'>assimilari</span> <span class='ocrx_word' id='word_1_365' title='bbox 1500 2343 1570 2376; x_wconf 80' lang='lat' dir='ltr'>Ur-</span> 
     </span>
     <span class='ocr_line' id='line_1_72' title="bbox 896 2395 1572 2441; baseline 0 -12"><span class='ocrx_word' id='word_1_366' title='bbox 896 2398 976 2429; x_wconf 90' lang='lat' dir='ltr'>bico</span> <span class='ocrx_word' id='word_1_367' title='bbox 995 2405 1127 2441; x_wconf 86' lang='lat' dir='ltr'>poetae‚</span> <span class='ocrx_word' id='word_1_368' title='bbox 1155 2395 1215 2428; x_wconf 88' lang='lat' dir='ltr'>sed</span> <span class='ocrx_word' id='word_1_369' title='bbox 1241 2408 1314 2428; x_wconf 90' lang='lat' dir='ltr'>non</span> <span class='ocrx_word' id='word_1_370' title='bbox 1345 2396 1500 2441; x_wconf 88' lang='lat' dir='ltr'>optimo;</span> <span class='ocrx_word' id='word_1_371' title='bbox 1532 2405 1572 2430; x_wconf 86' lang='lat' dir='ltr'>ut</span> 
     </span>
     <span class='ocr_line' id='line_1_73' title="bbox 896 2447 1574 2493; baseline 0.001 -11"><span class='ocrx_word' id='word_1_372' title='bbox 896 2448 1072 2493; x_wconf 86' lang='lat' dir='ltr'>hodieque</span> <span class='ocrx_word' id='word_1_373' title='bbox 1095 2447 1255 2481; x_wconf 76' lang='lat' dir='ltr'>videmus</span> <span class='ocrx_word' id='word_1_374' title='bbox 1284 2447 1377 2493; x_wconf 87' lang='lat' dir='ltr'>apud</span> <span class='ocrx_word' id='word_1_375' title='bbox 1403 2457 1574 2483; x_wconf 83' lang='lat' dir='ltr'>nostrates</span> 
     </span>
     <span class='ocr_line' id='line_1_74' title="bbox 898 2500 1572 2547; baseline 0.001 -13"><span class='ocrx_word' id='word_1_376' title='bbox 898 2502 1012 2547; x_wconf 84' lang='lat' dir='ltr'>aliqua</span> <span class='ocrx_word' id='word_1_377' title='bbox 1040 2500 1162 2534; x_wconf 85' lang='lat' dir='ltr'>exodia</span> <span class='ocrx_word' id='word_1_378' title='bbox 1190 2500 1441 2534; x_wconf 84' lang='lat' dir='ltr'>comoediarum</span> <span class='ocrx_word' id='word_1_379' title='bbox 1470 2504 1572 2535; x_wconf 83' lang='lat' dir='ltr'>urba-</span> 
     </span>
     <span class='ocr_line' id='line_1_75' title="bbox 898 2554 1574 2597; baseline 0 -10"><span class='ocrx_word' id='word_1_380' title='bbox 898 2555 1039 2588; x_wconf 84' lang='lat' dir='ltr'>nissima</span> <span class='ocrx_word' id='word_1_381' title='bbox 1052 2581 1061 2597; x_wconf 89' lang='lat'><em>‚</em></span> <span class='ocrx_word' id='word_1_382' title='bbox 1077 2562 1111 2587; x_wconf 89' lang='lat' dir='ltr'>et</span> <span class='ocrx_word' id='word_1_383' title='bbox 1124 2554 1396 2595; x_wconf 78' lang='lat' dir='ltr'>inultiartificii3</span> <span class='ocrx_word' id='word_1_384' title='bbox 1412 2555 1476 2589; x_wconf 83' lang='lat' dir='ltr'>alia</span> <span class='ocrx_word' id='word_1_385' title='bbox 1491 2568 1574 2588; x_wconf 83' lang='lat' dir='ltr'>vero</span> 
     </span>
     <span class='ocr_line' id='line_1_76' title="bbox 900 2607 1573 2653; baseline 0.001 -14"><span class='ocrx_word' id='word_1_386' title='bbox 900 2608 1029 2642; x_wconf 85' lang='lat' dir='ltr'>insulsa</span> <span class='ocrx_word' id='word_1_387' title='bbox 1057 2616 1090 2641; x_wconf 83' lang='lat' dir='ltr'>et</span> <span class='ocrx_word' id='word_1_388' title='bbox 1117 2607 1340 2653; x_wconf 82' lang='lat' dir='ltr'>ineptissima.</span> <span class='ocrx_word' id='word_1_389' title='bbox 1372 2608 1427 2640; x_wconf 76' lang='lat' dir='ltr'>Sic</span> <span class='ocrx_word' id='word_1_390' title='bbox 1458 2608 1573 2642; x_wconf 79' lang='lat' dir='ltr'>Rami-</span> 
     </span>
    </p>
   </div>
   <div class='ocr_carea' id='block_1_8' title="bbox 1314 2668 1369 2721">
    <p class='ocr_par' dir='ltr' id='par_1_20' title="bbox 1314 2668 1369 2721">
     <span class='ocr_line' id='line_1_77' title="bbox 1314 2668 1369 2721; baseline 0 -29"><span class='ocrx_word' id='word_1_391' title='bbox 1314 2668 1369 2721; x_wconf 62' lang='lat'>62</span> 
     </span>
    </p>
   </div>
  </div>
 </body>
</html>
