2061 3288
442 188 521 230 ET
559 186 913 229 OPERIBUS
949 184 1350 227 MARTIALIS.
1472 203 1599 230 xxxv

186 278 361 320 astutias
392 276 656 329 adhibebat,
686 276 873 336 optimas
899 274 1032 334 dapes
1058 275 1101 317 iu
1127 282 1351 334 posterum
1377 274 1490 320 diem
1512 293 1598 320 ser-

187 357 390 391 vaturus:

338 467 429 501 Esse
449 477 562 514 negas
582 473 733 500 coctum
754 464 925 514 leporem
940 491 949 508 ‚
973 463 1175 512 poscisque
1199 464 1347 513 flagella
1367 478 1374 498 :

398 528 540 575 Mavis,
558 529 656 565 Ruso
668 558 677 575 ,
696 541 861 578 coquum
883 527 1056 565 scindere
1068 556 1078 573 ,
1100 540 1214 577 quam
1236 528 1416 577 leporem.
1432 540 1438 553 ¹

190 643 302 686 Huic
332 639 570 702 hyperbole
600 641 838 685 venustatis
866 640 985 684 haud
1017 656 1172 701 parum
1203 639 1430 684 conciliat:

349 759 576 809 Eutrapelus
600 768 733 795 tonsor
754 758 845 795 dum
866 759 1001 795 circuit
1020 771 1087 795 ora
1108 759 1293 808 Luperci,

401 823 657 873 Expingitque
679 836 793 873 genas
805 851 814 869 ,
834 823 953 860 altera
970 821 1091 860 barba
1110 822 1224 860 subit.
1238 831 1250 847 ²

188 939 291 981 Haec
309 946 478 993 tamen,
493 952 780 997 quaecumque
799 936 904 991 sint,
922 935 1107 980 candide
1128 935 1363 980 fatebimur
1385 953 1472 979 non
1490 938 1602 997 opti-

188 1023 259 1051 ma
288 1017 332 1051 et
361 1007 743 1051 vehementissima
768 1023 884 1062 esse,
914 1008 958 1050 in
983 1008 1050 1050 his
1078 1007 1191 1051 enim
1219 1006 1426 1050 (lentcbzcs
1455 1007 1599 1060 albis,

185 1077 295 1121 nihil
329 1077 540 1139 amplius,
570 1077 764 1134 mordet,
792 1093 896 1133 nee,
923 1087 973 1121 ut
1004 1077 1197 1122 Lucilius
1237 1077 1366 1133 olm
1407 1078 1449 1121 in
1480 1078 1603 1122 malis

184 1149 288 1193 viris
320 1150 559 1210 genuinum
597 1138 806 1209 frangit.3
832 1148 934 1192 Non
972 1159 1118 1193 tamen
1150 1149 1308 1192 desunt
1346 1149 1446 1193 hine
1485 1148 1603 1194 illine

183 1235 279 1280 quae
305 1220 392 1263 vim
424 1221 656 1263 maximam
680 1219 840 1279 ingenii
870 1229 1061 1280 arguunt
1075 1236 1235 1280 ,quae
1223 1220 1508 1263 acrimoniam
1536 1236 1599 1263 sa-

182 1290 331 1350 piunt,
358 1307 453 1350 quae
480 1289 536 1333 fel
562 1289 881 1333 amarissimum
907 1300 950 1333 et
970 1291 1206 1351 aeruginem
1234 1306 1397 1334 meram
1427 1290 1600 1335 stillant.

183 1359 268 1404 Sed
302 1361 395 1405 haee
430 1361 563 1405 citare
593 1360 751 1420 pudet3
783 1369 872 1403 tam
902 1360 1128 1422 improbe
1166 1370 1255 1404 tam
1291 1360 1480 1417 lascive,
1511 1371 1600 1405 tam

183 1431 357 1492 pathice
383 1441 426 1475 et
445 1424 673 1482 κιναιδικῶς
703 1448 728 1475 a
748 1440 878 1491 poeta
899 1432 1061 1493 scripta
1086 1441 1187 1476 sunt
1205 1468 1216 1487 ,
1242 1432 1315 1492 qui
1336 1442 1385 1475 ut
1410 1432 1599 1476 celeber-

182 1502 280 1546 rimi
316 1501 403 1546 duo
431 1519 454 1546 e
490 1501 780 1556 nostratibus,
823 1518 1048 1563 nunquam
1080 1519 1107 1546 a
1148 1503 1423 1546 vehementia
1465 1505 1600 1563 magis

186 1572 558 1617 commendandus
577 1583 642 1617 est
657 1608 668 1629 ,
693 1589 917 1633 nunquam
941 1573 1096 1634 justius

502 1689 650 1724 Laurea
669 1687 870 1725 donandus
890 1688 1106 1737 Apollinari
1117 1690 1144 1736 ,4

185 1819 315 1862 quam
345 1818 481 1861 quum
517 1802 558 1843 in
586 1802 900 1845 Gomorrhaeos
927 1811 1081 1845 cantus
1115 1802 1293 1846 uberem
1326 1819 1482 1846 venam
1512 1803 1601 1847 sol-

185 1874 260 1916 vit.
293 1872 441 1929 Quum
475 1881 621 1915 tamen
652 1870 798 1915 velum
827 1870 1060 1932 aliquando
1091 1874 1308 1933 spurcitiae
1337 1874 1598 1934 praetendat,

186 1953 235 1986 ut
257 1952 533 2004 perspectum
561 1942 825 1998 habeamus,
861 1958 993 2003 quam
1011 1978 1022 1996 ,
1046 1943 1090 1985 in
1121 1959 1172 1986 eo
1199 1960 1382 2004 genere,
1414 1961 1502 1988 non
1536 1946 1599 1988 sui

186 2013 331 2074 dispar
360 2013 429 2057 ille
458 2014 534 2065 sit,
564 2012 651 2056 duo
682 2013 968 2073 proferemus.
999 2014 1123 2056 Prius
1152 2013 1206 2056 (le
1234 2013 1377 2075 puella
1407 2032 1501 2075 quae
1535 2032 1598 2057 se-

188 2099 286 2127 nem
315 2085 427 2128 inter
454 2093 497 2127 et
525 2083 762 2144 spadonem
787 2083 961 2143 jacebat
983 2100 991 2125 τ

344 2202 440 2236 Cum
463 2212 551 2235 sene
573 2213 812 2237 communem
836 2209 948 2237 vexat
968 2200 1089 2250 spado
1106 2200 1321 2250 Dindymus
1344 2202 1493 2251 ,sligh-n,

397 2265 444 2298 Et
459 2263 558 2311 jacet
576 2263 614 2298 in
633 2263 759 2299 medio
783 2264 879 2300 sicca
896 2264 1021 2313 puella
1042 2273 1126 2300 toro
1147 2280 1152 2298 :

345 2326 500 2363 Viribus
521 2327 581 2363 hic
602 2329 711 2377 operi
734 2342 808 2363 non
833 2337 910 2374 est,
931 2329 993 2364 hic
1016 2329 1158 2364 inutilis
1180 2329 1297 2364 annis.

248 2465 275 2484 ι.
294 2451 371 2484 Lib.
392 2451 461 2487 III,
482 2451 590 2496 epigr.
608 2463 697 2483 κεῖν.

246 2518 276 2537 2.
296 2504 375 2536 Lib.
395 2504 488 2545 Vll,
510 2504 618 2549 epigr.
638 2515 787 2536 Lxxxln.

247 2557 281 2589 3.
297 2557 419 2589 Horat.
437 2557 497 2589 lib.
509 2558 544 2589 ΙΙ
558 2583 566 2598 ,
581 2556 651 2589 Sat.
673 2558 699 2588 I.

247 2614 279 2649 4.
296 2610 417 2642 Horat.
433 2610 492 2642 lib.
508 2611 574 2647 IV,
591 2608 659 2641 Od.
680 2622 727 2648 11,
745 2622 776 2640 v.
797 2624 827 2651 ς).
