2061 3288
431 230 1019 275 EPIGRAMMATUM
1058 229 1185 271 Llss.
1224 228 1320 271 III.

1481 224 1580 286 359

314 323 530 380 Ustorque
556 318 689 363 taedas
718 317 921 380 praeferat
946 333 1070 361 novae
1094 324 1241 376 uuptae
1269 332 1278 358 ε

309 394 484 435 Intrare
506 391 550 434 in
576 391 709 434 istum
731 388 822 434 sola
845 389 915 434 fax
938 397 1084 450 potest
1104 402 1312 431 cunnum.

225 533 282 564 26.
301 529 408 563 Ustor.
424 529 571 563 Ustores
581 537 662 562 sunt
675 540 848 574 pyrarum

170 585 205 618 in
221 583 347 630 quibus
358 582 490 616 mortui
506 583 750 616 cremabantur
766 581 848 616 aedi-

169 638 326 670 ficatores
341 662 350 678 ‚
372 645 406 670 et
425 635 485 682 qui
504 634 672 670 cadavera
691 635 727 668 in
745 634 848 669 ustri-

169 703 250 723 nain
282 689 517 735 conjiciebant
549 697 582 722 et
611 688 827 723 silicernium
839 715 848 729 ‚

170 744 238 777 hoc
257 752 328 784 est,
349 743 490 777 feralem
515 754 647 776 coenam
672 740 848 775 custodie-

169 797 256 829 bant
267 809 284 830 a
300 795 515 842 pauperibus
529 804 563 829 et
578 794 767 837 mendicis,
786 795 848 840 qui

170 863 225 883 eas
246 849 352 895 dapes
381 850 418 882 in
445 861 574 894 rogum
603 850 777 893 conjectas
796 861 848 881 se-

170 903 388 936 miustulatus
425 902 491 936 sibi
521 902 677 936 solebant
713 914 848 946 rapere.

171 956 299 990 Catqu.
332 955 442 1001 epigr.
465 968 532 997 Lx,
552 968 602 989 vs.
626 956 667 990 3:
695 973 707 984 «
734 955 850 996 Quam

171 1009 207 1043 in
219 1007 608 1056 sepulchretisVidistis
621 1009 697 1054 ipso
709 1007 752 1041 de
763 1021 850 1052 rogo

907 539 1031 572 rapere
1068 537 1213 559 coenam.
1237 541 1251 554 u
1275 544 1327 551 —-
1355 522 1471 556 Taedas
1503 535 1587 566 prcc-

901 583 1002 625 serat.
1021 578 1189 613 Solebant
1206 578 1351 611 Veteres
1373 574 1479 610 taedas
1499 588 1587 621 prae-

908 635 1000 668 ferre
1043 631 1147 666 novis
1182 630 1316 677 nuptis.
1353 628 1448 663 Dicit
1481 629 1590 661 Poeta

909 686 1013 721 taedas
1039 685 1235 719 Vetustinae
1261 696 1333 718 esse
1353 680 1588 728 praeferendas

909 741 952 774 ab
973 748 1090 774 ustore
1104 764 1114 780 ‚
1135 747 1195 773 aut
1210 738 1327 784 potius
1349 737 1439 770 faces
1461 735 1589 781 quibus

909 806 1014 840 rogus
1036 791 1256 826 incendatur.

968 860 1026 891 27.
1054 846 1140 879 Fax.
1170 843 1277 878 Taeda
1304 842 1443 883 feralis3
1470 854 1590 888 quantu

910 913 1018 946 quam
1037 897 1226 945 aliquando
1244 911 1310 944 pro
1326 895 1476 942 nuptiali
1488 894 1590 934 unda,

910 953 971 988 sed
989 953 1093 987 etiam
1110 965 1176 998 pro
1195 950 1411 998 Cupidines«,
1427 947 1592 983 adhihea-

913 1015 971 1041 tur
988 1019 1005 1039 a
1022 1005 1265 1051 scriptoribus.

768 1143 999 1201 XCIV.

702 1285 756 1311 IN

818 1262 1065 1312 nurum*

245 1395 359 1437 Esse
383 1407 516 1452 negas
539 1400 714 1435 coctum
739 1389 934 1451 leporem
952 1426 963 1445 ‚
986 1390 1218 1450 poscisque
1243 1387 1412 1448 flagella
1434 1404 1442 1428 ι

315 1463 459 1507 Mavis
474 1496 485 1517 ‚
510 1461 624 1506 Rufe
641 1497 652 1517 ,
676 1478 866 1522 coquum
893 1460 1118 1517 scindere,
1142 1474 1276 1520 quain
1299 1458 1507 1519 leporem.

229 1596 244 1611 '‘
263 1603 302 1636 In
328 1603 462 1645 Russum
486 1601 693 1636 inscribitur
718 1601 755 1634 in
774 1599 856 1635 edd.

179 1662 263 1688 vett.
282 1663 317 1688 et
344 1656 381 1688 in
406 1655 517 1700 epigr.
537 1667 587 1688 vs.
614 1668 632 1688 2
648 1681 657 1697 ‚
675 1655 784 1697 Russe.

237 1721 269 1741 1.
290 1709 370 1741 Esse
389 1722 497 1753 negas,
518 1708 650 1741 Rufum
669 1706 859 1753 quemdam

179 1774 322 1794 avarum
339 1761 467 1795 irridet
479 1762 587 1795 Poeta
599 1788 610 1803 ,
628 1761 691 1806 qui
706 1760 861 1805 fingebat

179 1813 330 1847 crudum
361 1827 433 1849 esse
463 1815 621 1859 leporem
639 1839 649 1855 7
682 1826 727 1846 ne
759 1814 861 1846 illum

180 1866 375 1910 scinderet,
400 1877 435 1902 et
452 1880 608 1913 coquum
626 1867 737 1900 veluti
754 1867 862 1900 iratus

182 1920 369 1955 invadebat
387 1947 398 1962 Ἰ
428 1930 462 1955 et
487 1921 570 1955 loris
598 1919 860 1955 conscindebat.

917 1600 1047 1634 Similis
1069 1601 1167 1645 jocus
1191 1607 1243 1633 est
1263 1598 1302 1632 in
1323 1598 1481 1632 Naeviam
1503 1609 1600 1641 supr.

918 1654 1029 1699 epigr.
1051 1665 1132 1687 xnI.

976 1721 1008 1741 2.
1041 1707 1283 1746 Pulmannus,
1312 1717 1443 1751 coquum
1470 1703 1601 1736 caedere.

921 1781 972 1789 ——-
988 1760 1094 1793 Maces
1107 1787 1116 1800 ‚
1141 1760 1224 1802 Rufe
1236 1786 1246 1799 ‚
1265 1766 1330 1792 etc.
1351 1759 1513 1802 Coquum
1533 1767 1604 1788 ma-

920 1814 972 1846 vis
1002 1812 1161 1847 scindere
1190 1812 1333 1857 flagellis
1348 1836 1357 1851 ‚
1376 1823 1482 1856 quam
1503 1810 1602 1854 lepo-

921 1879 997 1899 rem
1016 1866 1162 1899 cultello
1179 1863 1293 1899 scindi
1307 1865 1451 1909 jubere:
1469 1862 1601 1907 duplex

924 1924 979 1952 τοῦ
1000 1919 1141 1952 scindere
1161 1930 1291 1952 sensus.
1313 1917 1379 1950 En.

799 2054 992 2111 XCV.

687 2201 744 2229 ΙΝ
783 2178 1108 2228 ΝΑΞνοιυΜῙ

260 2321 511 2374 NUNQUAM
539 2320 645 2364 (licis
668 2321 761 2363 Ave
777 2355 788 2375 ‚
814 2321 888 2364 sed
914 2319 1082 2374 reddis,
1107 2317 1310 2372 Naevole‚
1337 2332 1528 2377 semper⁷

243 2458 257 2473 ᾖ
280 2462 414 2496 Naevoli
430 2461 608 2507 cujusdam
626 2463 752 2495 fastum
767 2471 800 2495 et
816 2475 871 2495 ar-

191 2516 387 2561 rogantiam
418 2515 576 2561 increpat
592 2541 602 2554 ,
634 2516 694 2560 qui
733 2528 871 2560 semper

192 2570 411 2615 exspectabat
427 2567 513 2601 dum
531 2581 547 2600 a
567 2568 726 2601 Martiale
745 2569 870 2602 saluta-

192 2631 302 2664 retur,
320 2634 385 2655 nec
405 2621 478 2668 ipse
500 2622 598 2666 prior
617 2622 786 2655 salutabat
807 2635 872 2655 un-

194 2688 308 2719 quam.
328 2676 518 2720 Comparat
534 2676 571 2708 in
593 2675 710 2709 multis
735 2683 870 2709 utrum-

932 2475 1002 2507 que
1014 2486 1024 2501 ‚
1046 2469 1080 2494 et
1099 2459 1253 2494 ostendit
1270 2459 1367 2492 nulla
1382 2458 1420 2491 in
1432 2471 1470 2491 re
1483 2472 1519 2492 se
1537 2459 1615 2491 Nae-

932 2516 1012 2548 volo
1031 2527 1103 2548 esse
1122 2513 1348 2553 inferiorem;
1371 2512 1444 2545 sola
1466 2512 1613 2545 mollitie

932 2577 966 2602 et
985 2566 1206 2613 turpitudine
1225 2567 1351 2600 fatetur
1364 2578 1443 2599 eum
1459 2565 1613 2611 priorem

931 2634 1012 2656 esse.
1036 2622 1188 2654 Ramires.

993 2687 1020 2706 1.
1039 2675 1210 2720 Nunquam
1228 2673 1305 2706 dicis
1320 2700 1326 2712 ,
1347 2681 1414 2706 etc.
1430 2672 1624 2715 Exspectas-

1313 2735 1403 2788 23³
