2061 3288
446 212 1040 257 EPIGRAMMATUM
1079 213 1205 256 LIB.
1244 213 1331 257 IV.
1503 209 1593 271 391

323 305 493 346 Rumor
516 311 631 358 crat,
657 301 819 362 conjux
840 301 944 346 dum
970 301 1051 346 fuit
1076 300 1148 345 illa
1171 302 1318 362 patris.

252 375 351 417 Non
382 382 528 416 tamen
557 372 643 417 hoc
668 382 842 434 poterat
869 374 972 417 vivo
1004 373 1198 433 genitore
1224 371 1416 433 probari.

319 446 416 488 Jam
436 459 651 504 nusquam
674 454 798 505 pater
819 454 908 500 est,
931 443 1085 500 Galle;
1106 459 1297 487 noverca
1321 442 1441 486 domi
1463 452 1537 487 est.

253 515 441 575 Magnus
469 514 524 557 ab
548 514 726 559 infernis
753 525 984 559 revocetur
1006 513 1172 558 Tullius
1196 513 1390 570 umbris,

323 587 380 629 Et
400 594 442 629 te
465 585 672 630 defendat
694 585 889 647 Regulus
910 587 1002 647 ipse
1026 585 1150 641 licet3

251 656 351 699 Non
377 667 502 717 potes
527 656 693 700 absolvi
716 673 724 700 :
751 673 852 700 nam
874 673 969 718 quae
990 673 1080 701 non
1100 656 1258 700 desinit
1279 672 1371 700 esse

326 728 431 771 Post
453 736 621 788 patrem
635 762 646 782 ,
669 743 894 788 nunquam
910 764 921 785 7
943 727 1068 772 Galle
1082 763 1093 783 ,
1114 743 1305 772 noverca
1327 726 1419 770 fuit.

181 865 289 899 officii
319 878 380 900 seu
413 867 613 900 commercii
645 867 750 901 fuisse
780 880 860 901 cum
975 873 1008 901 6.
1040 869 1085 901 Te
1106 868 1277 911 defendat,
1307 875 1373 901 etc.
1396 867 1463 900 Per
1482 866 1603 901 adula-

180 931 333 953 noverca
349 945 360 961 ‚
392 932 496 966 quam
532 919 627 966 quod
658 921 861 967 privignum
921 921 1054 955 tionem
1075 921 1239 955 Ciceroni
1254 921 1445 966 aequiparat
1467 920 1503 953 in
1520 933 1604 954 cau-

180 971 333 1006 deceret.
921 974 966 1007 sis
981 973 1138 1008 dicendis
1152 974 1326 1020 Regulum
1339 987 1348 1016 3
1366 972 1411 1006 de
1427 986 1497 1020 quo
1512 986 1603 1019 saepe

237 1024 270 1059 3.
300 1026 376 1060 Non
408 1034 510 1059 tamen
542 1027 599 1059 Ιιοε
623 1034 768 1072 poterat,
793 1036 858 1061 etc.
921 1040 1041 1073 supra,
1059 1028 1122 1061 lib.
1143 1028 1159 1060 Ι
1174 1053 1183 1068 .,
1201 1028 1311 1073 epigr.
1332 1039 1401 1060 x111
1416 1053 1425 1069 ‚
1442 1039 1578 1060 Lxxx111
1595 1054 1604 1071 ‚

180 1077 273 1112 Nam
293 1091 373 1112 cum
390 1088 489 1125 patre
514 1088 548 1113 te
571 1080 729 1114 habitare
747 1081 859 1114 bone-
921 1089 955 1114 et
973 1093 1069 1122 οἵης
1087 1081 1151 1114 lib.
1171 1082 1207 1113 II
1219 1106 1229 1122 ,
1246 1081 1357 1126 epigr.
1374 1092 1461 1113 που]
1484 1107 1492 1125 ‚
1511 1088 1575 1113 etc.

181 1139 274 1164 stum
287 1141 360 1165 erat
373 1159 382 1174 ,
401 1140 609 1178 poterasque
625 1146 751 1179 negare
766 1133 861 1167 adul-
977 1147 1011 1179 7.
1031 1135 1108 1168 Non
1130 1142 1219 1179 potes
1246 1134 1365 1167 obsolwi
1389 1132 1474 1167 edit.
1501 1134 1600 1167 Junt.
1648 1139 1651 1142 ”

181 1184 322 1218 terium.
338 1185 441 1219 Nunc
457 1186 497 1219 fit
512 1198 610 1220 secus
625 1213 633 1229 ,
645 1195 788 1220 mortuo
802 1200 860 1233 pa·
921 1199 1002 1220 ann.
1028 1199 1041 1220 1
1053 1187 1070 1221 5
1082 1200 1095 1220 1
1107 1201 1139 1221 2.
1160 1210 1213 1213 —
1232 1187 1318 1221 Nam
1337 1200 1407 1232 quoe
1429 1200 1490 1219 non
1504 1213 1512 1227 ,
1535 1195 1601 1220 etc.

182 1245 248 1271 tre.
266 1237 350 1272 Vid.
371 1239 432 1272 lib.
453 1240 470 1272 I
485 1265 494 1281 ‚
509 1239 620 1285 epigr.
640 1253 740 1273 Lxxv.
804 1253 807 1257 ’
921 1242 1010 1274 Rara
1029 1240 1200 1285 privignis
1221 1252 1303 1273 eum
1327 1240 1488 1273 novercis
1514 1252 1601 1273 con-

236 1295 271 1331 4.
295 1292 459 1337 Nusquam
476 1319 485 1332 ,
514 1302 580 1326 etc.
606 1293 768 1326 Mortuus
790 1302 861 1334 est;
921 1292 1055 1328 cordia.
1087 1293 1207 1335 Quum
1235 1293 1352 1339 itaque
1384 1293 1474 1327 elato
1502 1301 1602 1338 patre

181 1343 273 1377 ultra
285 1357 420 1378 morem
434 1353 547 1379 tamen
564 1358 748 1379 novercam
763 1345 861 1381 domi
920 1359 1108 1380 novercam
1131 1347 1239 1387 feras,
1262 1355 1355 1380 certe
1378 1347 1526 1392 propior
1552 1347 1601 1380 illi

182 1404 252 1430 tuae
269 1396 410 1431 retines.
922 1412 996 1433 eras
1012 1412 1114 1445 quam
1134 1399 1327 1446 privignus.

779 1536 995 1593 XVII.

712 1692 780 1720 AD
828 1693 1067 1722 mmmm.

325 1818 510 1860 FACERE
537 1818 580 1859 in
606 1819 856 1878 Lyciscam,
886 1817 1044 1873 Paule,
1069 1834 1139 1861 me
1161 1818 1286 1878 jubes
1313 1834 1486 1871 versus,

328 1887 502 1944 Quibus
528 1886 598 1931 illa
626 1887 746 1932 lectis
775 1889 955 1943 rubeat,
981 1898 1024 1932 et
1050 1889 1105 1932 sit
1128 1889 1248 1932 irata.

326 1960 367 2000 O
397 1957 553 2014 Paule,
575 1958 714 2003 malus
745 1976 789 2003 es
815 1977 822 2002 :
851 1961 1064 2004 irrumare
1091 1959 1155 2002 vis
1183 1958 1310 2003 solus.

246 2096 320 2128 1.In
333 2096 507 2141 Lyciscam.
525 2096 748 2130 Meretricem
765 2097 861 2130 fella-
980 2110 1011 2130 2.
1033 2097 1075 2129 In
1102 2095 1222 2130 eadem
1241 2097 1341 2129 Junt.
1372 2096 1520 2141 margini
1544 2095 1605 2129 ad-

189 2146 310 2180 tri0em
326 2160 431 2194 quam
448 2150 582 2183 urbane
599 2151 710 2196 carpit
726 2151 832 2185 Poeta
851 2176 861 2191 ‚
924 2150 1095 2196 scriptum
1120 2159 1170 2183 est
1188 2161 1196 2182 ε
1224 2167 1238 2179 «
1260 2149 1371 2181 rubeat
1400 2157 1431 2181 et
1451 2148 1498 2194 fit
1522 2151 1605 2181 irata

189 2211 298 2244 quum
318 2200 362 2234 de
380 2202 490 2235 Paulo
506 2204 673 2248 conqueri
691 2202 861 2237 videatur.
923 2211 1024 2236 vetus
1045 2201 1155 2236 codex
1178 2221 1208 2235 ›=.

189 2252 361 2298 Lyciscae,
384 2255 488 2288 scorti
504 2255 725 2290 famosissimi
739 2258 866 2290 memi-
981 2256 1014 2289 3.
1036 2256 1145 2289 Malus
1167 2269 1208 2288 es.
1225 2255 1319 2288 Malo
1339 2255 1456 2288 animo
1472 2263 1505 2288 et
1522 2254 1605 2288 dolo

189 2306 243 2338 nit
262 2306 457 2348 Juvenalis,
474 2316 533 2341 sat.
558 2309 632 2352 VI,
650 2322 753 2342 versu
768 2322 782 2342 1
794 2310 838 2343 23
855 2323 862 2342 ε
926 2309 1009 2342 facis
1038 2309 1107 2341 hoc
1122 2333 1131 2350 ,
1157 2317 1196 2341 ut
1208 2334 1217 2349 ‚
1240 2321 1296 2342 me
1320 2308 1422 2343 rivali
1445 2308 1584 2341 excluso
1598 2333 1607 2349 ‚

194 2375 208 2387 «ι
226 2358 363 2404 papillis
387 2359 545 2394 Prostitit
573 2362 699 2397 auratis
724 2363 867 2397 titulum
925 2361 1093 2408 Lycisca,
1113 2361 1276 2396 adversus
1301 2374 1358 2395 me
1385 2361 1494 2404 irata,
1513 2362 1606 2395 solus

190 2412 333 2448 mentita
349 2413 511 2458 Lyciscae.
533 2432 546 2443 »
928 2414 1063 2448 fruaris.

1305 2745 1328 2771 1ιῶ

1346 2725 1364 2770 ¹„st
