2061 3288
428 215 1012 260 EPIGRAMMATUM
1051 216 1175 258 LIB.
1215 216 1314 258 ΙΙΙ.

1495 214 1587 262 321

322 305 406 349 nic
432 304 678 364 vagientem
703 303 851 346 matris
876 301 1056 363 hispidae
1082 301 1262 357 foetum3

320 374 442 419 Alius
472 383 648 418 coactos
673 390 763 417 non
789 388 935 416 amare
966 389 1180 434 capones;

321 448 378 489 Et
405 445 519 488 dona
545 454 734 488 matrum
765 444 953 487 vimineo
984 443 1132 487 ferunt
1160 453 1279 488 texto

323 515 522 560 Grandes
552 515 792 576 proborum
820 515 1009 576 virgines
1035 513 1306 558 colonorum.
1572 542 1604 567 4„

322 588 454 630 Facto
481 596 665 630 vocatur
691 585 812 629 laetus
838 601 970 645 opere
996 585 1189 641 vicinus,

320 658 414 701 Nec
438 672 570 700 avara
597 666 741 700 servat
764 657 974 700 crastinas
1001 655 1133 716 dapes
1158 672 1334 709 mensa3

321 729 573 771 Vescuntur
600 744 750 771 omnes
767 762 777 779 ‚
801 727 1006 786 ebrioque
1032 743 1122 769 non
1146 728 1270 770 novit

320 800 448 842 Satur
475 799 670 842 minister
692 797 884 841 invidere
909 798 1118 841 convivae.

320 871 376 912 At
403 879 449 912 tu
482 869 562 912 sub
591 869 697 912 urbe
722 868 915 929 possides
942 868 1100 911 famem
1131 868 1362 923 mundam,
1567 891 1600 919 45

322 941 378 983 Et
405 949 524 983 turre
545 940 598 982 ab
621 939 707 983 alta
734 939 943 1000 prospicis
966 955 1107 982 meras
1134 938 1280 982 laurus
1296 975 1307 991 ,

321 1012 478 1054 Furem
503 1011 660 1070 Priapo
685 1022 772 1053 non
797 1011 976 1052 timente
1004 1025 1194 1053 securus.

239 1149 298 1193 37.
322 1149 439 1181 [Hatris
473 1149 604 1194 hispidas
627 1150 753 1190 fictum.
784 1149 859 1181 Hoc

181 1210 233 1235 est
258 1201 438 1235 haedillum
453 1228 461 1243 ,
484 1202 544 1246 qui
565 1202 682 1246 vagitu
705 1214 767 1234 suo
788 1213 860 1233 ma-

182 1264 271 1287 trem
287 1255 454 1299 capellam
471 1255 587 1287 abesse
604 1254 775 1299 queritur.

237 1307 297 1340 38.
311 1307 406 1340 Alius
418 1307 646 1340 coactusJunt.
657 1320 734 1339 ann.
752 1320 763 1339 1
776 1307 792 1340 5
804 1319 816 1339 1
827 1320 858 1339 2.

183 1381 233 1385 —
263 1359 396 1392 Coactos
423 1373 483 1391 non
512 1373 629 1393 amare.
659 1359 749 1401 Quia
778 1367 862 1392 sunt

181 1413 331 1446 castrati.

237 1470 293 1510 39.
310 1466 358 1498 Ec
370 1478 426 1497 ova
441 1474 573 1498 niam-um
588 1465 623 1497 in
637 1463 860 1510 quibusdam.

184 1518 394 1551 Calderinus
404 1518 505 1563 legit,
516 1520 632 1551 vimine
639 1519 751 1560 serunt
765 1525 859 1550 texto.

183 1571 375 1604 Scriverius
390 1572 506 1603 winzine
522 1572 662 1614 offerunt
679 1578 762 1603 testo
776 1597 785 1610 ‚
805 1571 860 1603 vel

183 1626 333 1667 ιςίῖὲηιηί.
368 1623 573 1656 Beverlandi
609 1624 683 1656 MS.
722 1623 862 1656 exhibet

182 1679 260 1709 cisto
277 1690 342 1722 pro
365 1684 458 1708 texto.
478 1698 529 1702 —
550 1677 582 1708 E
587 1684 598 1707 t
614 1677 696 1709 dona
716 1684 860 1709 matrum.

184 1729 424 1775 Agricolaruin
449 1728 529 1761 filiae
551 1741 567 1761 a
597 1729 766 1762 matribus
792 1730 861 1762 suis

183 1783 335 1816 afferunt
370 1794 525 1815 munera.
554 1782 691 1826 Legunt
727 1782 803 1824 alii,
832 1790 864 1814 et

183 1849 241 1868 υνα
266 1842 398 1867 matrum
415 1861 423 1874 ,
454 1834 521 1867 hoc
546 1843 595 1867 est
613 1861 621 1876 ‚
639 1834 860 1879 gallinarum.

185 1889 263 1922 Lib.
279 1888 368 1929 VH,
383 1888 493 1933 epigr.
507 1900 593 1920 xxx:
616 1904 629 1917 (ι
650 1888 775 1920 Raucae
788 1900 861 1920 cor-

186 1941 228 1974 tis
246 1954 325 1974 aves
341 1966 350 1982 ,
373 1949 407 1974 et
423 1952 489 1974 ova
507 1949 670 1973 matrum.
689 1958 701 1970 »
728 1955 780 1961 --
805 1941 862 1973 Vi-

186 1996 285 2026 mineu
325 2001 419 2026 terto.
464 1993 618 2027 Calathis
637 2019 646 2034 ‚
682 1994 833 2026 canistro
851 2019 860 2033 ‚

184 2047 349 2092 sportula.

243 2103 301 2139 4'1.
326 2100 428 2132 Facto
450 2112 550 2144 opere.
572 2099 710 2132 Labore
731 2099 860 2132 rustico

186 2153 356 2185 absoluto.
382 2173 433 2178 --
458 2152 611 2185 Vocatur.
632 2151 715 2185 Vid.
736 2152 795 2185 lib.
819 2153 835 2184 I
849 2178 858 2191 ,

186 2205 297 2251 epigr.
315 2218 336 2238 L
351 2231 359 2246 ,
375 2217 423 2237 vs.
450 2217 509 2249 29.

243 2262 302 2297 42.
338 2257 512 2290 Crastinas.
549 2257 710 2290 Crastino
743 2266 777 2290 et
809 2269 861 2290 se-

187 2311 308 2356 quenti
327 2309 384 2343 die
401 2310 529 2343 iterum
554 2309 779 2355 apponendas
792 2335 802 2351 ‚
824 2319 863 2343 ut

188 2363 310 2396 eadem
321 2363 448 2396 fercula
458 2361 543 2395 duas
554 2362 727 2407 explicent
737 2375 862 2405 coenas;

187 2415 282 2461 quod
306 2416 341 2448 in
366 2416 452 2448 urbe
474 2415 524 2448 fit.
547 2414 631 2448 Vid.
652 2428 728 2460 sup.
752 2415 862 2460 epigr.

188 2481 280 2509 xnr,
301 2481 335 2501 v.
357 2469 375 2501 3
392 2494 401 2510 ‚
418 2477 452 2500 et
477 2468 587 2513 epigr.
611 2480 720 2509 xx1113
744 2468 803 2501 lib.
824 2469 840 2500 I
855 2495 863 2510 ‚

189 2521 298 2566 epigr.
320 2534 396 2563 ειν,
416 2534 448 2553 v.
469 2534 488 2565 7
502 2547 510 2561 ‚
534 2529 600 2554 etc.

246 2578 306 2614 44.
319 2574 417 2606 Satur
427 2576 575 2606 minister.
591 2573 682 2614 Quia
699 2582 867 2607 saturatus

191 2635 242 2659 est
264 2626 392 2672 dapum
419 2627 575 2671 reliquiis
601 2638 677 2670 quae
703 2639 777 2660 non
796 2639 866 2660 ser—

260 2701 294 2741 l.

921 1157 1047 1181 vantur
1070 1148 1104 1181 in
1129 1149 1319 1182 crastiuum
1334 1174 1344 1190 ‚
1366 1158 1400 1182 et
1418 1161 1436 1181 a
1453 1148 1599 1184 domino

921 1201 1083 1235 clementi
1098 1202 1200 1246 largae
1217 1203 1370 1247 potionis
1385 1203 1525 1247 copiam
1541 1205 1602 1237 ob-

921 1255 1010 1287 tinet
1024 1281 1032 1295 ‚
1051 1255 1101 1287 sic
1126 1264 1328 1288 saturantur
1348 1256 1439 1288 servi
1460 1267 1525 1289 nec
1549 1257 1600 1290 in-

920 1306 1042 1340 vident
1066 1308 1238 1348 convivis,
1258 1307 1352 1353 quod
1378 1320 1474 1342 secus
1500 1309 1541 1342 fit
1562 1310 1599 1342 in

919 1359 1020 1393 urbe.

976 1411 1035 1451 45.
1054 1414 1104 1445 Αἰ
1123 1420 1156 1443 tu
1176 1412 1232 1445 sub
1253 1413 1326 1445 urbe
1340 1440 1348 1453 ,
1369 1422 1433 1446 etc.
1451 1414 1529 1447 Jam
1551 1415 1600 1447 al-

919 1464 1080 1510 loquitur
1109 1465 1276 1501 Bassum.
1309 1467 1454 1512 ejusque
1480 1467 1600 1501 villam

920 1516 1057 1550 deridet
1077 1519 1119 1551 ab
1137 1519 1297 1551 omnium
1316 1532 1432 1552 rerum
1456 1520 1576 1565 inopia
1590 1548 1600 1562 ,

920 1579 958 1603 ut
973 1571 1115 1604 alteram
1130 1583 1146 1603 a
1159 1571 1259 1618 copia
1273 1571 1443 1605 laudarat.
1454 1594 1503 1599 —
1520 1574 1600 1606 Pos-

919 1623 1001 1656 sides
1017 1625 1136 1666 samem
1163 1625 1319 1658 mundam.
1349 1625 1598 1660 suburbanum

921 1676 1103 1710 munditiis
1133 1677 1358 1711 hortensibus
1381 1679 1537 1723 elegans,
1563 1689 1597 1713 et

920 1728 963 1762 ad
1002 1729 1128 1762 famem
1163 1730 1347 1764 levandam
1383 1732 1568 1765 inutilibus
1587 1758 1597 1774 ,

919 1781 1002 1814 hinc
1021 1783 1138 1815 sterile
1163 1792 1197 1816 et
1216 1785 1391 1829 jejunum.
1408 1785 1474 1817 ΕΒ.

974 1836 1033 1874 46.
1055 1835 1292 1877 Pulmalinus,
1306 1839 1461 1881 prospicis
1475 1850 1594 1878 moros,

921 1888 1027 1919 lauras
1042 1915 1050 1926 ,
1075 1887 1297 1932 improbante
1316 1889 1520 1923 Ramiresio.
1545 1911 1597 1916 --

920 1939 1026 1972 Met-as
1046 1941 1164 1973 lam-us.
1184 1941 1321 1974 Laurus
1336 1942 1424 1975 solas
1438 1968 1448 1984 ‚
1468 1942 1597 1987 quibus

920 1993 1024 2025 nullae
1060 1993 1200 2026 arbores
1234 1994 1420 2028 fructuosae
1450 1994 1596 2028 interse-

918 2054 1058 2079 runtur.

975 2103 1034 2143 47.
1048 2099 1168 2143 Priapo
1184 2112 1244 2131 non
1257 2102 1380 2132 timente
1390 2113 1402 2139 ;
1412 2100 1597 2134 hortorum

920 2150 1064 2184 custode
1078 2177 1086 2191 ‚
1100 2151 1159 2196 qui
1173 2152 1264 2185 fures
1279 2151 1424 2198 quidem
1437 2165 1508 2186 non
1523 2156 1596 2187 me2

920 2204 1038 2237 tuebat
1050 2230 1058 2245 ‚
1075 2216 1183 2249 quum
1198 2205 1269 2238 illic
1288 2205 1378 2238 nulli
1398 2215 1510 2239 essent
1522 2207 1596 2239 fru-

919 2266 1004 2291 ctus.
1023 2257 1121 2289 Nihil
1136 2265 1250 2290 autem
1269 2258 1499 2292 miserabilius
1514 2272 1597 2292 rure

920 2310 956 2342 in
973 2322 1042 2355 quo
1058 2322 1129 2342 non
1142 2310 1309 2344 timentur
1322 2311 1436 2353 fures;
1454 2312 1596 2345 beatum

920 2361 1028 2404 illud,
1060 2363 1097 2394 in
1131 2375 1200 2408 quo
1233 2371 1267 2396 et
1294 2362 1438 2397 domino
1466 2373 1501 2398 et
1524 2364 1595 2397 furi

921 2416 1030 2448 multa
1045 2424 1244 2460 supersunt,
1257 2424 1295 2449 ut
1312 2416 1356 2450 de
1372 2416 1478 2450 domo
1496 2418 1596 2450 locu-

922 2469 1015 2513 plete
1030 2467 1119 2501 dixit
1134 2469 1298 2502 Horatius
1316 2470 1375 2502 lib.
1388 2470 1422 2510 I,
1436 2471 1537 2515 epist.
1555 2473 1594 2508 6,

926 2534 976 2554 vs.
1006 2522 1076 2561 45:
1115 2539 1127 2549 a
1153 2521 1261 2554 Exilis
1287 2522 1413 2555 domus
1440 2532 1511 2562 est,
1534 2524 1597 2555 ubi

928 2587 998 2606 non
1017 2582 1051 2606 et
1073 2574 1180 2606 multa
1200 2584 1389 2620 supersunt
1403 2601 1411 2616 ‚
1428 2577 1473 2608 Et
1485 2575 1599 2609 domi-

928 2639 1015 2659 num
1033 2627 1155 2659 fallunt
1170 2654 1179 2669 ,
1196 2637 1230 2661 et
1247 2637 1398 2673 prosunt
1417 2629 1566 2662 furibus.
1581 2644 1594 2657 »

1297 2716 1351 2743 21
