2061 3288
568 222 658 264 DE
695 221 1188 266 SPECTACULIS.

244 307 468 353 Herculeae
499 307 637 353 laudis
667 318 924 353 numeretur
950 307 1087 369 gloria
1110 325 1118 351 :
1146 307 1244 368 plus
1275 317 1338 351 est

309 380 379 423 Bis
404 379 536 423 denas
560 380 724 440 pariter
750 379 1048 440 perdomuisse
1072 379 1197 423 feras

242 490 344 540 Ᾱλλ’
375 487 585 557 Ἡρακλῆος
617 499 871 558 προφερέσθω
902 493 1198 541 δωδεκάεθλον·

312 563 457 618 Μεῖζον
486 570 555 627 ἔφυ
586 569 761 612 καθελεῖν
792 564 953 612 δώδεκα
980 569 1098 629 θῆρας
1129 564 1254 618 ἅπαξ.

171 691 323 736 nuptias.
339 690 488 724 Ovidius
500 717 508 732 ‚
525 691 764 738 Metamorph.
784 693 849 725 IV.

172 743 339 776 Manilius
351 770 360 784 ‚
375 744 436 777 lib.
455 745 507 786 V,
523 745 664 790 copiose
683 744 850 778 describit

170 796 261 829 hanc
304 797 486 830 historIam
508 810 515 830 :
551 816 563 828 «
586 798 771 843 Proposita
802 807 852 832 est

172 862 302 883 merces
332 863 458 883 vesano
484 850 612 884 dedere
639 852 754 885 Ponto
779 853 852 884 An-

171 901 364 936 dromeden
378 929 386 945 ‚
401 912 537 937 teneros
555 913 594 937 ut
616 905 731 938 bellua
752 917 851 938 man·

172 954 272 988 deret
291 965 395 990 artus.
412 974 425 986 υ

965 704 999 735 9.
1024 691 1189 724 [ferculeoe
1221 691 1336 724 laudis.
1360 691 1436 724 Hoc
1461 699 1536 731 est,
1565 691 1590 723 si

910 745 1047 778 labores
1067 745 1231 777 Herculis
1250 757 1434 783 numeres,
1460 742 1594 777 duode-

913 798 983 831 cim
1013 807 1171 839 tantum,
1199 807 1232 831 et
1257 796 1422 843 equidem
1450 796 1596 829 diversis

914 851 1130 897 temporibus
1153 851 1347 885 exantlatos
1371 851 1542 896 reperies,
1563 859 1596 882 at

912 917 996 937 vero
1019 904 1271 950 Carpophorus
1297 917 1368 937 uno
1394 903 1452 937 die
1471 903 1596 948 viginti

913 958 1002 991 feras
1023 958 1209 991 interfecit.

746 1078 1032 1135 XXVIII.

213 1215 272 1243 DE
311 1215 599 1245 NAUMACHIA
639 1217 696 1244 ET
735 1216 948 1245 DlVERSIS
986 1216 1297 1245 SPECTACULIS
1338 1217 1385 1245 IN
1426 1216 1556 1253 AQUA

742 1297 989 1327 EXHIBITIS.
1005 1278 1025 1295 *²

171 1403 260 1438 Haec
277 1402 494 1451 spectacula
512 1415 533 1439 a
553 1403 655 1449 Tito,
676 1412 719 1440 ut
731 1403 878 1453 Xiphil.
897 1403 1063 1449 videtur,
1079 1403 1199 1449 edita,
1220 1405 1406 1454 Augusti,
1427 1404 1600 1449 Claudii,

497 1465 739 1515 Neronisquc
759 1465 914 1515 praefert
931 1465 1180 1502 naumachiis.
1209 1469 1279 1503 En.

239 1595 453 1638 AUGUSTI
481 1594 629 1639 laudes
660 1596 859 1651 fuerant,
886 1597 1162 1640 committere
1189 1596 1368 1651 classes,

313 1665 371 1707 Et
396 1664 506 1708 freta
536 1665 680 1710 navali
704 1666 938 1711 sollicitare
965 1667 1071 1711 tuba
1093 1685 1101 1710 ι

245 1736 428 1779 Caesaris
458 1736 551 1780 haec
582 1738 719 1781 nostri
744 1754 846 1799 pars
872 1748 937 1782 est
962 1738 1125 1799 quota?
1146 1738 1256 1782 vidit
1281 1740 1324 1782 in
1351 1739 1479 1783 undis

243 1859 460 1917 Αὐγούςου
487 1860 600 1908 κλέος
626 1857 688 1913 ἦν,
717 1856 960 1919 συμὸαλλειν
987 1862 1177 1920 ναύμαχα
1204 1855 1354 1921 δοῦρα,

311 1929 395 1975 Τήν
427 1928 461 1971 θ’
488 1930 568 1972 ἅλα
596 1927 808 1992 σάλπιγξιν
832 1935 958 1973 σεῖσαι
982 1931 1257 1992 ἐγερσιμοὶχοις
1273 1949 1281 1956 ·

244 1997 448 2059 Καίσαρος
474 2002 670 2061 *ἡμετέρου
693 2003 802 2051 ποςῆ
829 2002 962 2062 μερίς;
987 2005 1010 2049 ’ἡ
1035 2003 1261 2058 Γαλάτεια,

225 2121 328 2158 'Laus
339 2130 467 2171 augusti
476 2127 602 2161 lemma
612 2128 710 2162 estin
721 2130 849 2163 Venet.

170 2177 251 2211 Ald.
271 2179 371 2212 Junt.
396 2180 535 2225 Gryph.
567 2182 682 2215 Colin.
705 2182 852 2228 aliisque

171 2230 253 2265 edd.
269 2240 351 2265 vett.
368 2233 419 2265 De
434 2233 634 2267 Naumachia
650 2235 853 2269 emendarat

169 2284 208 2317 P.
231 2284 341 2319 Scriv.
357 2286 610 2332 confirmatque
630 2287 739 2321 codex
758 2288 851 2322 Bod-

170 2337 304 2371 leianus
332 2351 342 2380 ;
388 2339 521 2384 reliqua
564 2340 766 2386 adjecimus.
800 2343 853 2374 De

169 2390 370 2424 Naumachia
390 2394 507 2425 minore
528 2392 606 2427 cod.
631 2394 773 2428 Thuan.
801 2395 853 2427 De

170 2443 370 2477 Naumachia
407 2445 546 2478 Caesaris
566 2473 576 2486 ,
616 2447 774 2481 Ramires
808 2447 852 2481 de

170 2496 298 2530 Prado.

226 2561 255 2583 1.
276 2550 420 2595 Augusti
436 2552 527 2584 labor
545 2553 595 2584 hic
603 2554 724 2595 ficerat.
744 2552 848 2587 codd.

169 2602 308 2637 Thuan.
323 2603 424 2638 Bodl.
443 2613 476 2638 et
493 2606 561 2639 alii.
581 2606 725 2650 Augusti
741 2608 851 2648 fuerat

171 2654 261 2688 labor
269 2657 318 2689 Ιιὶε
328 2666 394 2690 vet.
414 2657 490 2691 cod.
501 2659 847 2693 Beverlandi.—Au-

910 2131 999 2174 gusti
1024 2130 1144 2162 laudes.
1168 2130 1344 2175 Augustus
1366 2129 1477 2163 nudas
1497 2132 1597 2164 exhi·-

911 2183 988 2216 buit
1000 2183 1232 2216 Naumachias
1246 2183 1294 2216 cis
1307 2183 1467 2216 Tiberim
1483 2178 1596 2227 (Suet.

912 2237 1004 2281 Aug.
1023 2235 1080 2276 43,
1093 2236 1175 2270 Tac.
1189 2237 1280 2268 Ann.
1301 2235 1598 2283 14),nisi1·espi-

911 2289 978 2322 cias
989 2289 1276 2322 exercitationem
1288 2289 1448 2322 classium
1465 2290 1503 2323 in
1519 2291 1597 2324 lacu

911 2342 1066 2374 Lucrino
1096 2341 1139 2374 ad
1164 2342 1298 2375 bellum
1329 2342 1496 2376 Siculum.
1527 2344 1596 2377 ΕΙ).

911 2417 964 2422 -—
993 2395 1193 2428 Committere
1222 2396 1349 2428 classes.
1378 2396 1501 2430 Praelia
1533 2410 1597 2430 na·-

911 2448 1002 2482 valia
1021 2456 1157 2481 tantum
1179 2447 1293 2482 edidit
1315 2450 1507 2494 Augustus.
1528 2450 1597 2483 Sed

912 2501 1015 2534 Titus
1039 2500 1138 2534 addit
1159 2502 1264 2547 longe
1284 2502 1500 2536 mirabiliora
1517 2516 1595 2549 spe-

913 2554 1044 2587 ctacula
1067 2554 1104 2587 in
1125 2555 1223 2601 aquis
1243 2554 1349 2590 edita.
1368 2556 1435 2588 En.

966 2609 998 2642 3.
1023 2607 1162 2641 Ccesaris
1175 2636 1183 2648 ,
1206 2616 1271 2643 etc.
1289 2609 1380 2651 Titi,
1401 2621 1462 2642 seu
1485 2610 1595 2643 mavis

908 2661 1173 2694 Domitiani.—
1184 2663 1268 2695 Pars
1281 2670 1327 2695 esc
1342 2668 1464 2708 quola:²
1481 2663 1590 2704 Quasi
