2061 3288
441 211 539 257 268

818 216 880 258 M.
912 217 987 259 VA
1001 218 1049 259 L.
1084 218 1178 260 MA
1193 218 1478 261 RTIALIS

506 302 586 344 Est
609 299 669 344 illi
693 301 876 362 conjux,
901 319 998 364 quae
1019 313 1062 347 te
1085 305 1371 366 manibusque
1395 306 1578 365 sinuque

577 373 795 433 Excipiet,
813 372 881 417 vel
910 375 944 417 si
973 373 1302 434 pulverulentus
1327 392 1412 419 eas.

512 444 606 486 Hos
628 452 677 486 tu
705 460 780 487 seu
806 445 990 505 pariter,
1016 447 1105 489 sive
1127 446 1266 502 hanc,
1290 444 1467 489 illumve
1491 445 1681 506 priorem

580 513 776 570 Videris;
802 514 888 558 hoc
914 515 1031 560 dices
1055 533 1064 559 ε
1090 517 1270 560 Marcus
1293 532 1422 560 avere
1440 515 1576 576 jubet.
1832 541 1862 556 ω

509 585 606 627 Hoc
633 585 734 628 satis
756 595 821 629 est
843 602 850 629 :
879 585 986 630 alios
1012 587 1294 631 commendat
1318 585 1501 647 epistola
1523 603 1532 628 :
1560 594 1737 647 peccat,

582 655 671 711 Qui
700 656 1098 701 commendandum
1125 674 1170 702 se
1196 667 1322 719 putat
1347 673 1439 701 esse.
1465 657 1566 701 suis.

495 794 529 825 7.
550 782 760 829 Manibusque
771 786 911 830 sinuque.
929 784 992 817 His
1003 785 1119 818 verbis

440 835 674 878 gratissimum
704 836 778 869 fore
795 837 893 870 Julio
915 846 1020 883 atque
1044 839 1119 883 ejus

442 888 647 921 uxorihunc
657 889 787 922 librum
803 891 1121 935 auguratur.Nam-

443 952 511 985 que
534 941 692 974 fovemus
713 943 865 987 gremio,
890 952 924 976 et
958 944 1120 977 manibus

442 994 689 1037 amplectimur
701 1021 710 1036 ‚
739 1007 968 1042 quaecumque
997 1009 1121 1043 magno

443 1046 572 1079 affectu
588 1048 846 1093 prosequimur.
856 1048 940 1083 Vid.
955 1063 1032 1095 sup.
1048 1050 1121 1096 epi-

443 1112 588 1144 gramm.
609 1113 639 1133 11
656 1127 664 1142 ‚
689 1114 721 1135 v.
744 1106 777 1135 (5.

496 1166 530 1196 9.
554 1154 692 1187 Pariter.
709 1156 839 1187 Ambos
858 1154 989 1189 videris
1003 1156 1120 1190 simul.

501 1218 554 1239 xo.
576 1207 718 1240 illarcus.
744 1208 925 1242 Martialis.
947 1209 997 1242 Ut
1017 1208 1121 1242 adve-

441 1258 577 1292 nientes
591 1261 674 1301 Ave,
694 1273 753 1294 seu
764 1262 870 1302 Salve,
888 1262 936 1296 sic
954 1263 1121 1296 abeuntes

1179 792 1214 818 et
1233 783 1436 818 recedentes
1453 784 1536 816 Vale
1553 782 1727 817 dicebant.
1740 781 1862 816 Sueto-

1179 838 1278 879 nius,
1300 837 1337 870 in
1355 839 1532 882 Augusto,
1549 849 1624 881 cap.
1649 836 1707 869 53.
1729 835 1864 869 Brisso-

1179 891 1258 924 nius
1270 917 1279 931 ‚
1301 890 1345 923 de
1365 890 1541 924 Formulis
1557 915 1565 931 ‚
1583 889 1644 922 lib.
1656 888 1758 921 VIII.

1239 956 1253 977 1
1267 956 1297 977 1.
1318 944 1366 976 Et
1383 947 1460 976 satis
1477 951 1522 975 est
1537 942 1619 975 libri
1634 949 1719 974 vett.
1740 940 1863 973 Heius.

1184 995 1229 1030 ad
1249 996 1356 1030 Ovid.
1390 998 1510 1029 Amor.
1543 995 1615 1030 III.
1637 995 1657 1027 8
1671 1020 1681 1036 ‚
1705 996 1774 1035 60,
1794 993 1864 1038 legi

1180 1050 1304 1096 jussit:
1327 1050 1370 1083 Id
1395 1052 1473 1082 satis
1500 1057 1555 1082 est.
1581 1048 1685 1080 Hunc
1714 1046 1788 1080 vid.
1821 1044 1863 1078 ad

1183 1106 1303 1136 Amor.
1328 1103 1364 1135 II
1379 1128 1388 1144 ‚
1416 1107 1460 1142 14
1476 1128 1484 1141 ,
1512 1106 1572 1142 44.
1593 1123 1646 1128 —
1662 1100 1778 1139 Alios,
1798 1107 1866 1132 etc.

1182 1156 1326 1189 Alienos
1340 1181 1349 1196 ‚
1368 1156 1520 1201 ignotos.
1538 1175 1590 1181 —-
1604 1155 1732 1187 Peccat.
1752 1153 1866 1185 Nemo

1182 1209 1318 1255 sapiens
1347 1220 1383 1242 se
1404 1206 1628 1242 commendat
1657 1206 1774 1240 amicis
1796 1204 1866 1238 suis

1184 1262 1372 1308 diligenter
1392 1270 1426 1296 et
1448 1261 1606 1295 sollicite.

1094 1368 1144 1421 'V
1161 1370 1204 1424 Ι.

867 1522 939 1550 AD
989 1500 1443 1550 MARCELLINUM.*

512 1633 612 1675 LUx
634 1632 712 1675 tibi
736 1641 836 1692 post
855 1632 961 1676 Idus
987 1641 1244 1676 numeratur
1266 1633 1395 1676 tertia
1419 1632 1557 1674 Maias
1574 1667 1585 1683 ‚

583 1702 859 1756 Marcelline,
884 1704 968 1747 tuis
994 1703 1060 1747 bis
1086 1702 1346 1747 celebranda
1374 1703 1519 1746 sacris.

513 1776 709 1835 Imputat
732 1774 942 1818 aethereos
970 1784 1092 1817 ortus
1118 1774 1211 1817 haec
1238 1775 1378 1834 prima
1404 1773 1574 1833 parenti
1602 1789 1609 1813 :

583 1845 713 1889 Libat
743 1845 946 1888 florentes
978 1845 1069 1888 haec
1097 1845 1174 1888 tibi
1206 1846 1346 1906 prima
1376 1859 1522 1905 genas.

494 1969 508 1981 ⁴
527 1973 772 2007 Marcellinum
791 1972 898 2006 donat
918 1973 1023 2018 hujus
1048 1972 1121 2017 epi-

442 2027 641 2072 grammatis
684 2038 830 2059 munere
845 2051 854 2068 ,
891 2034 930 2059 ut
972 2026 1122 2058 celebret

442 2079 537 2113 diem
554 2079 730 2114 decimum
748 2088 883 2113 sextum
903 2088 982 2118 ante
1003 2078 1122 2111 kalen-

444 2132 504 2166 das
522 2133 667 2174 Junias3
685 2145 755 2178 quo
778 2131 835 2165 die
857 2141 891 2166 et
908 2141 1006 2177 pater
1030 2131 1123 2163 Mar-

446 2187 564 2219 cellini
588 2194 689 2220 natus
718 2186 853 2227 fuerat,
876 2193 910 2218 et
932 2185 1004 2230 ipse
1030 2184 1123 2216 Mar-

444 2240 590 2272 cellinus
597 2239 747 2284 primam
755 2238 954 2284 deponebat
961 2238 1104 2271 barbam
1114 2249 1123 2277 ;

444 2292 542 2337 quod
581 2293 627 2326 ob
670 2292 910 2325 testimonium
949 2290 1125 2324 virilitatis

442 2346 554 2390 pluris
573 2357 645 2379 esse
662 2344 902 2379 aestimandam
922 2344 1012 2390 patri
1033 2344 1124 2376 hanc

444 2397 539 2432 diem
551 2397 637 2431 dicit
648 2425 656 2439 ‚
669 2411 772 2444 quam
785 2398 831 2431 ob
843 2398 994 2431 natalem
1011 2409 1124 2430 suum.

505 2464 534 2484 1.
551 2451 636 2484 Idus.
654 2452 819 2487 Martius,
838 2452 952 2484 Maius
964 2477 972 2491 ‚
988 2450 1102 2483 Julius
1117 2476 1125 2490 ⁷

447 2504 602 2538 October
622 2505 740 2538 Nonas
763 2505 935 2550 septimo,
960 2502 1043 2536 Idus
1065 2502 1124 2536 de-

445 2557 535 2590 cimo
565 2558 692 2603 quinto
725 2557 782 2590 die
809 2558 953 2592 hahent.
987 2557 1125 2589 Menses

445 2611 560 2643 eaeteri
579 2612 702 2656 quinto
726 2612 860 2647 Nonas,
884 2619 916 2643 et
934 2609 1015 2643 Idus
1033 2608 1124 2643 deci-

446 2676 504 2696 mo
522 2664 636 2697 tertio.

1241 1986 1272 2005 2.
1302 1972 1361 2004 Bis
1389 1970 1585 2003 celebranda.
1616 1966 1721 2010 Quod
1747 1979 1785 2000 ea
1812 1966 1870 1999 die

1183 2033 1284 2070 pater
1311 2032 1413 2056 natus
1435 2024 1504 2065 sit,
1530 2031 1563 2055 et
1593 2022 1666 2067 ipse
1692 2020 1870 2053 Marcelli-

1183 2091 1249 2111 nus
1275 2076 1477 2122 deposuerit
1498 2075 1649 2121 primam
1672 2074 1789 2107 barbae
1819 2074 1869 2106 la·

1185 2131 1372 2176 nugiuem3
1393 2129 1467 2163 haec
1486 2129 1581 2162 enim
1606 2128 1736 2171 lanugo
1759 2125 1870 2171 depo-

1185 2185 1335 2216 nebatur
1352 2195 1477 2228 magna
1496 2181 1740 2215 conviviorum
1759 2188 1793 2212 et
1816 2179 1870 2212 lu·

1185 2236 1312 2270 dorum
1333 2236 1546 2269 celebritate.

1240 2290 1272 2322 3.
1295 2290 1466 2334 Computat
1478 2287 1711 2321 nonnulli.—-
1720 2287 1870 2331 Imputat.

1186 2343 1349 2376 Beneficii
1372 2340 1553 2375 recolendi
1575 2352 1664 2372 onus
1681 2340 1778 2372 velut
1806 2338 1871 2370 im-

1187 2396 1312 2441 ponit,
1333 2396 1385 2428 vel
1412 2394 1540 2429 caelesti
1565 2392 1786 2425 revolutione
1815 2402 1870 2423 re-

1189 2461 1329 2482 versum
1348 2455 1545 2493 computat.

1243 2507 1276 2542 [4.
1288 2502 1393 2541 Libat,
1409 2498 1639 2539 etc.Tondet‚
1650 2504 1778 2530 resecat
1789 2522 1797 2535 ,
1813 2496 1868 2527 vel

1187 2554 1253 2588 diis
1279 2556 1382 2587 offert
1402 2554 1510 2587 instar
1531 2551 1765 2598 primitiarum
1788 2556 1870 2581 aeta-

1188 2608 1230 2641 tis
1256 2607 1485 2646 robustioris;
1514 2605 1612 2638 libare
1636 2603 1729 2636 enim
1754 2605 1801 2634 iu
1820 2613 1872 2633 sa-

1188 2660 1328 2693 crificiis
1365 2659 1524 2704 usurpari
1560 2657 1656 2690 solet.
1688 2656 1770 2700 Ejus
1799 2653 1871 2686 diei
