2061 3288
465 217 564 274 446

840 221 903 263 M.
927 222 1007 265 VA
1021 223 1069 265 L.
1109 222 1502 269 MARTIALIS

532 307 724 351 Horrida
754 307 829 352 scd
861 308 1032 353 fervent
1053 310 1247 353 Nemcaei
1271 320 1453 371 pectora
1480 314 1690 371 moustri3
1865 337 1879 360 5

602 380 696 423 Nec
727 379 828 423 satis
858 389 946 436 est,
978 379 1102 424 Baias
1129 381 1230 441 igne
1257 380 1399 426 calere
1424 399 1514 427 suo.

532 451 680 510 Ergo,
710 451 822 495 sacri
850 450 993 495 fontes
1024 460 1067 494 et
1095 450 1222 495 litora
1247 462 1393 512 grata,
1424 453 1587 510 valete,

601 521 908 582 Nympharum
938 522 1103 583 pariter
1125 522 1451 585 Nereidumque
1478 524 1649 570 domus.

530 591 771 636 Herculeos
798 591 928 637 colles
958 592 1099 654 gelida
1120 609 1199 638 vos
1225 594 1385 638 vincite
1408 595 1592 653 bruma3

602 662 734 707 Nunc
759 663 998 708 Tiburtinis
1023 664 1163 708 cedite
1189 664 1440 726 frigoribus.
1847 694 1878 710 ιο

516 803 550 837 5.
568 803 710 836 Nemecec'
722 812 862 848 pectora.
883 804 960 837 Hoc
976 812 1027 837 est
1040 831 1048 846 ‚
1066 805 1140 838 leo-

459 856 514 890 nis
530 857 566 890 in
584 857 669 889 silva
685 857 845 890 Nemeaea
861 858 903 890 ab
922 857 1073 891 Hercule
1085 858 1140 890 in-

460 909 618 951 terfecti,
639 918 673 943 et
702 909 802 943 relati
832 910 925 943 inter
952 919 1055 944 astra.
1082 911 1141 944 Sol

459 972 575 997 autem
614 975 733 997 mense
769 964 927 1009 Augusto
969 964 1153 1015 ingressus·

458 1017 614 1050 Leonem
635 1015 776 1050 ardores
799 1026 912 1062 auget.
930 1017 1066 1058 Pectora
1086 1016 1140 1050 di-

459 1071 527 1112 xit,
541 1068 637 1116 quod
650 1070 686 1102 in
699 1070 828 1103 Leonis
841 1079 984 1115 pectore
997 1096 1007 1111 ‚
1026 1071 1142 1116 inquit

459 1123 693 1165 Ramiresius,
724 1131 855 1156 astrum
885 1132 936 1157 est
958 1124 1140 1169 fulgentis-

458 1177 608 1218 simum,
636 1177 679 1210 ab
702 1176 884 1222 astrologIS
918 1175 1050 1211 (lictum
1080 1190 1141 1211 cor

458 1230 602 1264 Leonis.

516 1286 549 1318 6.
573 1284 642 1317 Nec
667 1286 745 1316 satis
769 1292 815 1316 est
833 1311 842 1324 ‚
865 1292 930 1317 etc.
958 1285 1139 1329 Aquarum

460 1337 556 1370 enim
584 1336 641 1370 vel
667 1337 755 1370 situs
780 1336 898 1370 ardori
928 1337 1010 1370 solis
1035 1336 1141 1371 ardor

460 1389 628 1432 additur,
657 1390 718 1436 qui
745 1390 814 1424 hoc
840 1402 960 1423 mense
991 1391 1140 1424 maxime

459 1443 610 1477 vividus.
631 1444 698 1476 En.

514 1510 548 1541 7.
570 1496 754 1530 Salmasius
770 1497 871 1542 legit,
885 1498 992 1529 littora
1013 1497 1139 1537 Graia,-

460 1558 493 1584 et
510 1550 568 1583 alii
586 1550 694 1582 littora
715 1563 818 1582 sacra.
843 1550 1046 1583 Lectionem
1074 1563 1139 1583 no-

459 1612 566 1636 stram
594 1616 612 1636 e
637 1603 816 1636 veteribus
838 1602 1022 1636 codicibus
1042 1601 1141 1636 dedit

459 1657 646 1690 Gruterus.
664 1655 758 1689 Vide
782 1656 912 1689 varior.
931 1664 1031 1689 notas
1044 1682 1052 1697 ‚
1078 1657 1140 1690 ubi

463 1710 566 1744 Graia
576 1721 759 1755 perperam
775 1709 928 1743 Grutero
939 1709 1137 1743 ascribitur.

460 1786 512 1789 —
525 1763 619 1796 Sacri
631 1764 757 1805 fontes,
778 1770 843 1796 etc.
863 1762 1007 1805 Baiani,
1028 1767 1138 1807 Nym-

460 1816 537 1862 phis
551 1816 637 1849 sacri
654 1839 664 1855 ,
685 1816 747 1848 lib.
771 1816 846 1854 ΙΙΙ,
867 1816 975 1861 epigr.
996 1828 1041 1848 111
1059 1842 1068 1857 ,
1089 1829 1137 1850 vs.

459 1870 504 1910 33
524 1870 680 1902 fontibus
702 1869 795 1902 enim
818 1877 852 1902 et
872 1869 987 1902 fluviis
1009 1868 1138 1902 divini-

457 1931 562 1956 tatem
588 1922 705 1956 nescio
736 1935 840 1968 quam
861 1921 1055 1967 adsignavit
1077 1935 1138 1955 ru-

457 1975 511 2009 dis
533 1977 589 2009 illa
609 1976 806 2022 antiquitas.
830 1997 881 2003 —-
899 1976 1010 2008 Litora
1027 1984 1134 2020 grata.

457 2030 541 2063 Aliis
564 2029 694 2063 scilicet
721 2028 819 2062 annis
839 2037 899 2062 aut
920 2029 1134 2074 tempestati-

458 2083 535 2116 bus.
570 2083 638 2116 Vel
669 2082 773 2116 etiam
804 2082 868 2115 hac
901 2090 1106 2128 tempestate
1124 2109 1133 2124 ,

457 2136 539 2182 quia
560 2154 573 2166 a
594 2136 753 2169 omnium
778 2148 853 2168 non
878 2135 984 2169 modo
1007 2135 1133 2176 Italiac,

457 2189 517 2222 sed
529 2198 602 2223 toto
616 2190 702 2222 orbe
712 2197 883 2222 terrarum
895 2189 1133 2235 pulcherrima

458 2243 654 2288 Campaniae
686 2243 784 2288 plaga
807 2250 858 2275 est
882 2259 895 2272 n
915 2268 924 2283 ‚
949 2251 987 2275 ut
1010 2242 1134 2275 Florus

457 2296 587 2329 scribit.
619 2296 691 2329 Nec
722 2297 868 2328 miretur
899 2295 1135 2335 Ramiresius,

455 2358 551 2393 grata
573 2349 643 2382 dici
662 2375 671 2391 v
690 2343 767 2395 'quo
785 2358 945 2394 tempore
968 2356 1070 2381 oestus
1092 2349 1134 2381 il-

457 2403 569 2435 larum
600 2403 807 2448 fugiebatur.
835 2402 1010 2448 Loquitur
1039 2401 1134 2434 enim

458 2456 502 2489 de
523 2456 610 2497 illis,
633 2465 671 2489 ut
693 2464 815 2489 natura
833 2467 891 2489 sua
909 2464 1007 2496 sunt,
1022 2455 1132 2488 nimio

458 2517 540 2543 aestu
552 2509 612 2542 etsi
632 2522 726 2542 nunc
740 2522 784 2542 ex
802 2507 972 2542 accidenti
984 2535 993 2549 ⁷
1010 2517 1042 2541 et
1057 2520 1133 2541 cer·

458 2563 556 2597 tatim
587 2561 860 2609 praedicaverant
891 2562 991 2595 multi
1020 2569 1132 2606 poetae

1200 805 1323 847 latini,
1345 806 1425 848 fiat,
1445 814 1485 840 ut
1504 819 1558 849 ea,
1583 807 1742 853 quamvis
1765 815 1879 853 grata,

1202 859 1340 892 Tibure
1359 868 1497 893 mutare
1515 860 1624 893 malit.
1649 860 1789 894 Gronov.

1255 913 1289 945 8.
1304 913 1655 959 Abmplzarumpariter
1666 941 1675 954 ,
1691 922 1756 947 etc.
1771 914 1880 960 Nym-

1198 965 1278 1010 phae
1304 965 1342 998 in
1375 966 1553 1009 fontibus,
1576 965 1768 1009 Nereides,
1798 967 1879 1001 filiae

1199 1018 1329 1059 Nerei,
1359 1018 1396 1052 in
1424 1019 1539 1062 mari,
1567 1021 1669 1066 cujus
1703 1018 1747 1053 ad
1776 1021 1877 1054 littus

1199 1080 1280 1104 sunt
1300 1071 1404 1106 Baiae.
1422 1073 1487 1105 En.

1254 1137 1289 1168 9.
1307 1126 1481 1158 Herculeos
1500 1126 1605 1159 colles.
1626 1125 1760 1159 Tibure
1784 1126 1879 1160 enim

1198 1177 1366 1212 Hercules
1391 1179 1582 1213 colebatur.
1601 1179 1680 1213 Lib.
1702 1181 1739 1220 I,
1766 1180 1877 1225 epigr.

1199 1243 1289 1265 x111:
1323 1249 1336 1261 ι
1362 1232 1440 1265 Itur
1472 1231 1516 1265 ad
1549 1233 1714 1266 Herculei
1748 1232 1879 1278 gelidas

1199 1297 1268 1330 qua
1283 1284 1427 1318 Tiburis
1443 1298 1549 1319 arces.
1570 1303 1584 1316 ι»

1256 1351 1314 1371 10.
1340 1339 1434 1373 Nunc
1464 1339 1656 1379 Tiburtinis,
1685 1346 1749 1372 etc.
1781 1340 1876 1380 Vos,

1199 1404 1220 1423 o
1236 1391 1343 1431 Baiae,
1362 1392 1476 1425 calore
1490 1400 1606 1425 vestro
1623 1392 1746 1425 melius
1765 1392 1877 1426 solve-

1198 1445 1242 1477 tis
1281 1444 1415 1477 hrumae
1449 1445 1558 1490 frigus
1594 1457 1699 1490 quam
1735 1445 1850 1478 Tibur
1864 1471 1873 1485 ,

1198 1496 1297 1542 quod
1315 1497 1444 1530 Statius
1466 1506 1565 1531 vocat
1582 1498 1744 1543 glaciale,
1764 1498 1800 1531 in
1814 1499 1876 1531 Ti-

1200 1550 1344 1583 burtino
1364 1550 1486 1583 Manlii
1503 1563 1510 1584 :
1529 1568 1541 1580 ιι
1562 1552 1714 1585 Cernere
1732 1551 1876 1585 facundi

1198 1603 1313 1636 Tibur
1327 1604 1468 1649 glaciale
1487 1604 1643 1649 Vopisci.
1669 1622 1681 1633 υ
1702 1604 1875 1637 Butler.—

1196 1657 1275 1689 Jam
1284 1665 1399 1690 autem
1410 1669 1474 1702 per
1485 1657 1609 1690 aestatis
1621 1657 1794 1690 fervorem
1808 1670 1877 1690 ma-

1197 1710 1247 1754 gis
1270 1710 1384 1755 placet
1405 1710 1535 1751 Tibur,
1555 1710 1677 1755 frigori
1702 1719 1735 1743 et
1757 1710 1873 1744 ventis

1198 1763 1395 1807 expositum
1413 1788 1422 1804 ‚
1450 1772 1573 1809 utpote
1605 1763 1701 1808 quod
1726 1763 1764 1796 in
1786 1763 1874 1797 colle

1198 1815 1316 1848 situm.
1334 1816 1477 1849 Dictum
1493 1825 1543 1849 est
1556 1817 1670 1849 Tibur
1687 1829 1705 1849 a
1721 1817 1874 1850 Tiburto

1198 1868 1401 1910 conditore,
1417 1869 1477 1915 qui
1494 1878 1528 1903 et
1538 1869 1694 1904 Catillus.
1712 1869 1873 1904 Solinus:

1203 1939 1216 1951 «
1237 1922 1372 1965 Tibur,
1395 1923 1484 1956 sicut
1506 1922 1594 1957 Cato
1613 1922 1695 1956 facit
1716 1923 1871 1956 testimo-

1197 1974 1294 2008 nium
1308 2001 1316 2017 ‚
1342 1988 1359 2008 a
1377 1975 1504 2009 Catillo
1523 1975 1680 2016 Arcade,
1707 1976 1873 2021 praefecto

1195 2028 1310 2062 classis
1337 2027 1517 2070 Evandri,
1546 2029 1636 2062 sicut
1665 2029 1801 2062 Sextius
1828 2030 1872 2063 ab

1194 2082 1323 2126 Argiva
1348 2083 1543 2127 juventute.
1573 2082 1719 2115 Catillus
1750 2082 1870 2124 enim,

1194 2135 1399 2180 Amphiarai
1415 2135 1508 2168 filius
1520 2161 1528 2176 ,
1543 2144 1622 2180 post
1640 2134 1873 2181 prodigialem

1193 2189 1301 2233 patris
1320 2189 1372 2222 sui
1393 2187 1485 2234 apud
1505 2188 1643 2222 Thebas
1665 2189 1846 2222 interitum
1859 2214 1870 2228 ,

1198 2241 1320 2274 OEclei
1343 2242 1397 2274 avi
1421 2243 1519 2286 jussu
1557 2254 1639 2274 cum
1662 2241 1758 2274 omni
1787 2242 1872 2275 foetu

1195 2295 1247 2327 vel
1267 2307 1364 2328 sacro
1380 2295 1521 2336 missus,
1534 2303 1604 2328 tres
1618 2294 1745 2328 liberos
1759 2295 1796 2327 in
1806 2296 1871 2328 Ita-

1194 2348 1237 2380 lia
1258 2348 1454 2393 procreavit
1467 2374 1476 2389 ‚
1494 2348 1701 2388 Tiburtum,
1723 2348 1868 2389 Coram,

1196 2401 1360 2434 Catillum
1375 2427 1384 2441 ‚
1408 2401 1470 2446 qui
1490 2400 1644 2446 depulsis
1667 2413 1709 2434 ex
1736 2400 1871 2447 oppido

1194 2454 1319 2487 Siciliae
1351 2455 1529 2487 veteribus
1555 2454 1686 2487 Sicanis
1705 2480 1713 2495 ‚
1749 2466 1767 2486 a
1806 2467 1869 2486 no-

1193 2507 1288 2540 mine
1304 2507 1463 2548 Tiburti,
1481 2507 1596 2541 fratris
1610 2516 1692 2541 natu
1706 2507 1868 2548 maximi,

1193 2561 1317 2594 urbem
1336 2570 1515 2595 vocarunt.
1542 2579 1554 2589 »
