2061 3288
565 224 656 268 DE
694 222 1186 269 SPECTACULIS.
1530 235 1575 263 11

165 311 286 357 legunt
317 310 374 344 alii
418 309 579 343 Traducta
613 318 661 343 est
694 309 815 355 Gyaris
832 337 841 350 ,

167 365 250 411 quia
260 364 296 397 in
308 364 466 411 Gyarum
478 363 626 397 insulam
634 363 846 409 plerumque

166 418 259 452 cives
293 416 442 450 Romani
481 417 724 462 relegabuntur
750 428 758 450 ε
787 416 845 450 alii

168 471 308 518 Cybiris.
331 470 492 515 Lipsius,
515 470 576 503 lib.
600 470 655 511 II,
677 481 754 515 cap.
781 482 821 504 11
836 495 845 511 ,

168 523 214 557 de
234 524 347 558 Cruce
371 523 474 568 legit,
497 523 659 556 Traducta
679 531 725 556 est
753 524 846 556 Titu-

169 577 229 610 lis:
240 589 306 622 pro
317 588 416 609 more
430 575 620 609 noxiorum
635 575 846 610 traducendi

168 641 233 675 per
248 630 365 663 forum
380 655 389 672 ,
400 642 460 662 seu
479 629 663 675 Amphith.
683 630 846 675 appensis

167 683 259 716 collo
281 681 390 716 titulis
410 690 444 716 et
465 682 759 728 inscriptionibus
777 682 846 717 cri-

168 736 306 769 minum
334 748 342 768 :
369 743 403 769 et
431 735 575 769 Sueton.
610 748 638 769 c.
676 737 719 775 8,
746 735 845 769 Titi:

174 805 188 819 u
210 789 390 822 Delatores
404 787 542 822 assidue
556 789 591 822 in
606 789 682 822 foro
698 789 846 823 fustibus

169 849 204 876 et
228 841 372 887 flagellis
401 853 524 883 caesos,
557 842 747 875 novissime
777 850 846 876 tra-

904 308 1028 344 ductos
1049 320 1114 355 per
1138 305 1388 353 amphitheatri
1418 317 1558 339 arenam
1577 331 1587 344 .,

904 362 1033 409 partim
1047 361 1171 407 subjici
1182 360 1219 393 in
1229 372 1357 399 servos,
1373 367 1432 392 aut
1442 358 1584 398 vaenire,

904 417 1032 463 partim
1070 415 1106 448 in
1149 413 1354 460 asperrimas
1393 412 1587 445 insularum

906 468 1006 503 avehi
1033 467 1231 513 imperavit.
1263 464 1331 500 Sed
1360 474 1516 499 nostram
1537 465 1588 498 le·

906 522 1058 556 ctionem
1085 521 1202 554 firmat
1222 518 1304 553 Aldi
1323 518 1477 552 Manutii
1505 517 1588 551 cod.

906 587 1010 621 quam
1033 583 1067 609 et
1091 574 1125 608 S.
1155 572 1325 607 Mar10nis
1351 573 1441 606 liber
1466 571 1589 604 asserit

905 637 939 663 et
960 630 1132 663 cataneus
1156 626 1296 673 probat.
1317 647 1370 653 —
1393 625 1461 660 Nec
1480 626 1562 670 cepit
1576 651 1586 665 ,

906 691 972 716 etc.
986 681 1120 715 Tantus
1130 688 1182 713 est
1193 678 1390 713 delatorum
1400 690 1568 712 numerus
1578 702 1588 718 ‚

907 743 946 769 ut
960 735 1017 768 vix
1031 734 1170 780 capiant
1192 745 1251 767 eos
1262 732 1396 771 Africa,
1419 731 1475 765 vel
1493 731 1590 764 insu-

906 788 970 826 lae,
994 788 1048 821 vel
1069 786 1380 833 amphitheatrum.
1406 805 1440 812 -—
1466 784 1591 818 Arena.

908 842 978 876 Pro
998 840 1075 887 ipso
1094 840 1219 874 Africae
1240 839 1327 873 solo.

812 996 951 1052 IVJ‘

234 1169 296 1199 AD
335 1169 562 1199 POPULUM
603 1169 849 1199 ROMANUM
888 1169 948 1198 DE
989 1167 1153 1198 [ISDEM
1195 1164 1537 1196 DELATORIBUS.

171 1286 348 1325 *Laudat
370 1289 557 1324 Caesarem
578 1286 682 1336 quod
703 1285 891 1336 ejiciendo
911 1285 1123 1332 delatores,
1144 1285 1184 1322 id
1204 1293 1278 1331 cst,
1298 1288 1460 1322 Romam
1486 1282 1595 1332 quasi

360 1351 448 1388 vitae
471 1349 706 1388 restituendo
723 1379 732 1397 ‚
753 1363 822 1387 sua
842 1349 1028 1387 beneficia
1051 1348 1317 1386 cumulaverit.
1340 1351 1411 1386 En.

242 1485 464 1528 ExSULAT
489 1484 680 1528 Ausonia
707 1482 922 1545 profugus
948 1480 1117 1526 delator
1146 1481 1202 1525 ab
1232 1481 1340 1525 urbe
1363 1498 1371 1524 :

311 1554 527 1616 Impensis
557 1555 692 1598 vitam
722 1554 932 1616 principis
958 1569 1235 1597 annumeres.

243 1673 466 1733 Ενδείκτης
489 1673 637 1742 ῥώμης
663 1680 791 1744 φυγὰς
815 1682 977 1725 ἔκπεσε·
1005 1682 1085 1732 πᾶς
1112 1697 1174 1731 τις
1201 1678 1376 1730 ἄνακτος

314 1746 636 1814 Ᾱντιλογιζέσθω
662 1759 752 1803 ταῖς
779 1747 1002 1797 δαπάναισι
1030 1751 1133 1807 βίον.

226 1885 242 1901 ’
259 1890 332 1925 Cur
357 1890 425 1924 hoc
446 1891 660 1936 epigramma
686 1904 704 1924 a
723 1903 854 1936 praece-

174 1942 274 1978 denti
290 1943 540 1989 separandum,
561 1943 854 1990 judicaverimus,

173 1996 291 2041 judica
320 2005 358 2030 tu
392 1997 465 2042 ipse
480 2023 489 2039 ‚
512 1997 649 2031 lector:
673 1998 808 2031 scilicet
827 1997 855 2030 si

175 2058 366 2096 utrumque
392 2052 618 2096 conjunctum
647 2059 759 2093 esset,
786 2063 855 2084 vox

175 2103 301 2136 delator·
335 2104 449 2149 quarti
481 2116 622 2146 versus,
656 2103 692 2137 in
728 2103 855 2150 quinto

176 2165 358 2202 appareret
380 2157 592 2202 ineleganter
614 2157 760 2202 repetita
787 2169 795 2190 :
823 2164 857 2191 et

175 2221 244 2243 vox
260 2209 386 2242 eoestclat
397 2210 559 2255 protinus
575 2219 779 2256 sequeretur
794 2223 856 2243 vo-

176 2274 253 2296 cem
268 2263 421 2295 exsilium.
438 2263 596 2308 Denique
607 2288 616 2303 ‚
631 2263 754 2296 delator
764 2263 858 2295 habet

176 2315 263 2361 quod
275 2315 374 2348 dabat
387 2316 528 2348 amilium
542 2316 644 2349 nobis
660 2316 773 2349 visum
788 2317 857 2349 fuit

174 2368 411 2414 epiphonema
440 2367 620 2414 quoddam
646 2381 664 2401 e
690 2377 793 2414 gustu
821 2377 856 2402 et

175 2421 308 2454 calamo
329 2421 510 2454 Martialis.
536 2422 602 2454 En.

231 2469 244 2483 '¹
264 2473 448 2507 Distichon
464 2474 531 2507 hoc
547 2487 564 2507 a
581 2473 793 2520 praecedenti
808 2483 856 2507 te-

177 2527 341 2560 trasticho
369 2527 560 2561 dividimus
590 2541 672 2560 cum
704 2528 790 2560 Scal.
822 2536 856 2560 et

176 2578 286 2613 Scriv.
307 2589 345 2614 ut
370 2580 414 2614 sit
436 2580 531 2614 aliud
556 2581 768 2626 epigramma
791 2595 795 2612 :
822 2589 856 2614 et

177 2632 224 2665 sic
245 2631 342 2666 dedit
361 2632 416 2666 ed.
436 2634 512 2666 Par.
537 2636 646 2678 1754.

973 1903 986 1923 1
997 1916 1004 1922 .
1018 1891 1165 1923 Ausonia
1176 1889 1261 1923 urbe„
1276 1889 1388 1922 Roma
1402 1888 1510 1928 urbe,
1520 1899 1597 1933 quae

915 1951 1021 1989 caput
1041 1943 1221 1984 Ausoniae,
1240 1954 1301 1976 seu
1316 1941 1425 1975 Italiae
1440 1967 1448 1982 ‚
1465 1941 1508 1974 ab
1524 1943 1596 1973 Au-

914 2009 1000 2030 sone
1019 1996 1156 2041 Ulyssis
1175 2004 1209 2029 et
1229 1995 1398 2040 Calypsus
1416 1994 1502 2027 filio.

971 2063 1004 2083 2.
1023 2050 1200 2094 Imperant,
1227 2057 1284 2081 etc.
1313 2047 1437 2089 Curis,
1465 2046 1597 2080 henefi-

915 2103 994 2142 ciis,
1018 2102 1235 2135 muneribus.
1259 2122 1312 2127 —-
1334 2101 1454 2133 Vitam.
1477 2100 1597 2132 Vitam

916 2156 1048 2189 scilicet
1073 2163 1169 2189 tuam
1190 2162 1363 2200 acceptam
1386 2153 1514 2186 referas
1536 2153 1598 2186 he-

917 2209 1052 2242 neficiis
1079 2216 1113 2242 et
1142 2208 1347 2241 muneribus
1367 2206 1511 2240 Caesaris
1535 2206 1596 2251 qui

916 2271 1043 2307 praeter
1062 2262 1128 2294 alia
1143 2273 1289 2294 munera
1307 2260 1371 2293 tibi
1390 2258 1470 2293 data
1487 2258 1598 2292 edita-

917 2327 1001 2360 que,
1015 2313 1113 2348 dedit
1126 2323 1159 2347 et
1173 2315 1281 2347 vitam
1292 2339 1301 2355 ,
1319 2326 1428 2358 quum
1440 2311 1599 2358 perdidit

916 2367 1100 2401 delatores.
1110 2367 1177 2400 Vel
1204 2379 1434 2407 annumeres,
1455 2379 1515 2399 seu
1536 2366 1599 2398 tri-

914 2421 1000 2454 buas
1032 2420 1139 2454 vitam
1177 2420 1241 2453 tibi
1276 2427 1446 2453 servatam
1459 2444 1468 2459 ‚
1504 2418 1598 2452 curis

916 2473 1059 2507 Caesaris
1072 2500 1080 2514 ‚
1098 2486 1182 2519 quas
1200 2471 1375 2518 impendit
1393 2472 1494 2506 saluti
1516 2481 1596 2510 tuae,

916 2540 1025 2571 quum
1042 2525 1213 2559 delatores
1228 2525 1463 2572 deprehendit
1483 2534 1516 2557 et
1532 2538 1596 2570 pu-

915 2580 1016 2613 nivit.
1037 2580 1138 2613 Prior
1155 2592 1275 2614 sensus
1292 2579 1395 2613 uobis
1413 2578 1538 2612 melior
1553 2578 1601 2610 vi·

916 2632 1029 2666 detur.
1051 2633 1118 2666 En.
