2061 3288
468 203 1059 251 EPIGRAMMATUM
1097 204 1226 247 LIB.
1268 204 1351 246 lv.

1518 202 1617 257 [ω

263 297 347 341 Dic
377 295 452 338 ubi
482 295 537 339 sit
566 293 734 347 decies,
761 302 901 336 mater
932 290 1052 354 quod
1078 306 1210 333 avara
1242 288 1445 350 reliquit?

330 368 560 426 Nusquam
586 374 652 409 est
673 382 680 407 ε
705 364 842 408 fecisti
868 380 983 418 rem,
1010 363 1146 418 Line,
1172 360 1410 404 difficilem.

248 520 305 552 17.
330 508 395 540 Dic
419 507 495 546 ubi,
520 515 585 540 etc.
608 506 730 547 Quum
755 505 875 550 itaque

194 561 374 607 frugaliter
400 560 528 594 vixeris
542 585 550 600 ,
577 559 705 593 vestitu
718 586 727 600 ,
755 559 872 599 victu,

195 614 386 647 ministerio
412 622 446 646 et
480 625 607 646 venere
624 625 632 653 ;
666 624 775 657 quum
808 623 874 644 nec

195 668 289 712 igni,
323 679 387 700 nec
425 666 499 699 caeli
535 665 780 706 inelementia,
811 676 876 698 nec

193 720 375 766 naufragio
389 732 505 764 neque
522 720 592 752 alea
606 720 775 763 jacturam
792 718 878 751 fece-

194 773 260 810 ris,
282 772 438 806 demiror
456 771 636 817 quomodo
653 771 778 804 eodem
798 771 878 804 vitae

193 827 307 867 cultu,
328 838 397 871 quo
417 825 503 858 alius
519 825 597 871 quis
618 837 636 858 e
656 836 808 870 paupere
824 823 879 857 di-

197 891 254 912 ves
280 879 357 912 fieri
386 887 546 924 poterat,
572 885 610 911 tu
634 891 674 911 ex
703 877 878 910 ditissimo

194 933 303 965 factus
323 933 368 965 sis
388 932 646 977 pauperrimus.
669 953 721 958 -—
755 929 817 963 Ubi
837 933 878 963 sit

194 986 304 1019 decies.
325 986 408 1018 Post
426 984 591 1018 adverbia
612 985 732 1024 decies,
751 987 874 1023 tricies,

195 1047 260 1071 etc.
278 1038 435 1083 intellige
450 1051 587 1084 semper
604 1047 749 1072 centena
769 1037 877 1070 millia

195 1100 401 1125 sestertium.

993 506 1050 538 18.
1071 503 1191 536 Feciszi
1211 514 1273 534 rem
1290 527 1298 541 ,
1321 501 1402 533 Line
1417 528 1425 540 ,
1443 500 1617 545 difficilem.

934 556 1044 590 Ludit
1066 556 1102 588 iu
1129 554 1361 600 ambiguitate
1394 554 1494 587 verbi
1529 554 1623 587 Mar-

936 610 1025 644 tialis
1044 609 1142 655 quasi
1158 607 1278 641 dicens
1297 620 1304 640 :
1324 606 1409 640 dum
1431 619 1505 640 rem
1525 615 1619 639 tuam

929 663 1124 707 familiarem
1148 661 1258 695 fecisti
1277 659 1479 701 difficilem,
1499 659 1536 692 id
1551 668 1621 700 est,

931 729 1103 763 pauper-em
1122 712 1134 755 (
1149 713 1449 760 quemadmodum
1470 726 1552 759 opes
1568 712 1621 745 di-

939 778 1070 803 cuntur
1079 762 1300 812 facultates),
1321 780 1397 800 rem
1416 767 1528 799 fecisti
1553 765 1622 799 dif-

938 823 1067 856 ficilem
1081 848 1089 862 ‚
1101 822 1136 854 iu
1148 834 1214 867 qua
1226 819 1453 865 excogitanda
1468 820 1620 852 multum

937 876 1003 910 tibi
1035 876 1103 909 fuit
1136 873 1371 908 laborandum
1394 886 1402 907 :
1443 872 1622 906 difficilius

938 929 1030 963 enim
1060 937 1132 962 erat
1158 929 1414 974 patrimonium
1439 935 1538 959 tuum
1561 939 1621 959 ex-

936 982 1079 1016 haurire
1096 995 1198 1028 quam
1221 993 1358 1014 servare
1377 994 1385 1023 ;
1410 992 1518 1025 quum
1537 980 1621 1012 sim-

937 1036 1021 1082 plici
1041 1044 1074 1069 et
1100 1034 1292 1068 admodum
1316 1046 1423 1080 parco
1455 1033 1533 1066 vitae
1561 1045 1621 1078 ge·

939 1101 1023 1122 nere
1040 1089 1211 1122 hactenus
1229 1100 1312 1121 usus
1335 1087 1454 1120 fueris.
1470 1088 1536 1119 En.

777 1235 1045 1292 LXVII.

686 1393 742 1421 IN
775 1371 1128 1422 PRAETOREM.*

268 1520 541 1564 PRAETOREM
572 1533 740 1578 pauper
770 1526 948 1560 centum
976 1517 1172 1560 sestertia
1197 1519 1373 1561 Gaurus

339 1589 508 1633 Orabat
534 1604 643 1632 cana
666 1597 796 1632 notus
821 1588 1040 1643 amicitia3

253 1729 267 1743 ¹
288 1733 429 1774 Quibus
452 1745 576 1777 parum
604 1731 724 1764 deerat
753 1731 795 1764 ad
826 1744 881 1764 ex-

200 1785 371 1832 plendum
403 1798 545 1819 censum
577 1794 789 1830 equestrem,
815 1785 840 1817 ii
862 1797 881 1817 a

201 1839 390 1873 ditioribus
419 1839 537 1872 amicis
570 1839 755 1884 petebant,
786 1836 881 1870 unde

201 1893 393 1938 explerent.
417 1893 507 1924 Pliu.
538 1892 599 1924 lib.
623 1892 662 1932 I,
687 1892 788 1936 epist.
821 1903 880 1935 19.

202 1944 342 1979 Inducit
361 1945 469 1990 igitur
486 1953 675 1990 praetorem
695 1943 883 1990 quemdam

202 1998 347 2039 Noster,
363 1999 423 2043 qui
439 2007 579 2031 centum
592 1998 746 2030 sestertia
761 1997 883 2031 Gauro

203 2052 313 2085 amico
334 2050 377 2084 ad
400 2051 491 2084 hanc
508 2063 647 2084 causam
668 2050 803 2096 petenti
820 2063 882 2083 ne-

203 2113 286 2149 gat,
313 2105 394 2150 quia
424 2105 545 2150 ingens
577 2116 706 2137 munus
737 2103 882 2137 (laturus

204 2165 291 2190 esset
302 2157 439 2190 duobus
455 2170 628 2203 equorum
639 2157 864 2202 agitatoribus
873 2183 882 2197 ‚

204 2209 298 2243 unde
332 2211 389 2243 isti
423 2210 489 2243 sibi
528 2219 676 2243 statuam
711 2218 884 2256 ponerent

205 2272 434 2308 equestrem3
468 2262 744 2309 indignaturque
775 2264 882 2296 Poeta

205 2328 296 2361 equo
317 2329 410 2349 aeneo
432 2317 549 2361 potius
572 2329 676 2361 quam
701 2317 811 2361 equiti
830 2316 882 2349 vi-

204 2380 251 2401 vo
273 2369 458 2413 pecuniam
477 2382 573 2401 suam
592 2369 710 2414 largiri
729 2369 882 2402 amicum

205 2421 306 2454 illum
321 2422 565 2455 inhumanum.
578 2421 661 2454 Vid.
674 2422 733 2454 lib.
751 2422 795 2460 V,
813 2422 884 2467 epi-

206 2487 351 2520 gramm.
366 2488 444 2508 xxv.
458 2476 525 2508 En.
540 2495 592 2500 ——
605 2476 790 2507 Praetorem.
807 2475 883 2508 Hoc

207 2528 293 2560 mihi
304 2527 444 2561 videtur
457 2541 586 2561 nomen
602 2528 798 2573 proprium.
815 2528 880 2561 ΕΙ).

207 2581 277 2613 Alii
291 2589 406 2614 tamen
417 2581 620 2626 intelligunt
631 2582 884 2626 magistratum.

211 2634 331 2674 Quum
352 2634 511 2667 consules
531 2647 622 2679 saepe
644 2635 686 2666 ab
710 2635 807 2667 Urbe.
827 2635 887 2666 aln-

940 1745 1012 1765 esse
1031 1733 1162 1773 coacti⁷
1187 1746 1259 1766 non
1286 1743 1430 1780 possent
1451 1736 1507 1780 jus
1532 1748 1623 1769 sem-

939 1798 1003 1831 per
1031 1785 1148 1819 dicere
1176 1787 1335 1829 civibus,
1366 1797 1498 1832 praetor
1533 1802 1622 1822 uuus

941 1847 1074 1871 creatus
1103 1847 1153 1872 est
1180 1851 1273 1872 anno
1302 1841 1345 1872 ab
1367 1842 1456 1873 urhe
1481 1841 1623 1876 condita

945 1890 1017 1936 387
1031 1918 1040 1933 ,
1062 1893 1122 1937 qui
1142 1893 1363 1937 litigantibus
1379 1895 1467 1939 juris
1487 1895 1622 1928 formu-

941 1945 990 1977 las
1011 1943 1107 1978 daret
1122 1971 1131 1987 ‚
1151 1953 1186 1978 et
1210 1945 1298 1990 juris
1318 1947 1528 1992 quaestione,
1550 1961 1623 1982 non

943 2006 1060 2031 autem
1082 1999 1161 2032 facti
1175 2025 1184 2039 ,
1207 1999 1485 2044 dijudicata,eos
1504 2013 1622 2036 coram

940 2050 1119 2096 judicibus
1147 2051 1313 2097 pedaneis
1337 2054 1552 2095 remitteret3
1572 2056 1622 2088 sic

942 2104 1034 2137 illud
1067 2117 1196 2138 munus
1225 2107 1365 2148 obibat,
1399 2107 1495 2153 quod
1525 2121 1623 2141 nunc

942 2157 1036 2203 apud
1050 2158 1182 2203 Anglos
1197 2186 1206 2200 ,
1225 2160 1252 2191 le
1271 2160 1445 2193 chancelier
1458 2162 1496 2193 de
1516 2162 1624 2194 l'e'clzi-

942 2215 1038 2257 quiet:
1057 2212 1163 2244 Anno
1181 2221 1297 2245 autem
1313 2214 1355 2246 ab
1373 2215 1463 2247 urbe
1479 2214 1624 2248 condita

944 2269 1016 2298 510
1030 2290 1038 2305 ,
1069 2265 1155 2297 alter
1193 2274 1323 2310 praetor
1361 2266 1500 2300 additus
1516 2295 1525 2308 ,
1563 2268 1624 2313 qui

942 2318 1137 2362 peregrinis
1152 2319 1207 2362 jus
1224 2318 1370 2351 diceret.
1387 2321 1508 2354 Crevit
1523 2320 1624 2354 dein-

943 2369 988 2403 de
1017 2379 1209 2415 praetorum
1242 2384 1412 2405 numerus
1442 2386 1551 2419 usque
1579 2373 1624 2407 ad

950 2427 993 2462 14
1011 2435 1020 2465 3
1043 2436 1109 2456 nec
1139 2436 1262 2457 eorum
1282 2438 1411 2458 munus
1433 2426 1527 2460 idem
1552 2440 1625 2460 om-

945 2477 1030 2509 nino
1049 2478 1254 2522 permansit.
1277 2479 1343 2511 ΕΙ).

1003 2542 1035 2562 2.
1062 2530 1191 2562 Orabat
1211 2544 1287 2563 cara
1312 2532 1348 2564 in
1371 2531 1452 2567 edd.
1480 2542 1564 2567 vett.
1590 2542 1627 2568 ut

948 2582 1009 2614 lib.
1030 2583 1068 2624 I,
1091 2584 1197 2628 epigr.
1218 2597 1320 2626 xxvx3
1343 2589 1418 2618 nota'
1440 2600 1531 2619 carus
1550 2590 1628 2618 umi-

948 2638 1023 2667 citia
1042 2636 1078 2668 in
1094 2637 1304 2671 Beverlandi
1321 2639 1396 2672 MS.
1419 2662 1469 2666 -—
1492 2640 1629 2673 Orabat.
