2061 3288
426 226 1008 271 EPIGRAMMATUM
1046 225 1174 268 LIB.
1213 226 1310 268 111.

301 314 557 374 Cubitisque
581 312 719 356 trudit
747 313 850 357 hinc
873 322 916 356 et
947 311 1046 356 inde
1069 312 1300 367 convivas,

299 383 491 428 Effultus
519 393 663 439 ostro,
690 384 923 444 sericisque
949 382 1150 444 pulvinis.

300 453 641 509 Statcxoletus,
667 455 945 515 suggeritque
972 454 1162 497 ructanti

303 527 461 570 Pinnas
487 526 716 581 rubentes,
743 524 1029 585 cuspidesque
1052 523 1244 579 lentisci3

295 598 354 640 Et
381 597 579 640 aestuanti
604 606 733 640 tenue
763 594 943 639 ventilat
970 593 1107 656 frigus
1548 625 1578 639 ,0

298 668 462 728 Supina
489 668 666 728 prasino
695 666 938 711 concubina
967 664 1167 719 flabello,

298 739 523 799 Fugatque
555 753 726 782 muscas
756 746 924 797 myrtea
949 753 1059 797 puer
1088 737 1225 797 virga.

298 810 520 852 Percurrit
545 807 644 870 agili
673 825 832 870 corpus
858 817 950 851 arte
975 808 1224 863 tractatrix,

158 932 343 965 recubaret
361 950 388 965 n.
414 933 480 965 En.
499 953 549 958 -—
568 933 699 965 Forsan
719 932 767 965 sic
783 932 836 965 in-

161 984 388 1030 telligendum
405 997 412 1018 :
434 986 475 1018 In
492 985 581 1019 lecto
597 997 701 1030 quem
719 997 838 1031 super-

160 1038 203 1070 be
228 1038 362 1083 primus
382 1038 456 1084 ipse
481 1037 705 1079 conscendit,
734 1046 837 1084 atque

160 1091 207 1123 ita
242 1091 307 1124 sihi
339 1091 513 1132 vindicat,
544 1100 582 1125 ut
608 1104 679 1124 non
709 1092 837 1137 justam

160 1152 295 1188 partem
316 1144 440 1178 vicinis
462 1157 577 1178 secum
602 1145 837 1178 recumbenti-

161 1197 225 1229 bus
254 1197 432 1243 relinquat
455 1210 463 1231 :
487 1211 637 1242 occupare
665 1198 759 1231 enim
788 1206 838 1231 est

161 1249 266 1282 latine
289 1254 482 1296 przeripere,
509 1259 542 1284 et
565 1251 662 1296 quasi
684 1253 720 1282 ‘ri
740 1264 838 1295 espu—

107 1314 116 1324 ·
159 1315 271 1345 gnare.
288 1304 355 1336 En.
378 1326 430 1330 ——
453 1304 658 1338 Galbanum.
679 1304 838 1337 Galbinis

161 1354 313 1389 indutus.
350 1357 538 1390 Galbinum
566 1357 621 1389 vel
651 1357 838 1402 galbanum

161 1420 270 1452 genus
301 1417 351 1442 est
382 1410 578 1443 vestimenti
604 1409 838 1450 delicatioris,

160 1461 230 1494 nlhi
255 1470 288 1494 et
308 1462 502 1503 sublucidi,
527 1462 625 1508 quod
642 1463 756 1496 nullos
777 1463 838 1496 ha-

160 1514 217 1547 bet
235 1515 336 1561 pilos.
355 1516 485 1550 Juven.
504 1516 572 1549 Sat.
592 1516 650 1556 H,
669 1529 713 1559 9:
740 1534 752 1545 a
769 1516 840 1549 Cae·

160 1568 255 1600 rulea
271 1567 415 1602 indutus
436 1570 604 1602 scutulata
618 1595 627 1609 ‚
647 1578 707 1602 aut
723 1569 839 1615 galba-

161 1632 203 1652 na
216 1633 301 1654 rasa.
320 1639 333 1650 n
351 1621 444 1655 Vide
458 1622 518 1656 lib.
537 1622 554 1654 I
570 1648 578 1663 ,
596 1622 704 1667 epigr.
723 1634 839 1661 xcvn,

163 1685 300 1706 versum
319 1687 353 1718 9.

217 1729 250 1759 (i.
268 1726 390 1759 Cubieis
407 1728 504 1759 trudit
521 1728 556 1760 in
577 1726 657 1761 edd.
671 1736 757 1761 vett.
774 1727 840 1761 Cu·

162 1779 293 1825 bitlsque
311 1781 414 1812 tandit
430 1779 538 1813 codex
556 1781 754 1814 Pulmanni.
773 1781 843 1813 No—

162 1840 267 1864 stram
286 1833 471 1866 lectionem
495 1833 635 1867 exhibet
655 1834 841 1866 Beverlan-

162 1884 197 1917 (li
221 1886 293 1919 MS.
321 1907 372 1911 ———
398 1886 580 1932 Cubitisque
600 1887 700 1919 trudit
723 1887 794 1918 Ιιὶησ
812 1895 845 1918 et

164 1938 234 1971 inde
252 1941 407 1972 convivas.
423 1940 479 1972 Sic
498 1948 570 1972 erat
586 1940 620 1972 in
644 1939 762 1972 medio
777 1939 842 1972 ho-

163 1992 331 2024 noratiori
362 1992 440 2025 loco
472 2005 574 2037 quem
610 2001 843 2038 occupaverat

165 2044 375 2085 inciviliter-3
411 2054 443 2078 et
470 2046 610 2079 nolebat
640 2059 658 2079 a
686 2046 842 2079 convivis

165 2098 282 2142 tangi,
307 2098 359 2131 vel
387 2107 426 2131 ut
456 2099 566 2132 laxius
594 2100 812 2132 recumberet
833 2125 842 2139 ‚

165 2150 219 2182 vel
241 2162 285 2183 ne
307 2152 470 2195 pretiosae
489 2161 599 2185 vestes
618 2165 635 2185 a
653 2153 777 2185 vicinis
795 2160 843 2185 te-

167 2211 341 2237 rerentur.

221 2269 254 2299 7.
281 2256 397 2296 Ostro,
417 2260 579 2303 sericisque
593 2284 600 2297 ,
621 2267 686 2291 etc.
710 2257 751 2291 Id
769 2267 839 2296 est,

166 2308 319 2353 pulvinis
334 2309 453 2343 sericis
469 2319 503 2343 et
515 2319 611 2343 ostro
629 2311 758 2343 tinctis.
773 2312 840 2344 En.

218 2362 250 2394 8.
290 2362 498 2395 Beverlandi
528 2363 602 2396 MS.
641 2366 842 2409 suggerilqae

166 2417 316 2457 rusrlanti.
334 2437 386 2441 -——
405 2415 488 2449 Stat.
508 2416 661 2448 Ministri
683 2425 715 2449 et
731 2417 842 2461 pocil-

164 2467 290 2501 latores
315 2476 398 2500 stare
417 2467 596 2502 dicuntur.
618 2469 842 2502 Pocillatores

166 2520 334 2565 exquisita
345 2521 461 2553 ‘forma
480 2522 733 2567 conquirebant
746 2524 844 2555 Anti-

166 2573 238 2617 qui.
261 2596 311 2600 -—
332 2574 498 2607 Exulems.
517 2575 668 2608 Puerum
689 2576 842 2620 intellige

166 2638 181 2657 a
203 2624 334 2659 deliciis
351 2628 402 2659 sui
424 2626 569 2660 domini.
598 2627 674 2660 Vid.
694 2629 754 2661 lib.
778 2629 841 2668 ΠΤ,

165 2679 274 2722 epigr.
296 2692 396 2720 μνη,
416 2693 462 2713 vs.
484 2696 502 2723 ς)
525 2689 557 2713 et
584 2693 636 2714 1o.
655 2704 705 2708 —
722 2682 841 2726 Sugge-

898 934 997 977 ritque
1019 934 1166 965 ructanti.
1185 953 1237 958 -—
1253 931 1365 964 Pinna
1386 931 1422 964 in
1447 943 1485 964 os
1510 931 1575 964 im-

898 985 1000 1018 missa
1033 996 1222 1018 exonerare
1246 985 1464 1018 stomachum
1492 985 1578 1017 sole-

897 1038 981 1071 bant
990 1037 1028 1070 hi
1040 1038 1236 1071 helluones.
1249 1038 1391 1072 Sueton.
1403 1037 1440 1070 in
1451 1037 1574 1071 Claud.

897 1103 974 1136 cap.
996 1103 1110 1124 xxxm
1126 1103 1134 1124 :
1155 1108 1168 1120 «
1185 1091 1259 1125 Nec
1274 1099 1405 1124 temere
1419 1103 1576 1136 unquam

899 1144 1053 1177 triclinio
1066 1144 1248 1185 abscessit,
1263 1144 1329 1177 nisi
1349 1144 1519 1177 distentus
1539 1156 1577 1177 ac

898 1196 1059 1239 madens,
1080 1205 1114 1230 et
1130 1205 1169 1230 ut
1185 1197 1300 1230 statim
1313 1198 1439 1243 supino
1457 1209 1495 1230 ac
1514 1210 1577 1242 per

899 1263 1059 1284 somnum
1077 1250 1188 1283 hianti
1210 1250 1320 1295 pinna
1338 1251 1375 1283 in
1393 1263 1431 1283 os
1444 1249 1579 1283 indere-

899 1312 968 1344 tur,
983 1302 1298 1337 adexonerandum
1308 1303 1540 1337 stomachum:
1559 1321 1571 1332 n

899 1357 986 1397 Quae
997 1355 1216 1390 consuetudo
1232 1357 1262 1390 ei
1279 1357 1424 1389 exitium
1445 1357 1576 1396 attulit,

899 1418 938 1442 ut
954 1419 1072 1443 narrat
1091 1410 1249 1450 Tacitus,
1269 1418 1412 1442 extrem.
1433 1409 1578 1442 lib.XII

900 1463 1102 1496 Annalium.
1124 1481 1136 1493 κ
1152 1463 1264 1508 Igitur
1282 1463 1443 1495 exterrita
1455 1463 1580 1508 Agrip-

900 1516 981 1560 pina
994 1540 1003 1557 ‚
1020 1525 1054 1549 et
1068 1515 1212 1561 quando
1224 1516 1343 1548 ultima
1355 1516 1580 1555 timebantur,

901 1577 1016 1614 spreta
1036 1569 1259 1615 praesentium
1281 1568 1413 1602 invidia
1427 1594 1435 1609 ‚
1455 1569 1581 1613 praevi-

901 1635 972 1654 sam
994 1624 1065 1667 jam
1091 1622 1155 1655 sibi
1176 1622 1427 1668 Xenophontis
1452 1621 1579 1654 medici

901 1676 1146 1708 conscientiam
1164 1674 1319 1708 adhibet.
1337 1675 1399 1708 Ille
1414 1684 1580 1720 tanquam

901 1728 996 1761 nisus
1012 1729 1206 1761 evomentis
1222 1727 1416 1773 adjuvaret,
1437 1728 1579 1773 pinnam

901 1780 1027 1826 rapido
1047 1794 1183 1814 veneno
1202 1782 1324 1815 illitam
1339 1781 1495 1814 faucibus
1508 1782 1581 1825 ejus

903 1833 1081 1867 demisisse
1095 1833 1264 1867 creditur.
1287 1852 1300 1864 ›>
1318 1835 1500 1880 Spectabat
1522 1834 1583 1879 igi-

903 1896 960 1919 tur
979 1887 1135 1920 exoletus
1152 1896 1271 1920 ructus
1287 1888 1393 1927 Zoili,
1412 1895 1450 1919 ut
1472 1887 1583 1920 hianti

904 1953 963 1972 ore
980 1940 1106 1985 pinnas
1128 1940 1312 1984 ingereret.
1329 1941 1482 1972 Ramires.

958 2008 993 2037 9.
1012 1993 1126 2038 Splnas
1145 1993 1286 2025 rubentes
1302 1993 1437 2026 Beverl.
1449 1991 1583 2026 MS.—

903 2047 1025 2078 Pinnas
1045 2046 1196 2079 rubentes.
1216 2045 1476 2090 Phoenicopteri
1499 2058 1584 2090 pen-

903 2112 962 2132 nas
982 2100 1017 2132 in
1034 2099 1102 2132 hoc
1121 2099 1297 2144 negotium
1318 2098 1515 2132 adhibuisse
1535 2099 1585 2131 vi-

904 2152 1017 2185 detur.
1039 2151 1122 2190 Vid.
1148 2165 1243 2197 supr.
1263 2153 1373 2197 epigr.
1394 2164 1489 2185 Lvut
1503 2177 1512 2193 .
1531 2164 1580 2184 vs.

909 2211 968 2246 14,
989 2214 1023 2237 et
1050 2205 1112 2238 lib.
1140 2206 1251 2246 XIII,
1281 2206 1390 2251 epigr.
1420 2217 1514 2238 an.
1531 2225 1582 2230 —

905 2258 1136 2303 Cuspidesqzte,
1156 2267 1219 2291 etc.
1246 2258 1479 2303 Dentiscalpia
1495 2283 1503 2299 ,
1522 2258 1583 2290 lib.

904 2312 1001 2349 XIV,
1021 2312 1130 2356 epigr.
1150 2323 1238 2344 xxn.

965 2376 978 2396 Ι
992 2376 1018 2397 1.
1040 2364 1322 2408 Prust'noflabello
1336 2391 1344 2403 ‚
1367 2372 1432 2397 etc.
1455 2362 1582 2396 Viridi.

962 2429 974 2448 1
986 2430 1019 2449 2.
1042 2417 1170 2462 illyrica
1188 2419 1296 2460 «virga.
1314 2416 1489 2449 Indicium
1508 2417 1584 2449 libi-

902 2468 994 2502 dinis
1014 2482 1022 2502 .·
1046 2470 1176 2502 Veneri
1195 2470 1288 2502 enim
1308 2482 1413 2503 sacra.

962 2534 973 2554 1
986 2523 1018 2555 3.
1050 2523 1213 2555 Percurrit
1243 2523 1344 2554 habuc·
1373 2536 1483 2568 coiyms
1517 2531 1585 2553 cit-le

899 2576 1063 2619 palpante
1075 2577 1091 2608 J
1101 2577 1223 2608 untina
1234 2584 1350 2608 nostra
1367 2577 1402 2608 in
1416 2575 1581 2619 margine.

903 2650 952 2653 ,Μ
979 2629 1171 2662 'fructuli-ix.
1202 2629 1325 2662 Molles
1354 2630 1447 2661 enim
1479 2630 1585 2660 Vete-

903 2694 980 2714 rum
1017 2680 1150 2715 deliciae
1181 2694 1220 2714 eo
1250 2690 1489 2727 processerant
1506 2705 1514 2721 ‚
1546 2692 1586 2712 ut
