<?xml version="1.0" encoding="UTF-8"?>
<!DOCTYPE html PUBLIC "-//W3C//DTD XHTML 1.0 Transitional//EN"
    "http://www.w3.org/TR/xhtml1/DTD/xhtml1-transitional.dtd">
<html xmlns="http://www.w3.org/1999/xhtml" xml:lang="en" lang="en">
 <head>
  <title>
</title>
<meta http-equiv="Content-Type" content="text/html;charset=utf-8" />
  <meta name='ocr-system' content='tesseract 3.04.00' />
  <meta name='ocr-capabilities' content='ocr_page ocr_carea ocr_par ocr_line ocrx_word'/>
</head>
<body>
  <div class='ocr_page' id='page_1' title='image "./epigrammata01martuoft_0581.png"; bbox 0 0 2061 3288; ppageno 0'>
   <div class='ocr_carea' id='block_1_1' title="bbox 444 230 1313 277">
    <p class='ocr_par' dir='ltr' id='par_1_1' title="bbox 444 230 1313 277">
     <span class='ocr_line' id='line_1_1' title="bbox 444 230 1313 277; baseline -0.007 0"><span class='ocrx_word' id='word_1_1' title='bbox 444 230 1026 277; x_wconf 86' lang='lat' dir='ltr'><strong>EPIGRAMMATUM</strong></span> <span class='ocrx_word' id='word_1_2' title='bbox 1065 230 1187 272; x_wconf 88' lang='lat' dir='ltr'>LIB.</span> <span class='ocrx_word' id='word_1_3' title='bbox 1227 230 1313 272; x_wconf 90' lang='lat' dir='ltr'>IV.</span> 
     </span>
    </p>
   </div>
   <div class='ocr_carea' id='block_1_2' title="bbox 1482 231 1583 290">
    <p class='ocr_par' dir='ltr' id='par_1_2' title="bbox 1482 231 1583 290">
     <span class='ocr_line' id='line_1_2' title="bbox 1482 231 1583 290; baseline 0 -18"><span class='ocrx_word' id='word_1_4' title='bbox 1482 231 1583 290; x_wconf 73' lang='lat'>[109</span> 
     </span>
    </p>
   </div>
   <div class='ocr_carea' id='block_1_3' title="bbox 380 316 1416 1090">
    <p class='ocr_par' dir='ltr' id='par_1_3' title="bbox 380 316 1416 452">
     <span class='ocr_line' id='line_1_3' title="bbox 381 316 1416 382; baseline -0.006 -17"><span class='ocrx_word' id='word_1_5' title='bbox 381 320 521 379; x_wconf 84' lang='lat' dir='ltr'>Quid,</span> <span class='ocrx_word' id='word_1_6' title='bbox 545 319 661 382; x_wconf 89' lang='lat' dir='ltr'>quod</span> <span class='ocrx_word' id='word_1_7' title='bbox 686 336 846 364; x_wconf 89' lang='lat' dir='ltr'>nomen</span> <span class='ocrx_word' id='word_1_8' title='bbox 869 318 1054 372; x_wconf 84' lang='lat' dir='ltr'>habent,</span> <span class='ocrx_word' id='word_1_9' title='bbox 1077 326 1120 360; x_wconf 84' lang='lat' dir='ltr'>et</span> <span class='ocrx_word' id='word_1_10' title='bbox 1143 316 1197 360; x_wconf 85' lang='lat' dir='ltr'>ad</span> <span class='ocrx_word' id='word_1_11' title='bbox 1222 317 1416 377; x_wconf 75' lang='lat' dir='ltr'>magistri</span> 
     </span>
     <span class='ocr_line' id='line_1_4' title="bbox 380 386 1191 452; baseline -0.007 -16"><span class='ocrx_word' id='word_1_12' title='bbox 380 395 546 436; x_wconf 84' lang='lat' dir='ltr'>Vocem</span> <span class='ocrx_word' id='word_1_13' title='bbox 575 392 754 452; x_wconf 81' lang='lat' dir='ltr'>quisque.</span> <span class='ocrx_word' id='word_1_14' title='bbox 775 391 840 435; x_wconf 91' lang='lat' dir='ltr'>sui</span> <span class='ocrx_word' id='word_1_15' title='bbox 863 390 981 433; x_wconf 85' lang='lat' dir='ltr'>venit</span> <span class='ocrx_word' id='word_1_16' title='bbox 1003 386 1191 433; x_wconf 75' lang='lat' dir='ltr'>citatus?</span> 
     </span>
    </p>

    <p class='ocr_par' dir='ltr' id='par_1_4' title="bbox 381 458 1324 876">
     <span class='ocr_line' id='line_1_5' title="bbox 382 458 1324 523; baseline -0.007 -16"><span class='ocrx_word' id='word_1_17' title='bbox 382 465 475 507; x_wconf 93' lang='lat' dir='ltr'>Hoc</span> <span class='ocrx_word' id='word_1_18' title='bbox 497 462 718 523; x_wconf 88' lang='lat' dir='ltr'>quondam</span> <span class='ocrx_word' id='word_1_19' title='bbox 742 462 874 522; x_wconf 89' lang='lat' dir='ltr'>Libys</span> <span class='ocrx_word' id='word_1_20' title='bbox 899 460 1056 521; x_wconf 86' lang='lat' dir='ltr'>impius</span> <span class='ocrx_word' id='word_1_21' title='bbox 1081 458 1324 519; x_wconf 87' lang='lat' dir='ltr'>profundo,</span> 
     </span>
     <span class='ocr_line' id='line_1_6' title="bbox 381 529 1310 594; baseline -0.005 -17"><span class='ocrx_word' id='word_1_22' title='bbox 381 536 501 577; x_wconf 87' lang='lat' dir='ltr'>Dum</span> <span class='ocrx_word' id='word_1_23' title='bbox 527 532 716 594; x_wconf 78' lang='lat' dir='ltr'>praedam</span> <span class='ocrx_word' id='word_1_24' title='bbox 741 531 909 577; x_wconf 86' lang='lat' dir='ltr'>calamo</span> <span class='ocrx_word' id='word_1_25' title='bbox 929 539 1143 575; x_wconf 85' lang='lat' dir='ltr'>tremente</span> <span class='ocrx_word' id='word_1_26' title='bbox 1168 529 1310 583; x_wconf 85' lang='lat' dir='ltr'>ducit,</span> 
     </span>
     <span class='ocr_line' id='line_1_7' title="bbox 382 603 1160 666; baseline -0.005 -18"><span class='ocrx_word' id='word_1_27' title='bbox 382 605 535 666; x_wconf 78' lang='lat' dir='ltr'>Raptis</span> <span class='ocrx_word' id='word_1_28' title='bbox 562 603 796 648; x_wconf 87' lang='lat' dir='ltr'>luminibus</span> <span class='ocrx_word' id='word_1_29' title='bbox 817 611 995 664; x_wconf 84' lang='lat' dir='ltr'>repente</span> <span class='ocrx_word' id='word_1_30' title='bbox 1023 617 1160 646; x_wconf 83' lang='lat' dir='ltr'>caecus</span> 
     </span>
     <span class='ocr_line' id='line_1_8' title="bbox 384 672 1257 737; baseline -0.006 -18"><span class='ocrx_word' id='word_1_31' title='bbox 384 678 573 737; x_wconf 88' lang='lat' dir='ltr'>Captum</span> <span class='ocrx_word' id='word_1_32' title='bbox 603 691 691 718; x_wconf 92' lang='lat' dir='ltr'>non</span> <span class='ocrx_word' id='word_1_33' title='bbox 709 675 860 736; x_wconf 83' lang='lat' dir='ltr'>potuit</span> <span class='ocrx_word' id='word_1_34' title='bbox 887 673 1035 716; x_wconf 77' lang='lat' dir='ltr'>videre</span> <span class='ocrx_word' id='word_1_35' title='bbox 1061 672 1222 733; x_wconf 83' lang='lat' dir='ltr'>piscem</span> <span class='ocrx_word' id='word_1_36' title='bbox 1250 689 1257 713; x_wconf 76' lang='grc' dir='ltr'>ε</span> 
     </span>
     <span class='ocr_line' id='line_1_9' title="bbox 382 743 1244 806; baseline -0.006 -16"><span class='ocrx_word' id='word_1_37' title='bbox 382 748 438 790; x_wconf 83' lang='lat' dir='ltr'>Et</span> <span class='ocrx_word' id='word_1_38' title='bbox 463 752 580 790; x_wconf 75' lang='lat' dir='ltr'>nnnc</span> <span class='ocrx_word' id='word_1_39' title='bbox 607 744 838 806; x_wconf 83' lang='lat' dir='ltr'>sacrilegos</span> <span class='ocrx_word' id='word_1_40' title='bbox 863 760 1043 805; x_wconf 86' lang='lat' dir='ltr'>perosus</span> <span class='ocrx_word' id='word_1_41' title='bbox 1069 743 1244 797; x_wconf 78' lang='lat' dir='ltr'>hamos,</span> 
     </span>
     <span class='ocr_line' id='line_1_10' title="bbox 383 815 1148 876; baseline -0.005 -15"><span class='ocrx_word' id='word_1_42' title='bbox 383 818 568 861; x_wconf 81' lang='lat' dir='ltr'>Baianos</span> <span class='ocrx_word' id='word_1_43' title='bbox 594 816 714 861; x_wconf 85' lang='lat' dir='ltr'>sedet</span> <span class='ocrx_word' id='word_1_44' title='bbox 735 816 789 859; x_wconf 86' lang='lat' dir='ltr'>ad</span> <span class='ocrx_word' id='word_1_45' title='bbox 814 815 932 860; x_wconf 82' lang='lat' dir='ltr'>lacus</span> <span class='ocrx_word' id='word_1_46' title='bbox 960 824 1148 876; x_wconf 84' lang='lat' dir='ltr'>rogator.</span> 
     </span>
    </p>

    <p class='ocr_par' dir='ltr' id='par_1_5' title="bbox 381 883 1277 1019">
     <span class='ocr_line' id='line_1_11' title="bbox 384 883 1277 948; baseline -0.004 -17"><span class='ocrx_word' id='word_1_47' title='bbox 384 889 438 931; x_wconf 81' lang='lat' dir='ltr'>At</span> <span class='ocrx_word' id='word_1_48' title='bbox 464 898 509 931; x_wconf 81' lang='lat' dir='ltr'>tu</span> <span class='ocrx_word' id='word_1_49' title='bbox 525 922 535 941; x_wconf 89' lang='lat'>,</span> <span class='ocrx_word' id='word_1_50' title='bbox 562 888 666 931; x_wconf 89' lang='lat' dir='ltr'>dum</span> <span class='ocrx_word' id='word_1_51' title='bbox 693 897 840 948; x_wconf 80' lang='lat' dir='ltr'>potes,</span> <span class='ocrx_word' id='word_1_52' title='bbox 866 889 1075 931; x_wconf 75' lang='lat' dir='ltr'>innocens</span> <span class='ocrx_word' id='word_1_53' title='bbox 1101 883 1277 936; x_wconf 69' lang='lat' dir='ltr'>recede,</span> 
     </span>
     <span class='ocr_line' id='line_1_12' title="bbox 381 956 1202 1019; baseline -0.002 -18"><span class='ocrx_word' id='word_1_54' title='bbox 381 960 513 1002; x_wconf 82' lang='lat' dir='ltr'>Jactis</span> <span class='ocrx_word' id='word_1_55' title='bbox 541 957 808 1019; x_wconf 86' lang='lat' dir='ltr'>simplicibus</span> <span class='ocrx_word' id='word_1_56' title='bbox 834 958 938 1002; x_wconf 87' lang='lat' dir='ltr'>cibis</span> <span class='ocrx_word' id='word_1_57' title='bbox 965 958 1006 1000; x_wconf 90' lang='lat' dir='ltr'>in</span> <span class='ocrx_word' id='word_1_58' title='bbox 1038 956 1202 1011; x_wconf 73' lang='lat' dir='ltr'>undas,</span> 
     </span>
    </p>

    <p class='ocr_par' dir='ltr' id='par_1_6' title="bbox 383 1029 1091 1090">
     <span class='ocr_line' id='line_1_13' title="bbox 383 1029 1091 1090; baseline -0.001 -18"><span class='ocrx_word' id='word_1_59' title='bbox 383 1031 439 1073; x_wconf 87' lang='lat' dir='ltr'>Et</span> <span class='ocrx_word' id='word_1_60' title='bbox 463 1030 602 1090; x_wconf 87' lang='lat' dir='ltr'>pisces</span> <span class='ocrx_word' id='word_1_61' title='bbox 625 1045 834 1073; x_wconf 83' lang='lat' dir='ltr'>venerare</span> <span class='ocrx_word' id='word_1_62' title='bbox 857 1029 1091 1072; x_wconf 85' lang='lat' dir='ltr'>dedicatos.</span> 
     </span>
    </p>
   </div>
   <div class='ocr_carea' id='block_1_4' title="bbox 175 1166 858 2643">
    <p class='ocr_par' dir='ltr' id='par_1_7' title="bbox 175 1166 850 1532">
     <span class='ocr_line' id='line_1_14' title="bbox 229 1166 847 1211; baseline -0.003 -12"><span class='ocrx_word' id='word_1_63' title='bbox 229 1169 264 1199; x_wconf 79' lang='lat'>6.</span> <span class='ocrx_word' id='word_1_64' title='bbox 288 1166 387 1210; x_wconf 78' lang='lat' dir='ltr'>Quid,</span> <span class='ocrx_word' id='word_1_65' title='bbox 409 1166 503 1211; x_wconf 84' lang='lat' dir='ltr'>quod.</span> <span class='ocrx_word' id='word_1_66' title='bbox 521 1166 776 1198; x_wconf 82' lang='lat' dir='ltr'>Vehementius</span> <span class='ocrx_word' id='word_1_67' title='bbox 794 1166 847 1198; x_wconf 91' lang='lat' dir='ltr'>in-</span> 
     </span>
     <span class='ocr_line' id='line_1_15' title="bbox 175 1218 849 1265; baseline -0.003 -12"><span class='ocrx_word' id='word_1_68' title='bbox 175 1218 286 1253; x_wconf 85' lang='lat' dir='ltr'>standi</span> <span class='ocrx_word' id='word_1_69' title='bbox 310 1219 417 1264; x_wconf 82' lang='lat' dir='ltr'>gratia</span> <span class='ocrx_word' id='word_1_70' title='bbox 437 1218 514 1265; x_wconf 82' lang='lat' dir='ltr'>quid</span> <span class='ocrx_word' id='word_1_71' title='bbox 529 1219 613 1264; x_wconf 76' lang='lat' dir='ltr'>quod</span> <span class='ocrx_word' id='word_1_72' title='bbox 633 1219 669 1251; x_wconf 87' lang='lat' dir='ltr'>in</span> <span class='ocrx_word' id='word_1_73' title='bbox 692 1218 849 1251; x_wconf 86' lang='lat' dir='ltr'>oratione</span> 
     </span>
     <span class='ocr_line' id='line_1_16' title="bbox 176 1271 846 1318; baseline -0.003 -12"><span class='ocrx_word' id='word_1_74' title='bbox 176 1274 330 1318; x_wconf 80' lang='lat' dir='ltr'>ponitur.</span> <span class='ocrx_word' id='word_1_75' title='bbox 355 1271 478 1305; x_wconf 88' lang='lat' dir='ltr'>Cicero</span> <span class='ocrx_word' id='word_1_76' title='bbox 496 1284 563 1316; x_wconf 88' lang='lat' dir='ltr'>pro</span> <span class='ocrx_word' id='word_1_77' title='bbox 583 1271 657 1317; x_wconf 83' lang='lat' dir='ltr'>lege</span> <span class='ocrx_word' id='word_1_78' title='bbox 676 1271 818 1304; x_wconf 83' lang='lat' dir='ltr'>Manilia</span> <span class='ocrx_word' id='word_1_79' title='bbox 841 1284 846 1304; x_wconf 95' lang='lat'><strong>:</strong></span> 
     </span>
     <span class='ocr_line' id='line_1_17' title="bbox 180 1323 850 1370; baseline -0.003 -11"><span class='ocrx_word' id='word_1_80' title='bbox 180 1344 192 1354; x_wconf 76' lang='lat' dir='ltr'>u</span> <span class='ocrx_word' id='word_1_81' title='bbox 202 1324 319 1367; x_wconf 87' lang='lat' dir='ltr'>Quid,</span> <span class='ocrx_word' id='word_1_82' title='bbox 341 1323 434 1370; x_wconf 85' lang='lat' dir='ltr'>quod</span> <span class='ocrx_word' id='word_1_83' title='bbox 456 1325 546 1358; x_wconf 86' lang='lat' dir='ltr'>salus</span> <span class='ocrx_word' id='word_1_84' title='bbox 564 1325 741 1358; x_wconf 87' lang='lat' dir='ltr'>sociorum</span> <span class='ocrx_word' id='word_1_85' title='bbox 756 1338 850 1358; x_wconf 90' lang='lat' dir='ltr'>sum-</span> 
     </span>
     <span class='ocr_line' id='line_1_18' title="bbox 176 1377 850 1423; baseline 0.001 -13"><span class='ocrx_word' id='word_1_86' title='bbox 176 1392 270 1412; x_wconf 85' lang='lat' dir='ltr'>mum</span> <span class='ocrx_word' id='word_1_87' title='bbox 301 1379 337 1411; x_wconf 90' lang='lat' dir='ltr'>in</span> <span class='ocrx_word' id='word_1_88' title='bbox 372 1378 568 1423; x_wconf 88' lang='lat' dir='ltr'>periculum</span> <span class='ocrx_word' id='word_1_89' title='bbox 596 1391 635 1411; x_wconf 87' lang='lat' dir='ltr'>ac</span> <span class='ocrx_word' id='word_1_90' title='bbox 664 1377 850 1411; x_wconf 88' lang='lat' dir='ltr'>discrimen</span> 
     </span>
     <span class='ocr_line' id='line_1_19' title="bbox 176 1431 850 1476; baseline -0.001 -11"><span class='ocrx_word' id='word_1_91' title='bbox 176 1431 389 1465; x_wconf 78' lang='lat' dir='ltr'>adducitur?</span> <span class='ocrx_word' id='word_1_92' title='bbox 409 1448 422 1460; x_wconf 67' lang='lat' dir='ltr'>n</span> <span class='ocrx_word' id='word_1_93' title='bbox 446 1452 497 1457; x_wconf 88' lang='grc'>--</span> <span class='ocrx_word' id='word_1_94' title='bbox 514 1431 679 1476; x_wconf 63' lang='lat' dir='ltr'>Magistri.</span> <span class='ocrx_word' id='word_1_95' title='bbox 697 1431 752 1465; x_wconf 85' lang='lat' dir='ltr'>Sic</span> <span class='ocrx_word' id='word_1_96' title='bbox 771 1444 850 1464; x_wconf 88' lang='lat' dir='ltr'>eum</span> 
     </span>
     <span class='ocr_line' id='line_1_20' title="bbox 175 1485 849 1532; baseline -0.003 -13"><span class='ocrx_word' id='word_1_97' title='bbox 175 1485 324 1531; x_wconf 85' lang='lat' dir='ltr'>appellat</span> <span class='ocrx_word' id='word_1_98' title='bbox 335 1485 394 1531; x_wconf 87' lang='lat' dir='ltr'>qui</span> <span class='ocrx_word' id='word_1_99' title='bbox 405 1485 546 1532; x_wconf 85' lang='lat' dir='ltr'>piscinae</span> <span class='ocrx_word' id='word_1_100' title='bbox 555 1497 675 1518; x_wconf 85' lang='lat' dir='ltr'>curam</span> <span class='ocrx_word' id='word_1_101' title='bbox 689 1485 849 1518; x_wconf 86' lang='lat' dir='ltr'>habebat.</span> 
     </span>
    </p>

    <p class='ocr_par' dir='ltr' id='par_1_8' title="bbox 175 1538 853 2170">
     <span class='ocr_line' id='line_1_21' title="bbox 230 1538 850 1584; baseline -0.002 -12"><span class='ocrx_word' id='word_1_102' title='bbox 230 1551 263 1583; x_wconf 76' lang='lat'>7.</span> <span class='ocrx_word' id='word_1_103' title='bbox 280 1538 345 1572; x_wconf 55' lang='lat' dir='ltr'>fid</span> <span class='ocrx_word' id='word_1_104' title='bbox 376 1552 478 1571; x_wconf 70' lang='lat' dir='ltr'>vocem</span> <span class='ocrx_word' id='word_1_105' title='bbox 507 1541 644 1584; x_wconf 78' lang='lat' dir='ltr'>quisque.</span> <span class='ocrx_word' id='word_1_106' title='bbox 677 1538 756 1571; x_wconf 87' lang='lat' dir='ltr'>Non</span> <span class='ocrx_word' id='word_1_107' title='bbox 788 1538 850 1571; x_wconf 83' lang='lat' dir='ltr'>ha-</span> 
     </span>
     <span class='ocr_line' id='line_1_22' title="bbox 175 1590 850 1633; baseline 0 -9"><span class='ocrx_word' id='word_1_108' title='bbox 175 1591 258 1624; x_wconf 85' lang='lat' dir='ltr'>bere</span> <span class='ocrx_word' id='word_1_109' title='bbox 280 1600 412 1626; x_wconf 86' lang='lat' dir='ltr'>meatus</span> <span class='ocrx_word' id='word_1_110' title='bbox 432 1600 466 1625; x_wconf 88' lang='lat' dir='ltr'>et</span> <span class='ocrx_word' id='word_1_111' title='bbox 493 1591 664 1625; x_wconf 80' lang='lat' dir='ltr'>foramina</span> <span class='ocrx_word' id='word_1_112' title='bbox 686 1590 825 1625; x_wconf 85' lang='lat' dir='ltr'>auditus</span> <span class='ocrx_word' id='word_1_113' title='bbox 842 1618 850 1633; x_wconf 90' lang='lat'>‚</span> 
     </span>
     <span class='ocr_line' id='line_1_23' title="bbox 177 1643 848 1678; baseline 0.001 -2"><span class='ocrx_word' id='word_1_114' title='bbox 177 1643 298 1677; x_wconf 85' lang='lat' dir='ltr'>audire</span> <span class='ocrx_word' id='word_1_115' title='bbox 318 1653 434 1678; x_wconf 86' lang='lat' dir='ltr'>tamen</span> <span class='ocrx_word' id='word_1_116' title='bbox 454 1645 614 1678; x_wconf 87' lang='lat' dir='ltr'>scribunt</span> <span class='ocrx_word' id='word_1_117' title='bbox 628 1645 771 1678; x_wconf 89' lang='lat' dir='ltr'>Aristot.</span> <span class='ocrx_word' id='word_1_118' title='bbox 789 1645 848 1677; x_wconf 89' lang='lat' dir='ltr'>lib.</span> 
     </span>
     <span class='ocr_line' id='line_1_24' title="bbox 177 1698 849 1743; baseline 0.003 -14"><span class='ocrx_word' id='word_1_119' title='bbox 177 1698 242 1738; x_wconf 92' lang='lat' dir='ltr'>IV,</span> <span class='ocrx_word' id='word_1_120' title='bbox 262 1698 413 1731; x_wconf 88' lang='lat' dir='ltr'>Animal.</span> <span class='ocrx_word' id='word_1_121' title='bbox 446 1707 479 1731; x_wconf 88' lang='lat' dir='ltr'>et</span> <span class='ocrx_word' id='word_1_122' title='bbox 502 1698 591 1730; x_wconf 87' lang='lat' dir='ltr'>Plin.</span> <span class='ocrx_word' id='word_1_123' title='bbox 615 1698 676 1730; x_wconf 92' lang='lat' dir='ltr'>lib.</span> <span class='ocrx_word' id='word_1_124' title='bbox 699 1698 732 1730; x_wconf 93' lang='lat' dir='ltr'>X</span> <span class='ocrx_word' id='word_1_125' title='bbox 747 1724 756 1739; x_wconf 92' lang='lat'><em>‚</em></span> <span class='ocrx_word' id='word_1_126' title='bbox 777 1711 849 1743; x_wconf 83' lang='lat' dir='ltr'>cap.</span> 
     </span>
     <span class='ocr_line' id='line_1_25' title="bbox 180 1750 850 1796; baseline 0 -12"><span class='ocrx_word' id='word_1_127' title='bbox 180 1764 237 1794; x_wconf 83' lang='lat'>70.</span> <span class='ocrx_word' id='word_1_128' title='bbox 256 1750 416 1784; x_wconf 87' lang='lat' dir='ltr'>Credunt</span> <span class='ocrx_word' id='word_1_129' title='bbox 445 1751 583 1796; x_wconf 72' lang='lat' dir='ltr'>physici</span> <span class='ocrx_word' id='word_1_130' title='bbox 611 1751 821 1784; x_wconf 85' lang='lat' dir='ltr'>recentiores</span> <span class='ocrx_word' id='word_1_131' title='bbox 840 1776 850 1792; x_wconf 90' lang='lat'><strong>‚</strong></span> 
     </span>
     <span class='ocr_line' id='line_1_26' title="bbox 177 1803 849 1850; baseline 0 -14"><span class='ocrx_word' id='word_1_132' title='bbox 177 1816 286 1849; x_wconf 89' lang='lat' dir='ltr'>quum</span> <span class='ocrx_word' id='word_1_133' title='bbox 308 1805 418 1850; x_wconf 86' lang='lat' dir='ltr'>pisces</span> <span class='ocrx_word' id='word_1_134' title='bbox 438 1804 544 1837; x_wconf 88' lang='lat' dir='ltr'>nullis</span> <span class='ocrx_word' id='word_1_135' title='bbox 569 1803 613 1837; x_wconf 90' lang='lat' dir='ltr'>ad</span> <span class='ocrx_word' id='word_1_136' title='bbox 636 1803 849 1837; x_wconf 87' lang='lat' dir='ltr'>audiendum</span> 
     </span>
     <span class='ocr_line' id='line_1_27' title="bbox 177 1856 852 1898; baseline 0 -8"><span class='ocrx_word' id='word_1_137' title='bbox 177 1856 332 1891; x_wconf 77' lang='lat' dir='ltr'>aditibus</span> <span class='ocrx_word' id='word_1_138' title='bbox 360 1857 525 1891; x_wconf 88' lang='lat' dir='ltr'>instructi</span> <span class='ocrx_word' id='word_1_139' title='bbox 556 1857 624 1890; x_wconf 88' lang='lat' dir='ltr'>sint</span> <span class='ocrx_word' id='word_1_140' title='bbox 658 1870 676 1889; x_wconf 86' lang='lat' dir='ltr'>a</span> <span class='ocrx_word' id='word_1_141' title='bbox 709 1866 852 1898; x_wconf 76' lang='lat' dir='ltr'>natura,</span> 
     </span>
     <span class='ocr_line' id='line_1_28' title="bbox 178 1911 853 1957; baseline -0.001 -13"><span class='ocrx_word' id='word_1_142' title='bbox 178 1923 235 1944; x_wconf 88' lang='lat' dir='ltr'>eos</span> <span class='ocrx_word' id='word_1_143' title='bbox 252 1911 434 1957; x_wconf 86' lang='lat' dir='ltr'>percipere</span> <span class='ocrx_word' id='word_1_144' title='bbox 449 1923 575 1943; x_wconf 85' lang='lat' dir='ltr'>sonum</span> <span class='ocrx_word' id='word_1_145' title='bbox 597 1919 631 1943; x_wconf 87' lang='lat' dir='ltr'>et</span> <span class='ocrx_word' id='word_1_146' title='bbox 649 1923 771 1944; x_wconf 88' lang='lat' dir='ltr'>vocem</span> <span class='ocrx_word' id='word_1_147' title='bbox 791 1923 853 1956; x_wconf 85' lang='lat' dir='ltr'>per</span> 
     </span>
     <span class='ocr_line' id='line_1_29' title="bbox 178 1964 853 2010; baseline 0.003 -15"><span class='ocrx_word' id='word_1_148' title='bbox 178 1964 449 1997; x_wconf 85' lang='lat' dir='ltr'>commotionem</span> <span class='ocrx_word' id='word_1_149' title='bbox 480 1964 567 1997; x_wconf 88' lang='lat' dir='ltr'>aeris</span> <span class='ocrx_word' id='word_1_150' title='bbox 589 1965 687 2009; x_wconf 90' lang='lat' dir='ltr'>cujus</span> <span class='ocrx_word' id='word_1_151' title='bbox 708 1964 748 1997; x_wconf 79' lang='lat' dir='ltr'>fit</span> <span class='ocrx_word' id='word_1_152' title='bbox 766 1977 853 2010; x_wconf 85' lang='lat' dir='ltr'>aqua</span> 
     </span>
     <span class='ocr_line' id='line_1_30' title="bbox 178 2017 853 2063; baseline 0.004 -15"><span class='ocrx_word' id='word_1_153' title='bbox 178 2017 351 2063; x_wconf 84' lang='lat' dir='ltr'>particeps</span> <span class='ocrx_word' id='word_1_154' title='bbox 372 2044 381 2059; x_wconf 85' lang='lat'>,</span> <span class='ocrx_word' id='word_1_155' title='bbox 417 2029 493 2063; x_wconf 77' lang='lat' dir='ltr'>quae</span> <span class='ocrx_word' id='word_1_156' title='bbox 538 2030 666 2062; x_wconf 85' lang='lat' dir='ltr'>nempe</span> <span class='ocrx_word' id='word_1_157' title='bbox 703 2017 853 2051; x_wconf 83' lang='lat' dir='ltr'>vibratio</span> 
     </span>
     <span class='ocr_line' id='line_1_31' title="bbox 178 2070 852 2114; baseline 0.003 -12"><span class='ocrx_word' id='word_1_158' title='bbox 178 2078 294 2114; x_wconf 82' lang='lat' dir='ltr'>partes</span> <span class='ocrx_word' id='word_1_159' title='bbox 327 2070 480 2104; x_wconf 83' lang='lat' dir='ltr'>maxime</span> <span class='ocrx_word' id='word_1_160' title='bbox 503 2071 660 2107; x_wconf 85' lang='lat' dir='ltr'>sensiles,</span> <span class='ocrx_word' id='word_1_161' title='bbox 685 2079 724 2104; x_wconf 87' lang='lat' dir='ltr'>ut</span> <span class='ocrx_word' id='word_1_162' title='bbox 748 2071 852 2104; x_wconf 89' lang='lat' dir='ltr'>bran-</span> 
     </span>
     <span class='ocr_line' id='line_1_32' title="bbox 179 2122 694 2170; baseline 0.002 -14"><span class='ocrx_word' id='word_1_163' title='bbox 179 2122 292 2162; x_wconf 88' lang='lat' dir='ltr'>chias,</span> <span class='ocrx_word' id='word_1_164' title='bbox 314 2123 494 2170; x_wconf 86' lang='lat' dir='ltr'>impellere</span> <span class='ocrx_word' id='word_1_165' title='bbox 510 2124 612 2157; x_wconf 88' lang='lat' dir='ltr'>valet.</span> <span class='ocrx_word' id='word_1_166' title='bbox 628 2124 694 2158; x_wconf 83' lang='lat' dir='ltr'>Eo.</span> 
     </span>
    </p>

    <p class='ocr_par' dir='ltr' id='par_1_9' title="bbox 179 2177 857 2591">
     <span class='ocr_line' id='line_1_33' title="bbox 234 2177 853 2224; baseline 0 -14"><span class='ocrx_word' id='word_1_167' title='bbox 234 2177 266 2210; x_wconf 89' lang='lat'>8.</span> <span class='ocrx_word' id='word_1_168' title='bbox 289 2177 363 2209; x_wconf 83' lang='lat' dir='ltr'>Hoc</span> <span class='ocrx_word' id='word_1_169' title='bbox 377 2177 551 2224; x_wconf 80' lang='lat' dir='ltr'>quondam,</span> <span class='ocrx_word' id='word_1_170' title='bbox 574 2185 638 2210; x_wconf 90' lang='lat' dir='ltr'>etc.</span> <span class='ocrx_word' id='word_1_171' title='bbox 659 2177 742 2210; x_wconf 87' lang='lat' dir='ltr'>Afer</span> <span class='ocrx_word' id='word_1_172' title='bbox 760 2178 853 2222; x_wconf 90' lang='lat' dir='ltr'>quis-</span> 
     </span>
     <span class='ocr_line' id='line_1_34' title="bbox 179 2228 854 2276; baseline 0.003 -15"><span class='ocrx_word' id='word_1_173' title='bbox 179 2228 273 2274; x_wconf 84' lang='lat' dir='ltr'>piam</span> <span class='ocrx_word' id='word_1_174' title='bbox 290 2242 392 2263; x_wconf 85' lang='lat' dir='ltr'>ausus</span> <span class='ocrx_word' id='word_1_175' title='bbox 410 2230 469 2263; x_wconf 68' lang='lat' dir='ltr'>hic</span> <span class='ocrx_word' id='word_1_176' title='bbox 488 2230 635 2275; x_wconf 83' lang='lat' dir='ltr'>piscari,</span> <span class='ocrx_word' id='word_1_177' title='bbox 653 2238 798 2276; x_wconf 89' lang='lat' dir='ltr'>repente</span> <span class='ocrx_word' id='word_1_178' title='bbox 814 2243 854 2263; x_wconf 83' lang='lat' dir='ltr'>ex</span> 
     </span>
     <span class='ocr_line' id='line_1_35' title="bbox 180 2281 855 2328; baseline 0.004 -15"><span class='ocrx_word' id='word_1_179' title='bbox 180 2281 343 2328; x_wconf 85' lang='lat' dir='ltr'>sacrilego</span> <span class='ocrx_word' id='word_1_180' title='bbox 360 2282 530 2328; x_wconf 85' lang='lat' dir='ltr'>piscatore</span> <span class='ocrx_word' id='word_1_181' title='bbox 548 2283 657 2316; x_wconf 83' lang='lat' dir='ltr'>factus</span> <span class='ocrx_word' id='word_1_182' title='bbox 675 2291 726 2316; x_wconf 87' lang='lat' dir='ltr'>est</span> <span class='ocrx_word' id='word_1_183' title='bbox 745 2296 855 2317; x_wconf 85' lang='lat' dir='ltr'>caecus</span> 
     </span>
     <span class='ocr_line' id='line_1_36' title="bbox 181 2333 854 2382; baseline 0.004 -15"><span class='ocrx_word' id='word_1_184' title='bbox 181 2333 371 2368; x_wconf 85' lang='lat' dir='ltr'>mendicus.</span> <span class='ocrx_word' id='word_1_185' title='bbox 388 2335 597 2369; x_wconf 88' lang='lat' dir='ltr'>Miraculum</span> <span class='ocrx_word' id='word_1_186' title='bbox 609 2336 677 2369; x_wconf 91' lang='lat' dir='ltr'>hoc</span> <span class='ocrx_word' id='word_1_187' title='bbox 689 2336 759 2369; x_wconf 88' lang='lat' dir='ltr'>olet</span> <span class='ocrx_word' id='word_1_188' title='bbox 771 2349 854 2382; x_wconf 92' lang='lat' dir='ltr'>poe-</span> 
     </span>
     <span class='ocr_line' id='line_1_37' title="bbox 181 2389 854 2434; baseline 0.006 -15"><span class='ocrx_word' id='word_1_189' title='bbox 181 2395 261 2420; x_wconf 85' lang='lat' dir='ltr'>tam.</span> <span class='ocrx_word' id='word_1_190' title='bbox 287 2410 337 2414; x_wconf 79' lang='lat'>—</span> <span class='ocrx_word' id='word_1_191' title='bbox 366 2389 438 2421; x_wconf 88' lang='lat' dir='ltr'>Hoc</span> <span class='ocrx_word' id='word_1_192' title='bbox 452 2389 624 2434; x_wconf 77' lang='lat' dir='ltr'>profundo.</span> <span class='ocrx_word' id='word_1_193' title='bbox 647 2389 723 2423; x_wconf 86' lang='lat' dir='ltr'>Hoc</span> <span class='ocrx_word' id='word_1_194' title='bbox 742 2390 828 2423; x_wconf 89' lang='lat' dir='ltr'>mari</span> <span class='ocrx_word' id='word_1_195' title='bbox 845 2415 854 2431; x_wconf 94' lang='lat'><strong><em>‚</em></strong></span> 
     </span>
     <span class='ocr_line' id='line_1_38' title="bbox 181 2440 856 2488; baseline 0.006 -16"><span class='ocrx_word' id='word_1_196' title='bbox 181 2440 309 2473; x_wconf 84' lang='lat' dir='ltr'>Baiano</span> <span class='ocrx_word' id='word_1_197' title='bbox 342 2442 430 2474; x_wconf 89' lang='lat' dir='ltr'>lacu.</span> <span class='ocrx_word' id='word_1_198' title='bbox 461 2463 512 2467; x_wconf 81' lang='lat'>-—</span> <span class='ocrx_word' id='word_1_199' title='bbox 547 2442 719 2476; x_wconf 86' lang='lat' dir='ltr'>Gruterus</span> <span class='ocrx_word' id='word_1_200' title='bbox 749 2442 856 2488; x_wconf 74' lang='lat' dir='ltr'>legit,</span> 
     </span>
     <span class='ocr_line' id='line_1_39' title="bbox 184 2493 857 2541; baseline 0.006 -16"><span class='ocrx_word' id='word_1_201' title='bbox 184 2493 277 2539; x_wconf 59' lang='lat' dir='ltr'>Libys</span> <span class='ocrx_word' id='word_1_202' title='bbox 299 2495 453 2539; x_wconf 75' lang='lat' dir='ltr'>improbus</span> <span class='ocrx_word' id='word_1_203' title='bbox 467 2521 475 2533; x_wconf 94' lang='lat'><em>,</em></span> <span class='ocrx_word' id='word_1_204' title='bbox 498 2494 594 2540; x_wconf 83' lang='lat' dir='ltr'>quod</span> <span class='ocrx_word' id='word_1_205' title='bbox 609 2508 679 2528; x_wconf 89' lang='lat' dir='ltr'>non</span> <span class='ocrx_word' id='word_1_206' title='bbox 694 2508 857 2541; x_wconf 80' lang='lat' dir='ltr'>spernen-</span> 
     </span>
     <span class='ocr_line' id='line_1_40' title="bbox 182 2545 607 2591; baseline 0.007 -13"><span class='ocrx_word' id='word_1_207' title='bbox 182 2545 264 2579; x_wconf 72' lang='lat' dir='ltr'>ilum</span> <span class='ocrx_word' id='word_1_208' title='bbox 283 2555 380 2591; x_wconf 81' lang='lat' dir='ltr'>putat</span> <span class='ocrx_word' id='word_1_209' title='bbox 397 2547 607 2581; x_wconf 81' lang='lat' dir='ltr'>Gronovius.</span> 
     </span>
    </p>

    <p class='ocr_par' dir='ltr' id='par_1_10' title="bbox 238 2601 858 2643">
     <span class='ocr_line' id='line_1_41' title="bbox 238 2601 858 2643; baseline 0.003 -12"><span class='ocrx_word' id='word_1_210' title='bbox 238 2614 271 2642; x_wconf 66' lang='grc' dir='ltr'>ς).</span> <span class='ocrx_word' id='word_1_211' title='bbox 296 2601 378 2632; x_wconf 73' lang='lat' dir='ltr'>Dum</span> <span class='ocrx_word' id='word_1_212' title='bbox 399 2601 558 2643; x_wconf 69' lang='lat' dir='ltr'>prcedum,</span> <span class='ocrx_word' id='word_1_213' title='bbox 581 2609 644 2634; x_wconf 78' lang='lat' dir='ltr'>etc.</span> <span class='ocrx_word' id='word_1_214' title='bbox 670 2602 726 2635; x_wconf 79' lang='lat' dir='ltr'>Sic</span> <span class='ocrx_word' id='word_1_215' title='bbox 745 2601 804 2634; x_wconf 89' lang='lat' dir='ltr'>lib.</span> <span class='ocrx_word' id='word_1_216' title='bbox 822 2603 858 2637; x_wconf 80' lang='lat' dir='ltr'>l,</span> 
     </span>
    </p>
   </div>
   <div class='ocr_carea' id='block_1_5' title="bbox 909 1164 1598 2634">
    <p class='ocr_par' dir='ltr' id='par_1_11' title="bbox 909 1164 1590 1585">
     <span class='ocr_line' id='line_1_42' title="bbox 909 1164 1589 1211; baseline -0.004 -13"><span class='ocrx_word' id='word_1_217' title='bbox 909 1166 1016 1211; x_wconf 82' lang='lat' dir='ltr'>epigr.</span> <span class='ocrx_word' id='word_1_218' title='bbox 1033 1177 1091 1198; x_wconf 79' lang='lat' dir='ltr'>LVI</span> <span class='ocrx_word' id='word_1_219' title='bbox 1106 1189 1114 1202; x_wconf 83' lang='lat'>,</span> <span class='ocrx_word' id='word_1_220' title='bbox 1137 1177 1186 1198; x_wconf 89' lang='lat' dir='ltr'>vs.</span> <span class='ocrx_word' id='word_1_221' title='bbox 1210 1177 1230 1208; x_wconf 91' lang='lat'><strong>9</strong></span> <span class='ocrx_word' id='word_1_222' title='bbox 1247 1177 1254 1198; x_wconf 90' lang='lat'>:</span> <span class='ocrx_word' id='word_1_223' title='bbox 1279 1181 1291 1193; x_wconf 66' lang='grc' dir='ltr'>«ι</span> <span class='ocrx_word' id='word_1_224' title='bbox 1311 1164 1355 1196; x_wconf 92' lang='lat' dir='ltr'>Et</span> <span class='ocrx_word' id='word_1_225' title='bbox 1370 1164 1498 1209; x_wconf 80' lang='lat' dir='ltr'>piscem</span> <span class='ocrx_word' id='word_1_226' title='bbox 1518 1172 1589 1196; x_wconf 78' lang='lat' dir='ltr'>trc-</span> 
     </span>
     <span class='ocr_line' id='line_1_43' title="bbox 910 1216 1589 1258; baseline -0.004 -6"><span class='ocrx_word' id='word_1_227' title='bbox 910 1219 1003 1252; x_wconf 83' lang='lat' dir='ltr'>mula</span> <span class='ocrx_word' id='word_1_228' title='bbox 1034 1218 1214 1252; x_wconf 81' lang='lat' dir='ltr'>salientem</span> <span class='ocrx_word' id='word_1_229' title='bbox 1249 1216 1377 1250; x_wconf 82' lang='lat' dir='ltr'>(lucere</span> <span class='ocrx_word' id='word_1_230' title='bbox 1409 1224 1479 1250; x_wconf 83' lang='lat' dir='ltr'>seta</span> <span class='ocrx_word' id='word_1_231' title='bbox 1499 1230 1533 1258; x_wconf 75' lang='lat'>»3</span> <span class='ocrx_word' id='word_1_232' title='bbox 1555 1225 1589 1250; x_wconf 88' lang='lat' dir='ltr'>et</span> 
     </span>
     <span class='ocr_line' id='line_1_44' title="bbox 910 1271 1584 1317; baseline -0.004 -12"><span class='ocrx_word' id='word_1_233' title='bbox 910 1273 970 1306; x_wconf 77' lang='lat' dir='ltr'>lib.</span> <span class='ocrx_word' id='word_1_234' title='bbox 992 1273 1044 1314; x_wconf 73' lang='lat' dir='ltr'>X,</span> <span class='ocrx_word' id='word_1_235' title='bbox 1067 1271 1174 1317; x_wconf 85' lang='lat' dir='ltr'>epigr.</span> <span class='ocrx_word' id='word_1_236' title='bbox 1195 1284 1280 1310; x_wconf 77' lang='lat' dir='ltr'>xxx,</span> <span class='ocrx_word' id='word_1_237' title='bbox 1302 1283 1350 1304; x_wconf 83' lang='lat' dir='ltr'>vs.</span> <span class='ocrx_word' id='word_1_238' title='bbox 1380 1273 1423 1303; x_wconf 66' lang='lat'>16</span> <span class='ocrx_word' id='word_1_239' title='bbox 1442 1278 1475 1303; x_wconf 85' lang='lat' dir='ltr'>et</span> <span class='ocrx_word' id='word_1_240' title='bbox 1490 1282 1584 1315; x_wconf 81' lang='lat' dir='ltr'>sqq.:</span> 
     </span>
     <span class='ocr_line' id='line_1_45' title="bbox 911 1323 1588 1370; baseline -0.006 -11"><span class='ocrx_word' id='word_1_241' title='bbox 911 1326 983 1360; x_wconf 91' lang='lat' dir='ltr'>Nec</span> <span class='ocrx_word' id='word_1_242' title='bbox 1002 1334 1073 1359; x_wconf 86' lang='lat' dir='ltr'>seta</span> <span class='ocrx_word' id='word_1_243' title='bbox 1092 1326 1196 1370; x_wconf 87' lang='lat' dir='ltr'>longo</span> <span class='ocrx_word' id='word_1_244' title='bbox 1210 1324 1335 1370; x_wconf 87' lang='lat' dir='ltr'>quaerit</span> <span class='ocrx_word' id='word_1_245' title='bbox 1347 1324 1382 1356; x_wconf 91' lang='lat' dir='ltr'>in</span> <span class='ocrx_word' id='word_1_246' title='bbox 1398 1323 1486 1356; x_wconf 84' lang='lat' dir='ltr'>mari</span> <span class='ocrx_word' id='word_1_247' title='bbox 1503 1335 1588 1369; x_wconf 84' lang='lat' dir='ltr'>prae-</span> 
     </span>
     <span class='ocr_line' id='line_1_46' title="bbox 911 1378 1590 1422; baseline -0.006 -10"><span class='ocrx_word' id='word_1_248' title='bbox 911 1378 990 1412; x_wconf 87' lang='lat' dir='ltr'>dam</span> <span class='ocrx_word' id='word_1_249' title='bbox 1003 1404 1012 1420; x_wconf 90' lang='lat'>‚</span> <span class='ocrx_word' id='word_1_250' title='bbox 1028 1378 1094 1412; x_wconf 88' lang='lat' dir='ltr'>Sed</span> <span class='ocrx_word' id='word_1_251' title='bbox 1115 1392 1132 1411; x_wconf 84' lang='lat' dir='ltr'>a</span> <span class='ocrx_word' id='word_1_252' title='bbox 1152 1378 1259 1412; x_wconf 85' lang='lat' dir='ltr'>cubili</span> <span class='ocrx_word' id='word_1_253' title='bbox 1274 1378 1473 1422; x_wconf 84' lang='lat' dir='ltr'>lectuloque</span> <span class='ocrx_word' id='word_1_254' title='bbox 1488 1378 1590 1422; x_wconf 85' lang='lat' dir='ltr'>jacta-</span> 
     </span>
     <span class='ocr_line' id='line_1_47' title="bbox 911 1430 1589 1478; baseline -0.004 -13"><span class='ocrx_word' id='word_1_255' title='bbox 911 1442 1001 1474; x_wconf 83' lang='lat' dir='ltr'>tam,</span> <span class='ocrx_word' id='word_1_256' title='bbox 1029 1432 1211 1478; x_wconf 87' lang='lat' dir='ltr'>Spectatus</span> <span class='ocrx_word' id='word_1_257' title='bbox 1234 1431 1300 1464; x_wconf 87' lang='lat' dir='ltr'>alte</span> <span class='ocrx_word' id='word_1_258' title='bbox 1328 1431 1456 1464; x_wconf 87' lang='lat' dir='ltr'>lineam</span> <span class='ocrx_word' id='word_1_259' title='bbox 1483 1430 1589 1463; x_wconf 85' lang='lat' dir='ltr'>trahit</span> 
     </span>
     <span class='ocr_line' id='line_1_48' title="bbox 911 1483 1588 1532; baseline -0.007 -13"><span class='ocrx_word' id='word_1_260' title='bbox 911 1486 1024 1532; x_wconf 89' lang='lat' dir='ltr'>piscis.</span> <span class='ocrx_word' id='word_1_261' title='bbox 1054 1503 1067 1515; x_wconf 71' lang='grc' dir='ltr'>»ι</span> <span class='ocrx_word' id='word_1_262' title='bbox 1104 1485 1162 1519; x_wconf 87' lang='lat' dir='ltr'>Sic</span> <span class='ocrx_word' id='word_1_263' title='bbox 1190 1493 1327 1518; x_wconf 84' lang='lat' dir='ltr'>nostras</span> <span class='ocrx_word' id='word_1_264' title='bbox 1362 1484 1518 1528; x_wconf 62' lang='lat' dir='ltr'>Bois-jalin</span> <span class='ocrx_word' id='word_1_265' title='bbox 1552 1483 1588 1515; x_wconf 89' lang='lat' dir='ltr'>in</span> 
     </span>
     <span class='ocr_line' id='line_1_49' title="bbox 910 1538 1523 1585; baseline -0.007 -12"><span class='ocrx_word' id='word_1_266' title='bbox 910 1548 1070 1585; x_wconf 83' lang='lat' dir='ltr'>poemate</span> <span class='ocrx_word' id='word_1_267' title='bbox 1088 1565 1096 1580; x_wconf 91' lang='lat'>‚</span> <span class='ocrx_word' id='word_1_268' title='bbox 1117 1539 1148 1571; x_wconf 83' lang='grc' dir='ltr'>[α</span> <span class='ocrx_word' id='word_1_269' title='bbox 1159 1540 1251 1581; x_wconf 77' lang='lat' dir='ltr'>sore‘t</span> <span class='ocrx_word' id='word_1_270' title='bbox 1270 1538 1308 1570; x_wconf 69' lang='lat' dir='ltr'>de</span> <span class='ocrx_word' id='word_1_271' title='bbox 1331 1538 1494 1569; x_wconf 78' lang='lat' dir='ltr'>lVindsor</span> <span class='ocrx_word' id='word_1_272' title='bbox 1513 1550 1523 1569; x_wconf 79' lang='grc'>.-</span> 
     </span>
    </p>

    <p class='ocr_par' dir='ltr' id='par_1_12' title="bbox 909 1606 1598 1735">
     <span class='ocr_line' id='line_1_50' title="bbox 911 1606 1598 1646; baseline -0.004 -14"><span class='ocrx_word' id='word_1_273' title='bbox 911 1608 946 1632; x_wconf 85' lang='lat' dir='ltr'>Lc</span> <span class='ocrx_word' id='word_1_274' title='bbox 962 1607 1072 1642; x_wconf 57' lang='lat' dir='ltr'>pecheur</span> <span class='ocrx_word' id='word_1_275' title='bbox 1087 1607 1236 1638; x_wconf 80' lang='lat' dir='ltr'>immobile,</span> <span class='ocrx_word' id='word_1_276' title='bbox 1253 1608 1355 1631; x_wconf 82' lang='lat' dir='ltr'>attentis</span> <span class='ocrx_word' id='word_1_277' title='bbox 1367 1613 1390 1630; x_wconf 68' lang='lat' dir='ltr'>et</span> <span class='ocrx_word' id='word_1_278' title='bbox 1405 1606 1503 1640; x_wconf 67' lang='lat' dir='ltr'>penche</span> <span class='ocrx_word' id='word_1_279' title='bbox 1513 1625 1518 1634; x_wconf 88' lang='grc'>,</span> <span class='ocrx_word' id='word_1_280' title='bbox 1594 1640 1598 1646; x_wconf 49' lang='grc'>.</span> 
     </span>
     <span class='ocr_line' id='line_1_51' title="bbox 910 1652 1589 1688; baseline -0.006 -8"><span class='ocrx_word' id='word_1_281' title='bbox 910 1655 987 1680; x_wconf 82' lang='lat' dir='ltr'>Tieut</span> <span class='ocrx_word' id='word_1_282' title='bbox 997 1665 1022 1679; x_wconf 82' lang='lat' dir='ltr'>sa</span> <span class='ocrx_word' id='word_1_283' title='bbox 1034 1655 1102 1688; x_wconf 80' lang='lat' dir='ltr'>ligne</span> <span class='ocrx_word' id='word_1_284' title='bbox 1118 1654 1272 1679; x_wconf 80' lang='lat' dir='ltr'>tremblante</span> <span class='ocrx_word' id='word_1_285' title='bbox 1283 1664 1289 1683; x_wconf 64' lang='grc' dir='ltr'><strong>ς</strong></span> <span class='ocrx_word' id='word_1_286' title='bbox 1301 1660 1326 1678; x_wconf 82' lang='lat' dir='ltr'>et</span> <span class='ocrx_word' id='word_1_287' title='bbox 1338 1663 1382 1678; x_wconf 81' lang='lat' dir='ltr'>sur</span> <span class='ocrx_word' id='word_1_288' title='bbox 1392 1653 1478 1677; x_wconf 81' lang='lat' dir='ltr'>l&#39;onde</span> <span class='ocrx_word' id='word_1_289' title='bbox 1491 1652 1589 1677; x_wconf 53' lang='lat' dir='ltr'>attach&amp;</span> 
     </span>
     <span class='ocr_line' id='line_1_52' title="bbox 909 1700 1535 1735; baseline -0.006 -8"><span class='ocrx_word' id='word_1_290' title='bbox 909 1703 962 1727; x_wconf 79' lang='lat' dir='ltr'>Son</span> <span class='ocrx_word' id='word_1_291' title='bbox 983 1703 1056 1725; x_wconf 64' lang='lat' dir='ltr'>avide</span> <span class='ocrx_word' id='word_1_292' title='bbox 1072 1701 1163 1734; x_wconf 81' lang='lat' dir='ltr'>regard</span> <span class='ocrx_word' id='word_1_293' title='bbox 1179 1701 1275 1725; x_wconf 75' lang='lat' dir='ltr'>semble</span> <span class='ocrx_word' id='word_1_294' title='bbox 1296 1702 1399 1735; x_wconf 65' lang='lat' dir='ltr'>espcrer</span> <span class='ocrx_word' id='word_1_295' title='bbox 1419 1710 1443 1724; x_wconf 73' lang='lat' dir='ltr'>sa</span> <span class='ocrx_word' id='word_1_296' title='bbox 1461 1700 1535 1734; x_wconf 69' lang='lat' dir='ltr'>proi«.-</span> 
     </span>
    </p>

    <p class='ocr_par' dir='ltr' id='par_1_13' title="bbox 912 1746 1589 1782">
     <span class='ocr_line' id='line_1_53' title="bbox 912 1746 1589 1782; baseline -0.004 -9"><span class='ocrx_word' id='word_1_297' title='bbox 912 1751 942 1774; x_wconf 72' lang='grc' dir='ltr'>Εἰ</span> <span class='ocrx_word' id='word_1_298' title='bbox 952 1750 986 1773; x_wconf 84' lang='lat' dir='ltr'>du</span> <span class='ocrx_word' id='word_1_299' title='bbox 998 1748 1063 1781; x_wconf 57' lang='lat' dir='ltr'>libge</span> <span class='ocrx_word' id='word_1_300' title='bbox 1071 1750 1115 1782; x_wconf 89' lang='lat' dir='ltr'>qui</span> <span class='ocrx_word' id='word_1_301' title='bbox 1126 1756 1195 1774; x_wconf 78' lang='lat' dir='ltr'>sante</span> <span class='ocrx_word' id='word_1_302' title='bbox 1206 1755 1230 1773; x_wconf 85' lang='lat' dir='ltr'>et</span> <span class='ocrx_word' id='word_1_303' title='bbox 1239 1749 1272 1773; x_wconf 87' lang='lat' dir='ltr'>du</span> <span class='ocrx_word' id='word_1_304' title='bbox 1287 1758 1376 1773; x_wconf 77' lang='lat' dir='ltr'>roseau</span> <span class='ocrx_word' id='word_1_305' title='bbox 1392 1748 1436 1782; x_wconf 88' lang='lat' dir='ltr'>qui</span> <span class='ocrx_word' id='word_1_306' title='bbox 1450 1747 1527 1781; x_wconf 76' lang='lat' dir='ltr'>ploic.</span> <span class='ocrx_word' id='word_1_307' title='bbox 1539 1746 1589 1771; x_wconf 76' lang='lat' dir='ltr'>En.</span> 
     </span>
    </p>

    <p class='ocr_par' dir='ltr' id='par_1_14' title="bbox 912 1802 1593 2168">
     <span class='ocr_line' id='line_1_54' title="bbox 968 1802 1592 1846; baseline -0.003 -10"><span class='ocrx_word' id='word_1_308' title='bbox 968 1803 1025 1836; x_wconf 83' lang='lat'>13.</span> <span class='ocrx_word' id='word_1_309' title='bbox 1053 1802 1260 1836; x_wconf 87' lang='lat' dir='ltr'>Beverlandi</span> <span class='ocrx_word' id='word_1_310' title='bbox 1283 1802 1361 1836; x_wconf 88' lang='lat' dir='ltr'>MS.</span> <span class='ocrx_word' id='word_1_311' title='bbox 1388 1814 1512 1846; x_wconf 74' lang='lat' dir='ltr'>rogare.</span> <span class='ocrx_word' id='word_1_312' title='bbox 1539 1820 1592 1826; x_wconf 89' lang='lat'>-—</span> 
     </span>
     <span class='ocr_line' id='line_1_55' title="bbox 912 1852 1592 1900; baseline -0.006 -11"><span class='ocrx_word' id='word_1_313' title='bbox 912 1857 1068 1900; x_wconf 77' lang='lat' dir='ltr'>Rogator.</span> <span class='ocrx_word' id='word_1_314' title='bbox 1103 1855 1287 1889; x_wconf 84' lang='lat' dir='ltr'>Mendicus</span> <span class='ocrx_word' id='word_1_315' title='bbox 1299 1880 1309 1896; x_wconf 86' lang='lat'>‚</span> <span class='ocrx_word' id='word_1_316' title='bbox 1348 1852 1592 1888; x_wconf 83' lang='lat' dir='ltr'>subaudiendo</span> 
     </span>
     <span class='ocr_line' id='line_1_56' title="bbox 913 1908 1592 1955; baseline -0.003 -14"><span class='ocrx_word' id='word_1_317' title='bbox 913 1909 1030 1955; x_wconf 83' lang='lat' dir='ltr'>stipis,</span> <span class='ocrx_word' id='word_1_318' title='bbox 1048 1922 1130 1943; x_wconf 87' lang='lat' dir='ltr'>nam</span> <span class='ocrx_word' id='word_1_319' title='bbox 1147 1921 1269 1954; x_wconf 88' lang='lat' dir='ltr'>rogare</span> <span class='ocrx_word' id='word_1_320' title='bbox 1290 1908 1414 1954; x_wconf 89' lang='lat' dir='ltr'>stipem</span> <span class='ocrx_word' id='word_1_321' title='bbox 1431 1916 1482 1940; x_wconf 88' lang='lat' dir='ltr'>est</span> <span class='ocrx_word' id='word_1_322' title='bbox 1496 1919 1592 1939; x_wconf 90' lang='lat' dir='ltr'>men-</span> 
     </span>
     <span class='ocr_line' id='line_1_57' title="bbox 914 1961 1593 2007; baseline -0.004 -12"><span class='ocrx_word' id='word_1_323' title='bbox 914 1961 1042 1996; x_wconf 86' lang='lat' dir='ltr'>dicare.</span> <span class='ocrx_word' id='word_1_324' title='bbox 1055 1963 1133 1996; x_wconf 90' lang='lat' dir='ltr'>Lib.</span> <span class='ocrx_word' id='word_1_325' title='bbox 1152 1963 1202 2003; x_wconf 90' lang='lat' dir='ltr'>X,</span> <span class='ocrx_word' id='word_1_326' title='bbox 1220 1963 1331 2007; x_wconf 85' lang='lat' dir='ltr'>epigr.</span> <span class='ocrx_word' id='word_1_327' title='bbox 1350 1975 1388 2001; x_wconf 86' lang='lat' dir='ltr'>v,</span> <span class='ocrx_word' id='word_1_328' title='bbox 1404 1974 1454 1994; x_wconf 77' lang='lat' dir='ltr'>vs.</span> <span class='ocrx_word' id='word_1_329' title='bbox 1475 1963 1495 2000; x_wconf 70' lang='grc'><em>4</em></span> <span class='ocrx_word' id='word_1_330' title='bbox 1512 1971 1520 1992; x_wconf 90' lang='lat'>:</span> <span class='ocrx_word' id='word_1_331' title='bbox 1538 1961 1593 1992; x_wconf 91' lang='lat' dir='ltr'>In-</span> 
     </span>
     <span class='ocr_line' id='line_1_58' title="bbox 914 2015 1593 2061; baseline -0.006 -12"><span class='ocrx_word' id='word_1_332' title='bbox 914 2024 1036 2061; x_wconf 86' lang='lat' dir='ltr'>terque</span> <span class='ocrx_word' id='word_1_333' title='bbox 1054 2029 1181 2049; x_wconf 82' lang='lat' dir='ltr'>raucos</span> <span class='ocrx_word' id='word_1_334' title='bbox 1200 2015 1345 2048; x_wconf 83' lang='lat' dir='ltr'>ultimus</span> <span class='ocrx_word' id='word_1_335' title='bbox 1363 2022 1541 2060; x_wconf 84' lang='lat' dir='ltr'>rogatores</span> <span class='ocrx_word' id='word_1_336' title='bbox 1555 2030 1568 2042; x_wconf 72' lang='lat' dir='ltr'>n</span> <span class='ocrx_word' id='word_1_337' title='bbox 1584 2025 1593 2054; x_wconf 73' lang='grc' dir='ltr'><strong>ς</strong></span> 
     </span>
     <span class='ocr_line' id='line_1_59' title="bbox 915 2068 1593 2114; baseline -0.006 -12"><span class='ocrx_word' id='word_1_338' title='bbox 915 2078 949 2102; x_wconf 87' lang='lat' dir='ltr'>et</span> <span class='ocrx_word' id='word_1_339' title='bbox 970 2069 1030 2102; x_wconf 91' lang='lat' dir='ltr'>lib.</span> <span class='ocrx_word' id='word_1_340' title='bbox 1056 2069 1125 2102; x_wconf 91' lang='lat' dir='ltr'>XII</span> <span class='ocrx_word' id='word_1_341' title='bbox 1138 2096 1147 2111; x_wconf 86' lang='lat'>‚</span> <span class='ocrx_word' id='word_1_342' title='bbox 1164 2068 1273 2114; x_wconf 85' lang='lat' dir='ltr'>epigr.</span> <span class='ocrx_word' id='word_1_343' title='bbox 1300 2080 1396 2101; x_wconf 76' lang='lat' dir='ltr'>Lvn:</span> <span class='ocrx_word' id='word_1_344' title='bbox 1417 2083 1429 2094; x_wconf 56' lang='grc' dir='ltr'>α</span> <span class='ocrx_word' id='word_1_345' title='bbox 1444 2069 1593 2099; x_wconf 87' lang='lat' dir='ltr'>Amatre</span> 
     </span>
     <span class='ocr_line' id='line_1_60' title="bbox 914 2120 1467 2168; baseline -0.004 -13"><span class='ocrx_word' id='word_1_346' title='bbox 914 2121 1038 2156; x_wconf 87' lang='lat' dir='ltr'>doctus</span> <span class='ocrx_word' id='word_1_347' title='bbox 1060 2135 1124 2156; x_wconf 84' lang='lat' dir='ltr'>nec</span> <span class='ocrx_word' id='word_1_348' title='bbox 1146 2134 1268 2168; x_wconf 87' lang='lat' dir='ltr'>rogare</span> <span class='ocrx_word' id='word_1_349' title='bbox 1288 2120 1434 2167; x_wconf 83' lang='lat' dir='ltr'>judices.</span> <span class='ocrx_word' id='word_1_350' title='bbox 1455 2138 1467 2149; x_wconf 73' lang='lat' dir='ltr'>n</span> 
     </span>
    </p>

    <p class='ocr_par' dir='ltr' id='par_1_15' title="bbox 914 2173 1595 2270">
     <span class='ocr_line' id='line_1_61' title="bbox 973 2173 1595 2220; baseline -0.008 -11"><span class='ocrx_word' id='word_1_351' title='bbox 973 2189 984 2209; x_wconf 87' lang='lat'><em>1</em></span> <span class='ocrx_word' id='word_1_352' title='bbox 997 2175 1028 2209; x_wconf 80' lang='lat'>5.</span> <span class='ocrx_word' id='word_1_353' title='bbox 1047 2175 1246 2220; x_wconf 58' lang='lat' dir='ltr'>Simnlidbzes</span> <span class='ocrx_word' id='word_1_354' title='bbox 1263 2202 1271 2215; x_wconf 90' lang='lat'>‚</span> <span class='ocrx_word' id='word_1_355' title='bbox 1293 2183 1358 2208; x_wconf 90' lang='lat' dir='ltr'>etc.</span> <span class='ocrx_word' id='word_1_356' title='bbox 1380 2175 1462 2207; x_wconf 86' lang='lat' dir='ltr'>Non</span> <span class='ocrx_word' id='word_1_357' title='bbox 1480 2173 1595 2206; x_wconf 84' lang='lat' dir='ltr'>hama-</span> 
     </span>
     <span class='ocr_line' id='line_1_62' title="bbox 914 2228 1285 2270; baseline -0.005 -7"><span class='ocrx_word' id='word_1_358' title='bbox 914 2229 957 2263; x_wconf 88' lang='lat' dir='ltr'>tis</span> <span class='ocrx_word' id='word_1_359' title='bbox 972 2255 981 2270; x_wconf 84' lang='lat'>,</span> <span class='ocrx_word' id='word_1_360' title='bbox 998 2242 1069 2261; x_wconf 92' lang='lat' dir='ltr'>non</span> <span class='ocrx_word' id='word_1_361' title='bbox 1092 2228 1285 2261; x_wconf 84' lang='lat' dir='ltr'>medicatis.</span> 
     </span>
    </p>

    <p class='ocr_par' dir='ltr' id='par_1_16' title="bbox 915 2279 1594 2634">
     <span class='ocr_line' id='line_1_63' title="bbox 974 2279 1594 2327; baseline -0.008 -12"><span class='ocrx_word' id='word_1_362' title='bbox 974 2285 1030 2315; x_wconf 87' lang='lat'>16.</span> <span class='ocrx_word' id='word_1_363' title='bbox 1051 2283 1098 2314; x_wconf 82' lang='lat' dir='ltr'>Et</span> <span class='ocrx_word' id='word_1_364' title='bbox 1114 2284 1216 2327; x_wconf 75' lang='lat' dir='ltr'>pisces</span> <span class='ocrx_word' id='word_1_365' title='bbox 1238 2285 1304 2314; x_wconf 75' lang='lat' dir='ltr'>sine</span> <span class='ocrx_word' id='word_1_366' title='bbox 1322 2294 1426 2313; x_wconf 74' lang='lat' dir='ltr'>errare</span> <span class='ocrx_word' id='word_1_367' title='bbox 1444 2279 1594 2312; x_wconf 72' lang='lat' dir='ltr'>delicatos</span> 
     </span>
     <span class='ocr_line' id='line_1_64' title="bbox 915 2332 1594 2377; baseline -0.006 -9"><span class='ocrx_word' id='word_1_368' title='bbox 915 2335 951 2368; x_wconf 89' lang='lat' dir='ltr'>in</span> <span class='ocrx_word' id='word_1_369' title='bbox 970 2334 1180 2368; x_wconf 76' lang='lat' dir='ltr'>Reverlandi</span> <span class='ocrx_word' id='word_1_370' title='bbox 1204 2334 1279 2367; x_wconf 88' lang='lat' dir='ltr'>MS.</span> <span class='ocrx_word' id='word_1_371' title='bbox 1309 2334 1460 2366; x_wconf 79' lang='lat' dir='ltr'>delicatos</span> <span class='ocrx_word' id='word_1_372' title='bbox 1481 2332 1594 2377; x_wconf 83' lang='lat' dir='ltr'>placet</span> 
     </span>
     <span class='ocr_line' id='line_1_65' title="bbox 915 2384 1593 2423; baseline -0.007 -1"><span class='ocrx_word' id='word_1_373' title='bbox 915 2389 1093 2423; x_wconf 84' lang='lat' dir='ltr'>Grutero:</span> <span class='ocrx_word' id='word_1_374' title='bbox 1116 2400 1198 2420; x_wconf 85' lang='lat' dir='ltr'>nam</span> <span class='ocrx_word' id='word_1_375' title='bbox 1220 2388 1357 2420; x_wconf 77' lang='lat' dir='ltr'>delicata</span> <span class='ocrx_word' id='word_1_376' title='bbox 1377 2387 1522 2419; x_wconf 74' lang='lat' dir='ltr'>Veteres</span> <span class='ocrx_word' id='word_1_377' title='bbox 1539 2384 1593 2417; x_wconf 88' lang='lat' dir='ltr'>di-</span> 
     </span>
     <span class='ocr_line' id='line_1_66' title="bbox 915 2440 1593 2486; baseline -0.007 -12"><span class='ocrx_word' id='word_1_378' title='bbox 915 2454 996 2475; x_wconf 79' lang='lat' dir='ltr'>xere</span> <span class='ocrx_word' id='word_1_379' title='bbox 1020 2454 1085 2486; x_wconf 85' lang='lat' dir='ltr'>pro</span> <span class='ocrx_word' id='word_1_380' title='bbox 1113 2441 1276 2480; x_wconf 69' lang='lat' dir='ltr'>dedicata,</span> <span class='ocrx_word' id='word_1_381' title='bbox 1306 2448 1339 2473; x_wconf 87' lang='lat' dir='ltr'>et</span> <span class='ocrx_word' id='word_1_382' title='bbox 1367 2440 1501 2472; x_wconf 78' lang='lat' dir='ltr'>‹lelicare</span> <span class='ocrx_word' id='word_1_383' title='bbox 1530 2451 1593 2484; x_wconf 81' lang='lat' dir='ltr'>pro</span> 
     </span>
     <span class='ocr_line' id='line_1_67' title="bbox 915 2494 1589 2532; baseline -0.004 -5"><span class='ocrx_word' id='word_1_384' title='bbox 915 2495 1078 2532; x_wconf 68' lang='lat' dir='ltr'>dedicare,</span> <span class='ocrx_word' id='word_1_385' title='bbox 1099 2502 1183 2527; x_wconf 81' lang='lat' dir='ltr'>teste</span> <span class='ocrx_word' id='word_1_386' title='bbox 1205 2494 1320 2527; x_wconf 76' lang='lat' dir='ltr'>Festo.</span> <span class='ocrx_word' id='word_1_387' title='bbox 1336 2513 1389 2518; x_wconf 84' lang='lat'>——</span> <span class='ocrx_word' id='word_1_388' title='bbox 1408 2494 1589 2525; x_wconf 53' lang='lat' dir='ltr'>Daulia-atos.</span> 
     </span>
     <span class='ocr_line' id='line_1_68' title="bbox 916 2546 1593 2592; baseline -0.009 -11"><span class='ocrx_word' id='word_1_389' title='bbox 916 2549 964 2580; x_wconf 81' lang='lat' dir='ltr'>Ut</span> <span class='ocrx_word' id='word_1_390' title='bbox 993 2560 1094 2581; x_wconf 80' lang='lat' dir='ltr'>versu</span> <span class='ocrx_word' id='word_1_391' title='bbox 1126 2548 1144 2580; x_wconf 81' lang='lat'>3</span> <span class='ocrx_word' id='word_1_392' title='bbox 1169 2559 1294 2592; x_wconf 85' lang='lat' dir='ltr'>supra;</span> <span class='ocrx_word' id='word_1_393' title='bbox 1318 2546 1353 2579; x_wconf 77' lang='lat' dir='ltr'>id</span> <span class='ocrx_word' id='word_1_394' title='bbox 1382 2555 1449 2587; x_wconf 52' lang='lat' dir='ltr'>est.</span> <span class='ocrx_word' id='word_1_395' title='bbox 1473 2558 1593 2578; x_wconf 54' lang='lat' dir='ltr'>conso:</span> 
     </span>
     <span class='ocr_line' id='line_1_69' title="bbox 917 2600 1264 2634; baseline -0.006 0"><span class='ocrx_word' id='word_1_396' title='bbox 917 2609 1028 2634; x_wconf 68' lang='lat' dir='ltr'>erutos</span> <span class='ocrx_word' id='word_1_397' title='bbox 1053 2600 1264 2634; x_wconf 64' lang='lat' dir='ltr'>Domitiano.</span> 
     </span>
    </p>
   </div>
  </div>
 </body>
</html>
