2061 3288
496 247 1087 293 EPIGRAMMATUM
1125 248 1250 292 LIB.
1290 249 1352 291 II.

1542 245 1639 310 259

844 404 1010 463 XCI.

516 561 586 590 AD
624 561 886 592 CAESAREM
926 540 1339 592 DOMITIANUM.*

290 686 469 731 RERUM
492 695 610 730 certa
636 685 774 743 salus,
794 696 1009 731 terrarum
1031 685 1190 749 gloria,
1211 688 1378 745 Caesar,

361 758 532 819 Sospite
557 774 644 818 quo
669 774 853 819 magnos
881 757 1098 803 credimus
1123 774 1216 803 esse
1240 760 1385 815 De0s3

288 828 337 872 Si
362 827 572 873 festinatis
601 830 726 873 toties
751 829 829 872 tibi
858 828 969 873 lecta
993 827 1147 873 libellis

359 900 601 944 Detinuere
625 898 776 944 oculos
802 900 996 944 carmina
1025 910 1175 944 nostra
1205 910 1327 958 tuos;

289 970 424 1028 Quod
453 971 630 1015 fortuna
661 980 778 1015 vetat
803 970 923 1027 fieri,
946 972 1151 1033 permitte
1179 972 1340 1029 videri,

359 1041 577 1086 Natorum
605 1042 777 1103 genitor
803 1042 957 1087 credar
987 1052 1036 1086 ut
1060 1059 1152 1087 esse
1177 1044 1325 1087 trium.

290 1182 420 1244 Εὖχος
447 1192 521 1228 τοῦ
547 1186 721 1245 κόσμου,
749 1191 829 1228 τῶν
858 1186 1006 1241 ὄντων,
1032 1187 1213 1245 Καῖσαρ,
1244 1187 1392 1246 ἔρυμα,

362 1255 423 1298 Οὔ
448 1255 671 1316 πειθόμεσθα
694 1257 826 1299 πέλειν
854 1251 1091 1315 σωζομένοιο
1120 1257 1251 1308 θεούς·

290 1325 342 1368 Εἴ
369 1344 442 1369 του
472 1327 566 1377 τοὺς
592 1327 732 1376 ὅσσους
761 1321 1043 1386 αὐτοσχεδίοιο
1069 1328 1207 1371 πόνοιο

359 1393 488 1439 Βιὲλθ
517 1397 761 1457 ἀναγνόντος
792 1392 932 1446 θέλξαν
960 1391 1097 1440 ἀοιδαὶ
1126 1397 1242 1457 ἐμαί·

287 1455 419 1528 ὸ,ῤῥα
447 1468 551 1527 τύχη
582 1469 756 1521 κώλυσε,
787 1461 917 1510 δοκεῖν
945 1467 1112 1515 ποίησον
1141 1470 1204 1528 ἔμ’
1233 1466 1354 1523 εἶναι,

358 1527 448 1588 sle-e
479 1535 701 1590 κλείζεσθαι
727 1532 972 1599 παιδογόνον
1000 1534 1181 1599 τριάδος.

273 1676 289 1690 ⁸¹
299 1681 391 1716 Petit
404 1682 574 1716 Martialis
588 1695 606 1716 a
619 1683 822 1716 Domitiano
840 1684 899 1727 jus

218 1735 330 1768 trium
348 1735 555 1768 liberorum.

276 1801 309 1822 2.
327 1788 518 1821 Ramiresio
536 1800 600 1833 pro
617 1800 747 1833 magnos
760 1787 900 1821 videtur

218 1840 407 1887 legendum
422 1854 540 1874 manos.
554 1861 606 1867 -—
619 1840 742 1885 Sospite
763 1854 833 1886 quo.
848 1841 901 1874 Ex

217 1903 278 1927 tua
295 1894 534 1928 incolumitate
556 1892 733 1927 credimus
755 1902 789 1927 et
807 1894 899 1928 Deos

218 1959 291 1980 esse
303 1973 312 1989 ‚
333 1956 367 1981 ct
384 1959 504 1981 rerum
520 1947 754 1981 humanarum
777 1959 899 1980 curam

220 2000 408 2046 suscipere.
441 2001 519 2034 Lib.
548 2000 620 2033 VII
636 2026 646 2042 ,
672 2000 782 2046 epigr.
813 2013 898 2042 1.1x;

219 2053 282 2087 lib.
300 2054 347 2096 V,
365 2053 475 2100 epigr.
494 2066 508 2087 1
526 2066 534 2087 :
552 2068 565 2080 «
582 2052 720 2099 Sospite
738 2065 809 2099 quo
823 2065 899 2099 gra-

220 2114 296 2139 tum
314 2106 490 2141 credimus
511 2119 583 2140 esse
604 2107 741 2140 Jovem.
768 2124 780 2136 u
805 2105 899 2140 Vide

218 2168 254 2193 et
265 2159 327 2192 lib.
342 2160 378 2201 Ι,
395 2160 598 2206 epigramm.
614 2171 688 2193 1111
702 2168 734 2193 et
746 2172 895 2193 Lxxxni.

221 2213 289 2246 Vel
306 2213 425 2246 aliter:
445 2221 478 2246 te
489 2213 619 2258 sospite
635 2212 811 2246 credimus
826 2225 898 2247 esse

221 2277 364 2311 magnos
378 2265 467 2300 deos
477 2291 488 2308 7
505 2266 571 2312 qui
587 2265 741 2311 alioquin
751 2292 760 2308 ‚
775 2267 843 2300 nisi
859 2275 898 2300 tu

220 2319 439 2365 Capitolium
452 2318 605 2353 dedisses
618 2327 653 2352 et
662 2319 899 2363 instaurasses,

220 2373 275 2405 vel
293 2373 440 2406 omnino
466 2372 666 2406 interissent
681 2398 691 2413 ‚
716 2380 773 2405 aut
804 2380 898 2406 certe

221 2438 294 2459 non
313 2425 433 2470 magni
452 2425 563 2459 habiti
585 2433 711 2459 essent.

275 2479 311 2512 3.
339 2478 377 2512 Si
386 2480 561 2521 festinatis.
590 2478 626 2511 Si
647 2478 802 2511 carmina
820 2491 899 2511 mea

219 2531 378 2565 festinata
393 2557 401 2573 ,
419 2545 459 2566 ac
470 2544 581 2577 prope
596 2544 636 2564 ex
647 2539 805 2576 tempore
818 2544 902 2565 con·

218 2583 292 2617 dita
310 2585 436 2630 legisti.

278 2637 311 2671 5.
339 2638 438 2683 Quod
454 2638 600 2680 fortuna.
621 2638 702 2671 Haee
729 2646 801 2671 erat
829 2638 899 2671 for-

222 2690 313 2723 mula
330 2690 472 2736 petendi
493 2692 549 2737 jus
565 2690 674 2725 trium
694 2691 898 2725 liberorum.

1014 1686 1050 1717 6.
1073 1684 1232 1717 Natorum
1247 1687 1387 1729 genitor.
1410 1685 1481 1728 Qui
1497 1693 1566 1720 tres
1581 1686 1641 1721 ha-

958 1736 1090 1770 bebant
1117 1737 1268 1780 liberos,
1297 1738 1418 1772 multis
1446 1739 1640 1786 privilegiis

959 1788 1169 1834 gaudebant.
1185 1791 1228 1824 In
1241 1791 1445 1837 spectaculis
1460 1792 1640 1827 honestior

960 1842 1028 1875 illis
1048 1843 1146 1876 locus
1161 1844 1422 1889 assignabatur:
1443 1845 1480 1878 in
1499 1845 1643 1879 honeri-

961 1895 1026 1928 bus
1041 1895 1202 1940 petendis
1219 1898 1327 1941 gratia
1343 1897 1450 1931 fiebat
1465 1910 1640 1933 annorum

958 1956 1105 1993 propter
1119 1949 1259 1983 liberos.
1271 1949 1403 1984 Codice
1415 1950 1459 1984 de
1472 1952 1640 1985 Decurio-

958 2001 1076 2043 nibus,
1086 2002 1160 2047 lege
1167 2002 1236 2036 IX:
1246 2004 1305 2036 «In
1314 2003 1392 2036 albo
1403 2003 1638 2039 decurionum

958 2054 1171 2100 praescriptis
1189 2081 1199 2097 ‚
1230 2063 1365 2101 patrem
1391 2069 1464 2090 non
1493 2057 1636 2092 habenti

958 2106 1049 2141 filios
1069 2109 1235 2142 anteferri
1262 2118 1407 2143 constat.
1432 2127 1446 2140 υ
1474 2111 1635 2146 Juvenal.

958 2169 1019 2195 sat.
1034 2161 1103 2202 IX,
1123 2163 1168 2207 87
1184 2174 1192 2195 z
1213 2180 1225 2192 κ
1237 2163 1323 2196 Jura
1341 2163 1495 2209 parentis
1510 2164 1636 2207 habes,

957 2222 1105 2260 propter
1125 2227 1181 2248 me
1199 2216 1361 2250 scriberis
1379 2216 1509 2258 haeres,
1528 2218 1636 2263 Lega-

959 2275 1032 2300 tum
1057 2280 1161 2301 omne
1189 2269 1282 2314 capis
1314 2287 1326 2299 n
1347 2294 1357 2310 ‚
1384 2278 1448 2303 etc.
1478 2269 1612 2304 Gellius
1630 2297 1640 2314 ,

958 2321 995 2353 in
1007 2320 1071 2354 lib.
1090 2321 1147 2362 ΙΙ,
1168 2333 1245 2367 cap.
1268 2321 1312 2357 15
1331 2335 1340 2357 ε
1365 2340 1378 2352 ιι
1395 2322 1504 2357 Sicuti
1522 2324 1636 2370 capite

958 2373 1107 2418 septimo
1129 2375 1232 2420 Legis
1248 2375 1352 2409 Juliae
1366 2376 1479 2421 priori
1495 2389 1537 2410 ex
1549 2389 1635 2411 con-

958 2426 1089 2460 sulibus
1106 2427 1214 2461 fasces
1231 2428 1394 2462 sumendi
1412 2437 1564 2475 potestas
1579 2430 1637 2473 fit,

958 2492 1029 2512 non
1059 2481 1121 2525 qui
1154 2482 1272 2526 plures
1299 2494 1409 2515 annos
1432 2491 1533 2517 natus
1563 2492 1636 2525 est,

959 2531 1018 2565 sed
1046 2533 1105 2577 qui
1125 2535 1242 2578 plures
1262 2534 1389 2568 liberos
1409 2549 1512 2581 quam
1531 2537 1638 2571 colle-

960 2598 999 2629 ga
1011 2611 1020 2626 ‚
1041 2594 1101 2619 aut
1121 2587 1157 2619 in
1174 2601 1232 2621 sua
1251 2596 1422 2634 potestate
1436 2590 1560 2631 hahet,
1576 2598 1638 2622 aut

961 2639 1052 2672 bello
1073 2640 1200 2674 amisit.
1224 2659 1237 2670 ι»
1262 2642 1312 2674 De
1333 2643 1414 2687 jure
1429 2643 1533 2675 trium
1552 2643 1641 2676 libe-

961 2704 1082 2726 rorum
1099 2694 1231 2727 mentio
1251 2694 1312 2727 lib.
1334 2695 1387 2727 III
1402 2721 1411 2736 ,
1432 2695 1540 2741 epigr.
1562 2708 1635 2734 xcv,

1348 2768 1431 2829 17²
