2061 3288
451 222 545 249 222

826 206 888 248 M.
918 207 1059 249 VAL.
1099 207 1492 252 MARTIALIS

588 292 671 337 Sed
703 293 797 337 fieri
825 294 859 337 si
886 295 974 348 vis,
999 294 1082 337 hac
1109 295 1277 339 ratione
1303 306 1439 357 potes.

519 364 652 408 Liber
677 366 783 419 eris,
811 381 984 409 coenare
1011 364 1115 409 foris
1147 367 1202 421 si,
1229 367 1442 418 Maxime,
1470 366 1583 411 nolis
1607 385 1616 410 2

593 435 836 479 Veientana
867 446 988 479 tuam
1020 437 1054 480 si
1083 436 1233 481 domat
1263 454 1351 481 uva
1381 437 1492 482 sitim
1517 455 1524 481 :

522 507 567 550 Si
599 505 739 550 ridere
765 516 889 567 potes
918 508 1061 550 miseri
1093 507 1383 569 chrysendeta
1408 509 1559 553 Cinnae
1581 526 1589 551 :
1850 527 1863 550 5

596 578 841 621 Contentus
868 587 1019 621 nostra
1048 579 1082 622 si
1109 588 1234 639 potes
1265 595 1357 623 esse
1386 589 1488 640 toga
1515 596 1523 622 :

522 649 565 691 Si
594 648 763 709 plebeia
788 650 941 692 Venus
967 650 1140 710 gemino
1171 650 1248 693 tibi
1277 651 1467 694 vincitur
1496 665 1616 694 asse:

592 720 634 762 Si
662 729 736 762 tua
764 736 852 763 non
883 729 1028 764 rectus
1059 729 1173 764 tecta
1206 720 1350 764 subire
1380 730 1516 782 potes.

522 792 627 833 Haec
657 790 734 833 tibi
765 791 799 834 si
829 792 895 834 vis
925 800 1012 846 est,
1045 791 1078 834 si
1105 792 1264 835 mentis
1293 801 1415 835 tanta
1440 800 1656 853 potestas,

592 861 795 904 Liberior
824 862 987 905 Partho
1018 862 1170 906 vivere
1197 878 1298 923 rege
1325 872 1463 924 potes.
1837 888 1866 903 ιο

452 999 541 1040 cias,
563 1011 677 1045 neque
700 1011 784 1045 opes
805 1011 1056 1045 supervacuas,
1075 1010 1134 1032 ne-

452 1065 523 1098 que
568 1052 715 1097 gloriam
760 1052 899 1086 inanem
945 1060 1131 1086 sectemur.

453 1106 627 1138 Heraldas.

511 1160 543 1192 3.
566 1158 698 1192 Caum-e
710 1160 804 1202 foris.
822 1159 961 1191 Durum
977 1159 1070 1191 enim
1085 1167 1135 1191 est

455 1212 566 1245 aliena
587 1212 704 1245 vivere
723 1210 855 1257 quadra
867 1238 875 1253 ‚
895 1219 933 1244 ut
950 1210 1053 1245 docet
1071 1212 1134 1244 Ju-

458 1266 606 1308 venalis,
622 1265 691 1299 Sat.
706 1266 752 1298 V.
767 1265 847 1298 Lib.
863 1265 915 1298 IX
927 1291 935 1306 ‚
951 1265 1061 1310 epigr.
1077 1277 1133 1298 XI:

464 1337 475 1348 υ
486 1319 592 1352 Liber
603 1332 674 1352 non
691 1327 789 1364 potes
800 1344 809 1359 ,
822 1326 855 1351 et
870 1319 1010 1364 gulosus
1025 1330 1106 1351 esse.
1117 1336 1129 1347 n

458 1372 604 1405 Plurimi
631 1372 721 1405 enim
748 1371 881 1405 ventris
905 1383 1007 1405 causa
1029 1380 1136 1405 semet

458 1425 552 1471 ipsos
581 1424 808 1464 addicebant,
833 1437 940 1470 quum
962 1425 1136 1469 potentio-

459 1491 541 1512 rum
570 1491 684 1511 coenas
708 1485 908 1524 captarent,
935 1478 994 1510 ubi
1018 1478 1136 1511 onmia

458 1532 752 1565 contumeliarum
778 1543 905 1576 genera
926 1542 1036 1575 usque
1057 1543 1138 1564 con-

461 1583 643 1630 coquenda
663 1592 772 1617 erant.

514 1642 548 1679 4.
583 1637 772 1670 Veientana.
808 1636 945 1669 Vinum
979 1649 1020 1670 ex
1055 1649 1137 1681 agro

461 1691 659 1724 Veientano
681 1690 901 1724 vilissimum.
924 1690 1006 1722 Veii
1024 1715 1034 1730 ‚
1053 1690 1138 1722 olim

462 1745 545 1777 urbs
558 1745 700 1790 antiqua
712 1743 881 1785 Etruriae,
896 1756 990 1776 nunc
1006 1742 1138 1775 diruta:

463 1799 498 1831 in
514 1799 587 1843 ejus
604 1798 683 1831 loco
702 1810 797 1830 nuuc.
813 1805 863 1830 est
878 1804 1028 1829 castrum
1042 1795 1141 1841 quod

464 1851 586 1883 incolae
607 1851 782 1896 appellant
798 1850 943 1882 insulam
959 1876 967 1891 ‚
990 1850 1084 1882 [sola.

519 1909 550 1937 5.
571 1904 608 1937 Si
626 1904 737 1937 ridere.
762 1903 795 1936 Si
814 1911 882 1936 tam
903 1915 1001 1948 aequo
1023 1902 1140 1934 animo

462 1965 703 2003 paupertatem
723 1965 817 1991 tuam
834 1955 950 2001 diligis
972 1964 1006 1989 et
1025 1956 1137 1994 foves,

464 2020 501 2044 ut
541 2011 756 2043 luxuriosam
791 2009 943 2042 divitum
976 2021 1140 2055 pompam

464 2076 534 2097 non
561 2064 674 2096 solum
709 2064 782 2096 sine
809 2062 941 2095 invidia
969 2061 1029 2095 sed
1062 2074 1141 2095 cum

464 2125 667 2162 contemptu
687 2115 807 2149 videre
838 2114 963 2161 possis.
994 2116 1061 2148 El).
1089 2136 1141 2140 -—

468 2170 695 2217 Clnysendeta.
721 2171 812 2202 Vasa
833 2169 976 2214 gemmis
1002 2176 1140 2206 ornata,

463 2223 507 2257 de
522 2223 649 2270 quibus
664 2222 774 2269 epigr.
790 2234 882 2255 XLIII
896 2234 990 2267 supr.
1007 2233 1058 2254 vs.
1083 2233 1095 2253 1
1109 2234 1121 2253 1
1132 2248 1139 2253 .

466 2299 516 2303 -—
537 2276 649 2310 Cimzae
667 2277 779 2309 msseri.
798 2276 874 2309 Prae
890 2274 998 2308 nimia
1019 2273 1141 2307 talium

463 2342 627 2363 vasorum
649 2328 850 2375 cupiditate.

523 2386 557 2416 6.
578 2383 718 2421 Nostra,
738 2390 803 2416 etc.
825 2381 923 2414 Trita
943 2389 978 2413 et
994 2379 1140 2426 plebeia.

468 2436 579 2480 epigr.
604 2448 696 2469 Lvnl
723 2448 817 2480 supr.
844 2443 879 2468 et
904 2433 1011 2480 epigr.
1039 2445 1142 2466 xxxvl

463 2489 524 2521 lib.
549 2489 617 2521 III.

525 2554 559 2585 7.
583 2541 651 2574 Pro
677 2543 817 2574 vincitur·
839 2540 1004 2573 Heinsius
1033 2540 1146 2585 legen-

470 2593 554 2626 dum
574 2594 709 2639 putavit
723 2620 732 2635 ‚
746 2596 920 2638 J'1ctigil1c1·;
941 2591 1035 2639 quod
1064 2605 1145 2637 pro-

471 2649 554 2680 bant
578 2647 643 2681 viri
663 2646 769 2680 docti.
793 2646 945 2687 Ovidio,
970 2665 982 2676 ιι
1005 2646 1146 2690 Quique

1192 998 1248 1032 sui
1268 1000 1443 1033 Venerem
1455 999 1573 1045 junxit
1586 1011 1667 1032 cum
1682 998 1788 1031 fratre
1802 1010 1870 1031 ma-

1192 1051 1263 1085 riti.
1288 1070 1300 1082 n
1328 1053 1410 1086 Haec
1436 1052 1509 1086 duo
1540 1052 1645 1085 verba
1673 1064 1762 1097 saepe
1789 1063 1869 1097 per-

1194 1113 1387 1139 mutantur.
1433 1105 1521 1138 Vide
1558 1117 1621 1138 nos
1659 1103 1703 1137 ad
1743 1103 1868 1137 Catull.

1192 1158 1296 1199 LXI,
1318 1161 1364 1193 68
1382 1185 1390 1200 ‚
1412 1167 1445 1192 et
1462 1158 1505 1192 ad
1523 1158 1656 1191 Tibull.
1676 1159 1716 1198 Ι,
1739 1169 1775 1198 1,
1800 1160 1869 1198 643

1193 1220 1227 1245 et
1241 1212 1397 1245 Broukh.
1416 1211 1501 1245 ibid.
1513 1213 1633 1244 Burm.
1648 1210 1692 1244 ad
1708 1210 1870 1256 Propert.

1195 1265 1260 1306 lV,
1287 1278 1303 1298 2
1324 1291 1333 1307 ‚
1359 1269 1415 1305 44.
1438 1265 1558 1299 Heius.
1584 1263 1628 1297 ad
1656 1262 1762 1297 Ovid.
1784 1263 1870 1297 Met.

1195 1319 1230 1356 I,
1260 1330 1324 1351 121
1342 1331 1351 1359 ;
1371 1319 1462 1351 VIII
1477 1345 1486 1360 ‚
1515 1319 1601 1358 248.
1630 1317 1806 1350 Drakenb.
1827 1315 1871 1349 ad

1193 1371 1270 1404 Liv.
1294 1379 1378 1404 tom.
1401 1372 1477 1412 III,
1499 1385 1535 1417 p.
1566 1370 1626 1414 95.
1652 1370 1705 1403 Cf.
1726 1369 1811 1402 Hor.
1832 1370 1871 1410 Ι,

1196 1423 1266 1456 Od.
1299 1423 1343 1457 25
1359 1451 1368 1465 ,
1401 1437 1440 1464 1;
1469 1432 1502 1457 et
1523 1422 1646 1456 Claud.
1674 1423 1709 1455 in
1728 1422 1869 1467 epithal.

1195 1477 1280 1509 Pall.
1312 1485 1345 1510 et
1373 1477 1483 1510 Celer.
1504 1477 1550 1518 V,
1580 1476 1811 1521 323j1mcz'tzc1·
1835 1475 1872 1508 in

1194 1529 1402 1562 Beverlandi
1420 1530 1495 1562 MS.
1509 1528 1604 1562 unde
1619 1529 1718 1562 nullo
1733 1528 1873 1573 negotio

1196 1583 1256 1624 fit,
1270 1585 1429 1627 jungitur.
1454 1584 1507 1616 De
1528 1581 1786 1628 permutatione
1804 1595 1820 1613 ε
1839 1589 1874 1615 et

1195 1648 1220 1680 g
1241 1635 1320 1669 vide
1340 1635 1464 1681 Scalig.
1493 1635 1537 1668 ad
1556 1635 1685 1669 Catull.
1704 1635 1784 1667 loco
1803 1635 1875 1668 lau-

1198 1688 1292 1722 dato.
1312 1710 1364 1716 —-
1383 1689 1420 1721 Si
1444 1688 1568 1733 plebeia
1597 1689 1715 1721 Venus.
1739 1686 1775 1720 Si
1795 1700 1873 1721 non

1198 1743 1293 1775 albas
1319 1742 1461 1775 secteris
1483 1742 1609 1785 stolas,
1635 1750 1669 1774 et
1693 1741 1875 1775 meretrice

1198 1795 1243 1828 sis
1265 1803 1449 1828 contentus
1476 1794 1614 1840 plebeia
1629 1820 1639 1835 ‚
1664 1793 1777 1836 facili,
1794 1793 1875 1836 vili,

1199 1848 1357 1894 parabili.
1378 1849 1456 1881 Lib.
1478 1849 1547 1889 IX,
1567 1847 1677 1893 epigr.
1699 1859 1827 1880 xxxrn.

1254 1903 1286 1935 8.
1310 1901 1347 1934 Si
1373 1910 1425 1934 tua
1452 1914 1513 1933 non
1537 1909 1649 1934 rectus.
1674 1900 1740 1932 Vel
1763 1912 1875 1933 casam

1199 1954 1369 1988 humilem
1390 1954 1564 1999 intellige,
1589 1954 1663 1994 vel,
1683 1951 1781 1998 quod
1801 1965 1874 1985 ma-

1199 2008 1249 2053 gis
1268 2008 1397 2052 placet,
1420 2007 1620 2053 superiores
1639 2005 1763 2039 domus
1787 2018 1875 2039 con-

1199 2060 1405 2106 tignationes
1424 2086 1432 2101 ‚
1460 2072 1536 2105 quae
1567 2059 1743 2092 coenacula
1774 2071 1875 2092 voca-

1199 2115 1344 2154 bantur,
1366 2113 1428 2146 ubi
1452 2113 1655 2146 habitabant
1679 2124 1849 2157 pauperes
1867 2139 1876 2153 ,

1200 2167 1235 2199 in
1250 2179 1326 2212 quae
1337 2166 1403 2199 nisi
1414 2166 1550 2199 incurvi
1565 2164 1750 2199 ascendere
1759 2164 1878 2210 nequi-

1200 2220 1284 2252 bant
1298 2244 1307 2259 ,
1331 2232 1395 2264 per
1410 2219 1514 2252 scalas
1530 2219 1673 2252 scilicet.

1257 2286 1291 2316 9.
1303 2272 1340 2305 Si
1354 2274 1471 2305 mentis.
1489 2272 1636 2304 Excelso
1655 2279 1689 2304 et
1705 2270 1786 2304 forti
1805 2269 1878 2303 ani-

1202 2339 1260 2358 mo
1282 2338 1370 2371 opus
1393 2333 1443 2357 cst
1466 2324 1509 2358 ad
1527 2324 1664 2357 divitias
1685 2332 1717 2357 et
1738 2322 1878 2356 delicias

1202 2377 1486 2412 contemnendas.

1262 2444 1315 2466 10.
1331 2432 1482 2464 Liberior.
1499 2431 1707 2464 Parthorum
1724 2440 1820 2473 reges
1836 2428 1877 2460 li-

1203 2487 1373 2518 bertatem
1395 2484 1564 2517 acerrime
1588 2494 1724 2528 semper
1746 2493 1878 2526 propu-

1206 2546 1424 2584 gnaverunt‚
1450 2546 1482 2570 et
1506 2549 1626 2581 regum
1658 2546 1752 2579 reges
1781 2545 1879 2566 voca-

1206 2593 1335 2625 bantur
1358 2617 1367 2631 ,
1409 2598 1447 2623 ut
1487 2589 1587 2623 docet
1621 2586 1805 2622 Suetonius
1843 2586 1879 2618 iu

1208 2645 1379 2689 Caligula,
1399 2656 1472 2687 cap.
1493 2643 1524 2674 5.
