2061 3288
448 246 542 291 332
820 249 881 291 M.
907 250 1048 293 VAL.
1088 248 1482 294 MARTIALIS

517 333 658 389 Illud,
680 334 919 397 laurigeros
943 353 1094 397 ageres
1121 354 1256 398 quum
1279 336 1374 381 laeta
1399 338 1670 399 triumphos3

590 407 686 449 Hoc
710 406 788 450 tibi
803 443 813 462 ‚
839 408 1006 464 Roma,
1031 418 1184 469 caput,
1204 425 1337 468 quum
1360 407 1618 469 loquereris,
1639 418 1746 453 erat.

514 477 677 519 Antoni
702 486 846 521 tamen
873 488 938 522 est
966 480 1108 539 pejor,
1130 494 1261 539 quam
1287 494 1416 522 causa
1434 480 1607 523 Pothini
1629 496 1637 522 :
1845 501 1858 525 s

586 548 668 591 Hic
689 547 859 592 facinus
880 548 1058 593 domino
1079 550 1301 611 praestitit3
1322 547 1392 592 ille
1415 549 1506 593 sibi.

444 693 510 717 etc.
534 685 618 731 ἱερὰς
645 686 788 730 κεφαλὰς
812 688 985 721 vocabant
1007 687 1124 721 Graeci

445 738 539 771 viros
557 739 815 773 celeberrimos.

500 792 535 824 3.
567 791 775 825 Bet-erlandi
809 792 882 826 MS.
918 807 1026 838 ageres
1057 806 1125 826 cum

449 844 551 876 Roma
562 872 570 885 ,
588 846 767 890 triumphos.
780 868 831 873 ——
842 847 931 879 Illud
942 873 950 887 ,
973 855 1037 880 etc.
1059 847 1125 880 Ca-

445 905 511 942 put
548 899 667 931 Romae
706 899 868 932 bellantis
907 899 1098 945 Pompeius
1116 912 1125 940 ;

446 959 555 995 caput
569 952 690 984 Romae
705 952 885 997 loquentis
903 952 1038 987 Cicero.
1055 953 1122 985 En.

445 1024 498 1028 —-
516 1004 708 1049 Laurigeros
727 1018 847 1049 ageres.
867 1006 1025 1051 Dignum
1043 1018 1125 1038 sane

447 1065 553 1102 caput
569 1057 760 1103 Pompeius
777 1084 785 1100 ‚
806 1057 902 1104 quod
919 1060 1066 1092 Romam
1089 1059 1124 1091 in

446 1109 664 1155 suscipienda
694 1111 777 1144 belli
804 1124 910 1152 cura,
935 1120 969 1145 et
989 1112 1025 1144 in
1050 1112 1123 1145 cin-

447 1162 561 1206 genda
579 1164 699 1198 laurea
718 1165 924 1210 triumphali
939 1177 1126 1210 repraesen-

446 1223 535 1249 taret
548 1217 756 1250 universam.
776 1218 841 1251 En.
857 1240 909 1244 --
928 1219 1122 1263 Triumplzos.

445 1268 633 1315 Pompeius
653 1269 696 1303 de
715 1270 827 1304 tribus
845 1271 950 1304 Orbis
966 1272 1125 1317 partibus

446 1322 689 1368 triumphavit.

501 1380 534 1415 4.
556 1377 629 1408 Hoc
647 1376 704 1409 tibi
718 1404 725 1417 ,
742 1385 806 1409 etc.
826 1377 938 1422 Digna
958 1390 1041 1410 sane
1058 1377 1124 1410 lin-

445 1440 512 1472 gua
529 1429 674 1468 Cicero„
697 1442 760 1475 per
773 1442 875 1475 quam
894 1431 1030 1464 nobiles
1047 1443 1124 1463 sen-

445 1493 503 1514 sus
516 1494 595 1515 suos
607 1483 818 1527 exprimeret
830 1483 1043 1516 nobilissima
1057 1492 1126 1516 ter-

446 1546 493 1566 1⁸ae
513 1535 644 1568 civitas.
665 1536 796 1568 ED.—
820 1536 925 1580 Quum
946 1537 1121 1581 loquereris.

447 1587 632 1620 Val.Max.
649 1589 710 1621 lib.
722 1589 769 1631 V,
782 1600 856 1635 cap.
873 1588 892 1620 3
906 1615 915 1630 ,
934 1588 1060 1622 vividis
1074 1590 1124 1622 in-

446 1638 658 1685 dignationis
675 1651 708 1675 et
725 1641 931 1687 eloquentiae
948 1642 1124 1675 coloribus

443 1693 557 1738 pingit
576 1694 754 1734 Ciceronis
778 1703 925 1728 mortem
950 1703 983 1727 et
1002 1695 1122 1728 nefan-

445 1744 481 1778 di
502 1747 663 1780 facinoris
684 1748 884 1781 ministrum
906 1757 1121 1781 exsecratur:

447 1817 461 1829 ιι
481 1800 605 1832 Cicero
627 1801 693 1834 Cn.
717 1801 893 1846 Popilium
924 1802 1099 1834 Laenatem
1114 1827 1123 1842 ‚

446 1852 583 1886 Picenae
599 1854 774 1898 regionis,
793 1862 915 1900 rogatu
934 1854 984 1887 Μ.
1005 1854 1122 1896 Coelii,

444 1917 519 1938 non
540 1907 676 1939 minore
696 1919 780 1940 cura
800 1920 904 1952 quam
922 1907 1122 1952 eloquentia

445 1957 624 1998 defendit,
644 1972 795 2005 euinque
813 1973 912 1993 causa
932 1959 1120 1993 admodum

445 2009 551 2044 dubia
572 2012 800 2046 fluctuantem
813 2039 821 2054 ,
844 2013 977 2047 salvum
998 2013 1040 2046 ad
1057 2014 1122 2046 Pe-

444 2074 540 2097 nates
559 2078 637 2099 suos
670 2066 812 2099 remisit.
829 2067 873 2099 Et
889 2067 947 2099 hic
966 2066 1122 2112 Popilius

445 2126 560 2160 postea
570 2145 579 2159 ,
594 2131 657 2152 nec
670 2132 707 2152 re
718 2132 783 2152 nec
797 2120 905 2153 verbo
919 2117 939 2153 a
952 2120 1121 2153 Cicerone

447 2170 546 2203 laesus
559 2197 568 2211 ‚
585 2172 677 2205 ultro
694 2173 742 2206 M.
758 2173 949 2205 Antonium
969 2173 1121 2217 rogavit,

444 2231 483 2255 ut
497 2223 540 2257 ad
552 2225 650 2257 illum
663 2227 897 2270 proscriptum
909 2238 1120 2271 persequen-

443 2274 529 2309 dum
563 2286 666 2323 atque
694 2278 928 2324 jugulandum
966 2279 1117 2312 mittere-

1186 696 1243 720 tur
1260 699 1268 720 ε
1289 687 1552 733 impetratisque
1569 687 1780 723 detestabilis
1797 690 1859 723 mi-

1185 740 1321 773 nisterii
1341 740 1521 786 partibus,
1535 740 1662 786 gaudio
1684 743 1858 777 exsultans

1187 793 1342 827 Caietam
1356 794 1527 836 cucurrit,
1540 803 1573 827 et
1587 794 1717 837 virum,
1731 796 1858 829 omitto

1185 845 1281 892 quod
1305 846 1526 892 amplissimae
1548 846 1744 893 dignitatis,
1763 856 1856 881 certe

1184 899 1302 933 salutis
1323 901 1396 945 ejus
1418 908 1615 942 auctorem,
1633 909 1725 935 certe
1741 900 1857 934 studio

1184 953 1379 998 praestantis
1399 953 1506 986 officii
1527 953 1693 999 privatim
1710 953 1777 987 sihi
1797 965 1858 987 ve-

1184 1005 1401 1045 nerandum,
1420 1006 1582 1052 jugulum
1605 1007 1761 1052 praehere
1786 1008 1858 1052 jus-

1183 1059 1228 1092 sit
1249 1072 1259 1100 ;
1290 1071 1328 1092 ac
1373 1059 1534 1104 protinus
1569 1068 1673 1105 caput
1707 1072 1859 1093 romanae

1183 1112 1390 1157 eloquentiae
1421 1120 1456 1145 et
1484 1112 1577 1158 pacis
1597 1137 1607 1154 ,
1635 1112 1858 1146 clarissimam

1184 1164 1339 1198 dextram
1360 1178 1422 1210 per
1442 1178 1617 1198 summum
1641 1174 1675 1198 et
1696 1178 1858 1199 securum

1184 1219 1296 1251 otium
1325 1218 1538 1264 amputavit,
1568 1230 1675 1264 eaque
1698 1218 1829 1252 sarcina
1849 1244 1858 1259 ,

1184 1279 1358 1317 tamquam
1384 1271 1510 1317 opimis
1541 1272 1659 1316 spoliis
1685 1272 1795 1305 alacer
1821 1271 1858 1304 in

1184 1325 1319 1357 Urbem
1338 1337 1497 1357 reversus
1514 1333 1581 1357 est:
1601 1337 1715 1370 neque
1732 1324 1764 1357 ei
1781 1336 1855 1357 sce-

1182 1377 1308 1411 lestum
1325 1377 1559 1423 comportanti
1569 1390 1657 1410 onus
1672 1377 1856 1416 succurrit,

1184 1429 1271 1463 illud
1290 1443 1325 1464 se
1345 1439 1449 1476 caput
1470 1431 1577 1471 ferre,
1597 1429 1694 1475 quod
1715 1443 1780 1476 pro
1799 1442 1855 1463 ca-

1182 1483 1255 1528 pite
1268 1485 1341 1529 ejus
1358 1482 1535 1528 quondam
1550 1492 1784 1528 peroraverat.
1801 1483 1860 1515 Iu-

1182 1535 1305 1570 validae
1324 1536 1368 1569 ad
1390 1536 1459 1569 hoc
1479 1545 1674 1569 monstrum
1691 1536 1859 1581 sugillan-

1183 1588 1268 1622 dum
1298 1589 1434 1622 literae:
1462 1589 1628 1634 quoniam
1656 1590 1718 1634 qui
1751 1589 1855 1621 talem

1184 1643 1362 1675 Ciceronis
1378 1654 1513 1675 causam
1528 1642 1607 1674 satis
1619 1641 1726 1686 digne
1743 1641 1860 1687 explo-

1182 1708 1259 1728 rare
1287 1695 1417 1741 possit,
1440 1695 1526 1727 alius
1552 1695 1676 1728 Cicero
1702 1707 1775 1728 non
1798 1706 1856 1726 ex-

1183 1756 1259 1781 stat.
1279 1766 1292 1777 »
1317 1747 1429 1793 Super
1447 1748 1511 1780 hac
1532 1748 1663 1781 nefaria
1679 1746 1772 1782 caede
1786 1746 1857 1781 vid.

1187 1809 1221 1834 et
1236 1800 1442 1834 declamatio
1460 1800 1608 1834 Senecae.

1237 1857 1271 1888 6.
1295 1855 1360 1886 Hic
1378 1855 1507 1897 facinus
1527 1854 1663 1886 domino.
1685 1853 1858 1886 Pothinus

1182 1907 1219 1940 in
1247 1907 1393 1952 gratiam
1415 1907 1557 1941 Caesaris
1576 1907 1650 1951 regi
1671 1906 1858 1939 Ptolemaeo

1181 1961 1304 2001 suasit,
1318 1969 1356 1993 ut
1368 1960 1577 2005 Pompeium
1591 1959 1743 1992 interfici
1753 1959 1855 2004 jube-

1181 2022 1258 2055 ret3
1279 2013 1485 2046 Ciceronem
1511 2025 1594 2045 vero
1620 2011 1731 2045 occidi
1759 2011 1859 2056 jussit

1180 2066 1377 2107 Antonius,
1397 2074 1435 2099 ut
1459 2065 1565 2098 animi
1592 2066 1644 2098 sui
1669 2063 1859 2098 crudelita-

1181 2127 1251 2152 tem
1269 2119 1423 2164 expleret
1441 2130 1448 2151 :
1468 2131 1549 2164 ergo
1570 2118 1706 2163 gravius
1721 2126 1771 2151 est
1788 2118 1862 2149 An-

1181 2172 1267 2205 tonii
1281 2172 1410 2213 scelus,
1428 2184 1530 2217 quam
1546 2171 1699 2204 Pothini.
1716 2169 1856 2203 —Silnt

1180 2226 1222 2258 In
1244 2237 1342 2258 suam
1363 2224 1470 2258 solius
1489 2223 1677 2258 vindictam
1694 2250 1703 2265 ,
1723 2224 1759 2256 in
1779 2222 1858 2256 nul-

1180 2278 1248 2312 lius
1265 2278 1423 2323 gratiam.
