2061 3288
451 235 1038 279 EPIGRAMMATUM
1077 235 1202 278 LIB.
1243 236 1328 278 IV.

1502 240 1602 299 4¹9

256 322 529 368 Praetulimus
561 323 690 367 tantis
722 322 862 366 solum
891 331 957 375 te,
981 321 1242 377 posthume,
1272 324 1442 383 regnis:

326 396 498 455 Pauper
523 409 641 450 eras,
663 403 706 437 et
727 409 883 454 eques,
912 392 987 437 sed
1013 392 1119 436 mihi
1142 391 1294 436 consul
1318 410 1425 439 eras.

255 465 426 510 Tecum>
444 474 510 508 ter
532 464 665 508 denas
689 465 939 520 numeravi,
963 463 1201 508 Posthume
1216 500 1227 521 ,
1247 463 1427 509 brumas
1451 483 1460 508 :
1588 489 1601 511 5

328 536 588 581 Communis
615 535 739 580 nobis
764 534 899 579 lectus
923 543 966 578 et
990 551 1102 578 unus
1126 544 1232 578 erat.

255 609 348 650 Jam
377 606 540 650 donare
568 616 712 667 potes,
728 607 818 667 jam
845 605 1051 666 perdere,
1072 604 1226 667 plenus
1251 606 1496 662 honorum,

326 680 493 738 Largus
515 694 648 738 opum
670 694 678 720 :
704 686 934 738 exspecto,
957 676 1221 733 posthume,
1245 677 1348 737 quid
1375 678 1519 722 facias.

254 747 324 792 Nil
353 748 486 793 facis:
517 758 561 792 et
590 764 733 792 serum
766 757 831 791 est
860 747 993 791 alium
1024 748 1130 790 mihi
1160 764 1354 808 quaerere
1382 765 1543 810 regem.

322 821 440 875 Hoc,
465 821 681 874 Fortuna,
712 817 884 880 placet?
905 818 1172 862 Posthumus
1200 820 1422 880 imposuit.

183 958 245 991 lib.
260 958 293 998 I,
306 958 510 1003 epigramm.
527 969 622 998 Lxu,
635 968 738 990 versu
752 968 771 1000 7
787 970 794 995 ;
810 956 864 989 vel

183 1020 331 1056 propter
346 1011 509 1044 Rhetoris
523 1010 680 1051 Senecae,
698 1009 759 1055 qui
776 1009 864 1042 Cor-

184 1063 279 1097 duba
301 1065 447 1097 Romam
472 1063 680 1108 migraverat
697 1089 706 1105 ,
733 1071 801 1095 tres
822 1062 863 1095 fi-

184 1117 267 1159 lios,
291 1118 363 1150 scil.
389 1119 559 1149 Annaeum
574 1138 583 1155 ,
607 1115 864 1161 philosophum

186 1170 420 1216 eumdemque
449 1178 588 1215 poetam
624 1169 794 1213 tragicum
830 1177 864 1201 et

185 1224 336 1257 Neronis
376 1231 626 1269 praeceptorem
650 1236 658 1262 ;
697 1223 864 1255 Senecam

185 1277 385 1310 Gallionem
403 1289 462 1309 seu
479 1277 655 1308 Nox-atum
671 1288 679 1316 ;
698 1274 864 1307 Senecam

185 1330 312 1363 Melam
323 1342 381 1362 seu
393 1330 532 1362 Mellam
544 1354 554 1369 ,
569 1328 702 1361 Lucani
716 1335 863 1373 patrem;

186 1382 230 1416 de
265 1383 392 1428 quibus
420 1382 521 1427 plura
555 1381 649 1427 apud
679 1381 838 1425 Lipsium
854 1406 864 1421 ‚

184 1436 294 1469 Elect.
318 1436 354 1476 I,
375 1448 450 1480 cap.
480 1447 509 1468 1.
536 1434 634 1467 Hanc
654 1433 862 1479 opinionem

184 1489 314 1522 refutat
327 1489 557 1522 Ramiresius:
574 1500 684 1533 quum
696 1486 791 1520 enim
805 1499 863 1519 ex-

185 1542 313 1576 stincta
348 1550 435 1575 esset
464 1541 676 1574 Senecarum
709 1539 839 1573 familia
852 1562 862 1579 ‚

186 1595 359 1628 existimat
375 1595 464 1628 hanc
485 1594 621 1627 Senecae
640 1593 783 1626 domum
803 1605 865 1625 no-

184 1648 293 1681 bilem
316 1647 386 1681 dici
410 1655 556 1693 propter
577 1647 710 1679 Pollam
730 1646 864 1679 Lucani

186 1713 350 1742 uxorem,
372 1713 450 1746 quae
467 1700 573 1733 vidua
592 1699 762 1733 Martialis
780 1707 864 1732 tem-

186 1766 273 1799 pore
307 1764 485 1787 mortuum
527 1761 692 1785 mantum
727 1764 863 1785 summo

186 1807 302 1840 studio
331 1808 487 1847 colebat,
515 1808 656 1851 ejusque
685 1804 778 1837 diem
802 1817 863 1838 na-

186 1861 289 1894 talem
322 1861 518 1894 celebrabat
536 1886 545 1901 ,
578 1868 617 1892 ut
652 1866 787 1892 constat
822 1870 864 1890 ex

186 1913 248 1947 lib.
264 1914 334 1946 VII
347 1940 356 1955 ,
376 1914 580 1959 epigramm.
595 1925 639 1945 xx
651 1937 660 1953 ,
677 1923 735 1944 xx1
751 1937 760 1952 ‚
775 1923 862 1944 xxn.

181 1966 287 2014 ‘Hanc
309 1980 391 2012 ergo
409 1967 545 1999 Pollam
562 1965 676 1999 colere
694 1965 865 2010 potuisset

187 2020 305 2054 Poeta.
325 2042 377 2046 —
393 2018 492 2052 Idem
515 2019 676 2063 intelligit
697 2026 742 2049 tet·
759 2031 864 2049 nume-

188 2073 288 2105 randa
319 2073 427 2105 domus
442 2100 451 2114 ,
486 2071 587 2105 valde
619 2070 834 2104 numeranda
855 2096 864 2112 ,

187 2125 289 2159 valde
305 2126 449 2159 celebris
462 2150 471 2167 ,
486 2138 585 2158 inore
595 2123 762 2170 loquendi
779 2136 865 2169 grae-

189 2191 230 2211 co
251 2190 258 2212 :
282 2179 338 2212 alii
371 2187 507 2212 tantum
538 2178 739 2223 intelligunt
765 2178 866 2210 divisa

190 2234 221 2264 in
241 2239 301 2263 tres
315 2232 483 2274 familias,
510 2239 656 2277 propter
678 2239 746 2264 tres
771 2231 865 2264 Rhe-

189 2285 273 2317 toris
293 2284 394 2317 filios.

246 2338 278 2371 3.
300 2337 428 2381 Iiegnis.
447 2336 610 2381 Regibus.
623 2337 794 2369 patronos
810 2349 869 2381 ap·

189 2389 312 2435 pellari
329 2402 426 2434 reges
449 2403 468 2423 a
488 2389 672 2423 clientibus
689 2391 759 2435 jam
779 2401 868 2435 saepe

190 2442 353 2476 diximus.
374 2441 459 2475 Vid.
481 2443 541 2475 lib.
560 2443 577 2475 I
591 2466 600 2483 ,
621 2443 728 2488 epigr.
752 2454 868 2484 CXI113

189 2496 251 2530 lib.
275 2497 327 2531 II,
350 2495 460 2541 epigr.
481 2506 578 2529 >xx-111
592 2521 602 2538 ,
621 2508 723 2529 versu
744 2495 870 2529 ultimo

190 2557 254 2582 etc.
275 2549 342 2581 En.

245 2606 281 2642 4.
296 2602 426 2646 Pauper
437 2614 506 2634 eras
516 2628 524 2642 ,
540 2601 597 2634 sed
606 2613 696 2647 eques
708 2601 779 2646 legi
798 2601 874 2635 vult

191 2655 264 2688 Scri
272 2654 400 2688 verius.
412 2676 463 2681 —-
477 2655 606 2699 Pauper
619 2680 626 2693 ,
650 2662 714 2687 etc.
734 2653 872 2699 Paupe-

925 968 1000 988 rem
1019 964 1052 988 te
1078 964 1112 989 et
1130 969 1201 989 non
1222 956 1410 1002 patricium
1422 983 1430 997 ‚
1451 966 1490 991 ut
1506 959 1603 992 Piso-

924 1022 986 1042 nes
1001 1035 1009 1049 ‚
1026 1008 1086 1042 sed
1108 1009 1285 1055 equitem,
1309 1013 1492 1056 anteposui
1515 1021 1548 1045 te
1568 1022 1604 1046 et

928 1062 1165 1095 nobilioribus
1187 1075 1225 1096 ac
1248 1061 1461 1106 ditioribus3
1487 1077 1602 1111 neque

924 1124 1038 1149 tamen
1058 1128 1157 1148 secus
1174 1116 1286 1157 colui,
1303 1124 1406 1162 atque
1423 1119 1603 1152 consulem

924 1177 982 1201 aut
1001 1168 1233 1203 consularem.
1252 1170 1339 1204 Rad.

979 1224 1012 1255 6.
1035 1221 1214 1254 Communis
1230 1223 1318 1255 nobis
1337 1223 1442 1257 lectus.
1462 1225 1542 1266 Quo
1559 1225 1604 1258 ad

922 1287 1079 1308 mensam
1090 1276 1387 1310 accumbes-emus.
1396 1299 1447 1302 —
1455 1279 1504 1311 Et
1513 1292 1604 1313 unus.

924 1328 1130 1361 Communis
1151 1329 1262 1362 lectus
1283 1341 1357 1362 esse
1374 1338 1489 1375 potest
1513 1330 1602 1365 duo-

927 1381 993 1414 bus
1019 1381 1159 1422 amicis,
1184 1391 1217 1415 et
1238 1395 1311 1415 nou
1335 1395 1426 1416 unus
1456 1392 1570 1418 tamen
1592 1399 1600 1420 ;

922 1441 1038 1479 potest
1064 1434 1158 1466 enim
1182 1443 1330 1480 uterque
1351 1449 1453 1469 suum
1471 1437 1601 1471 lectum

922 1486 1050 1520 habere
1064 1512 1073 1528 ,
1091 1495 1125 1520 et
1146 1488 1276 1520 cubare
1290 1488 1393 1521 simul
1414 1490 1524 1524 altero
1544 1491 1605 1525 de-

923 1540 1048 1572 relicto
1074 1552 1184 1573 vacuo
1199 1567 1208 1582 ,
1231 1551 1272 1575 ut
1294 1543 1430 1587 quoties
1456 1543 1602 1578 libuerit

922 1593 1057 1638 possint
1081 1594 1245 1638 separari.
1264 1593 1340 1628 Hoc
1368 1598 1526 1641 quamvis
1558 1598 1603 1631 sit

923 1646 1061 1690 signum
1085 1646 1286 1680 arctissimae
1308 1649 1577 1684 necessitudinis
1594 1677 1604 1692 ‚

923 1711 999 1731 non
1028 1707 1146 1732 tamen
1172 1708 1277 1733 tantae
1307 1710 1436 1746 quanta
1461 1703 1603 1737 illorum

923 1760 995 1793 est,
1014 1752 1142 1797 quibus
1173 1752 1316 1786 duobus
1348 1763 1483 1789 tantum
1512 1770 1603 1791 unus

922 1805 1031 1838 lectus
1053 1814 1102 1838 est
1119 1829 1128 1844 ,
1150 1806 1211 1850 qui
1229 1807 1327 1839 nullo
1351 1820 1433 1841 casu
1456 1819 1604 1854 possunt

925 1857 1073 1890 distrahi
1094 1866 1127 1891 et
1149 1859 1296 1904 sejungi.
1316 1861 1468 1895 Ramires.

979 1923 1013 1955 7.
1033 1911 1106 1943 Jum
1126 1911 1245 1944 donare
1263 1938 1271 1951 ‚
1294 1920 1358 1946 etc.
1381 1914 1459 1947 Jam
1484 1915 1604 1960 largiri

924 1964 1043 1996 amicis
1063 1977 1209 1997 munera
1231 1965 1330 1998 facile
1347 1975 1467 2011 potes,
1494 1969 1602 2002 inuno

924 2018 1032 2049 multa
1053 2017 1198 2062 impune
1217 2017 1364 2063 perdere
1380 2032 1418 2053 ac
1435 2021 1510 2054 sinc
1532 2034 1604 2054 ina-

925 2083 994 2115 gno
1020 2069 1254 2113 detrimento,
1282 2071 1328 2105 ita
1354 2072 1548 2108 honoribus
1572 2084 1605 2108 et

925 2124 1052 2169 opibus
1066 2123 1160 2168 large
1182 2123 1350 2158 abundas.

980 2190 1013 2220 9.
1038 2176 1208 2217 Nilfizcis.
1228 2178 1327 2210 Nihil
1342 2179 1428 2211 mihi
1449 2179 1604 2225 largiris,

927 2242 1034 2275 quum
1064 2237 1180 2262 tamen
1210 2231 1360 2264 maxime
1386 2245 1481 2265 nunc
1513 2233 1607 2266 indi·

926 2295 1024 2328 geam
1057 2291 1116 2315 tua
1142 2282 1371 2325 liberalitate,
1393 2286 1526 2332 quippe
1544 2287 1607 2332 qui

927 2348 1030 2369 senex
1049 2347 1137 2380 aegre
1154 2348 1265 2369 novos
1284 2346 1451 2382 patronos
1469 2339 1534 2372 sim
1554 2339 1609 2372 in-

927 2397 1119 2430 venturus,
1144 2397 1178 2421 et
1205 2398 1316 2423 morte
1353 2390 1504 2425 instante
1534 2406 1607 2426 non

929 2441 1010 2474 satis
1030 2441 1212 2475 habiturus
1226 2444 1393 2489 temporis
1410 2453 1468 2478 aut
1481 2446 1610 2479 virium

931 2493 972 2527 ad
982 2494 1127 2540 gratiam
1138 2496 1282 2541 alicujus
1290 2497 1612 2543 aucupandamED.

991 2559 1046 2581 10.
1078 2549 1232 2581 Fortmzoe
1258 2550 1366 2594 placet
1395 2551 1462 2584 lzoc.
1486 2552 1614 2584 Bever-

932 2599 1027 2633 laudi
1041 2601 1119 2634 MS.
1134 2622 1185 2628 —-
1201 2602 1286 2642 Hoc,
1305 2604 1464 2644 Fortuna,
1481 2605 1588 2649 placet
1598 2609 1616 2636 :³

934 2653 1019 2694 Cur,
1030 2667 1050 2686 o
1064 2654 1232 2696 Fortuna,
1245 2655 1478 2690 posthumum
1490 2657 1598 2690 beasti
1610 2683 1619 2697 ‚

1275 2722 1367 2765 “),’“’2

1315 2771 1323 2782 Ι
