2061 3288
418 204 497 247 ET
536 203 890 247 OPERIBUS
929 203 1331 247 MARTIALIS.
1494 219 1578 248 va

172 309 356 355 quorum
398 292 571 336 habitus
607 293 650 335 in
685 293 960 353 captivorum
1005 292 1193 352 speciem
1214 290 1223 305 ¹
1260 291 1583 336 formarentur?

172 364 315 422 Quid,
332 380 466 425 quum
488 362 665 408 credere
696 380 787 407 sese
817 363 942 424 fingit
964 362 1131 406 debitas
1162 363 1417 407 Domitiano
1446 363 1581 407 Vitel-

174 435 383 479 lianarum
421 435 609 496 partium
645 433 815 491 clades,
845 443 889 478 at
923 433 1156 494 juvenem,
1185 449 1315 494 quam
1355 434 1445 493 ipse
1480 450 1582 495 pur—

128 504 135 510 ”
172 522 326 567 puram
352 505 430 549 sibi
454 506 612 566 justius
641 506 967 567 assumpsisset,
995 520 1089 548 eain
1121 506 1234 565 patri
1264 504 1379 549 ultro
1407 521 1585 550 conces⁹

173 576 308 621 sisse?
333 576 436 637 quid
466 593 601 637 quum
633 592 657 620 a
686 576 948 621 verecundia
980 575 1261 620 commendat
1297 576 1585 637 impudicissi—

174 664 293 691 mum
320 657 552 708 tyrannum
566 682 577 702 ,
598 649 671 708 qui
688 647 832 709 palam
854 647 999 691 fratris
1021 646 1117 691 filice
1136 646 1319 703 adulter,
1336 648 1582 691 Minervam

173 728 320 762 tamen
346 719 563 780 praecipue
581 718 775 773 colebat,
797 719 999 762 Minerva
1021 728 1172 762 natum
1191 734 1235 762 se
1252 718 1336 762 dici
1355 718 1586 780 cupiebat?

174 791 279 833 Haec
307 788 482 850 quidem
509 790 621 834 tristi
652 789 901 833 adulatione
932 799 975 833 et
997 789 1226 834 mendacio
1254 790 1408 845 mixta,
1435 799 1583 834 tamen

174 876 254 904 nec
286 870 473 915 nocent,
505 877 584 904 nec
620 860 674 904 ad
713 859 852 904 scelus
882 861 1091 922 ignavum
1126 861 1354 905 dominum
1389 862 1583 905 incitant.

175 930 257 974 Sed
282 931 493 975 hactenus
522 930 734 975 laudator.
757 932 908 988 Quum
936 931 1137 976 Helvidio
1163 933 1352 976 senatori
1376 933 1587 993 impositae

174 1001 428 1062 compedes,
445 1019 581 1064 quum
597 1002 834 1046 Thraseam
851 1001 1093 1047 laudavisse
1117 1002 1301 1064 capitale
1323 1002 1423 1057 fuit,
1445 1020 1586 1064 neque

173 1072 217 1115 in
237 1073 352 1133 ipsos
376 1072 509 1116 modo
535 1082 762 1129 auctores,
793 1073 867 1117 sed
897 1074 941 1118 in
965 1073 1096 1118 libros
1127 1090 1302 1135 quoque
1332 1072 1343 1088 ²
1361 1075 1558 1118 saevitum
1575 1112 1585 1127 ,

175 1159 310 1203 quum
353 1143 566 1204 Agricolae
603 1143 659 1188 ob
703 1145 880 1187 nimiam
926 1144 1107 1205 gloriam
1157 1161 1373 1189 venenum
1411 1145 1587 1200 datum,

174 1230 309 1274 quum
342 1213 449 1258 vidit
479 1214 598 1258 Urbs
622 1215 841 1259 obsessam
873 1216 1037 1259 curiam
1068 1226 1112 1259 et
1142 1215 1338 1260 clausum
1366 1217 1497 1260 armis
1523 1234 1588 1260 se-

174 1294 326 1328 natum
352 1294 396 1328 et
421 1284 573 1328 eadem
603 1294 746 1345 strage
771 1295 837 1328 tot
861 1285 1157 1329 consularium
1182 1287 1342 1342 caedes,
1369 1297 1434 1330 tot
1459 1288 1589 1331 nobi-

174 1354 436 1403 lissimarum
465 1355 725 1399 feminarum
754 1355 900 1400 exsilia
931 1367 973 1400 et
997 1357 1145 1418 fugas,
1173 1367 1267 1401 tum
1299 1374 1379 1402 nec
1408 1357 1589 1402 adulan-

175 1427 285 1469 tium
315 1417 608 1470 multitudini3
636 1426 797 1470 Noster
821 1429 1027 1481 accessit,
1058 1444 1139 1472 nec
1165 1429 1443 1489 pereuntium
1474 1430 1591 1491 inge-

175 1497 248 1540 nio
273 1507 349 1542 aut
374 1498 628 1542 constantiae
655 1496 897 1553 insultavit,
923 1509 998 1542 aut
1021 1500 1164 1543 ruenti
1193 1500 1237 1543 in
1263 1499 1401 1544 caedes
1424 1502 1586 1544 Roma-

176 1583 334 1612 norum
363 1569 562 1629 Augusto
593 1568 737 1612 calcar
766 1579 841 1613 aut
873 1569 1070 1614 stimulos
1097 1570 1276 1614 addidit.
1307 1570 1589 1616 Adulationes

176 1654 282 1699 ergo
319 1637 434 1694 illas,
470 1640 670 1700 quamvis
698 1639 981 1701 hyperbolice
1012 1650 1055 1684 et
1080 1642 1299 1685 immerito
1336 1642 1590 1703 saepiuscule

176 1708 357 1765 effusas,
380 1726 435 1753 ne
459 1719 546 1753 tam
574 1709 710 1754 foedas
735 1711 998 1755 arbitremur
1023 1728 1154 1772 quam
1178 1712 1356 1757 voluere
1381 1712 1557 1774 plurimi
1581 1732 1589 1757 ;

177 1795 289 1823 vana
328 1779 492 1836 multa,
527 1780 710 1841 pulchra
744 1782 966 1842 quaedam,
999 1799 1113 1827 saeva
1154 1783 1273 1828 nulla
1309 1782 1379 1828 ille
1418 1783 1590 1841 laudat,

178 1850 282 1911 quid
309 1867 361 1894 ex
385 1851 451 1895 his
473 1868 561 1895 non
584 1851 910 1896 excusandum?

248 1921 379 1978 Quod
403 1921 458 1965 ad
482 1922 717 1966 verborum
748 1923 993 1968 libertatem
1018 1927 1197 1980 attinet,
1221 1926 1468 1969 Martialem
1493 1944 1593 1971 reor

179 1990 268 2035 fere
301 1994 482 2036 omnino
524 1992 652 2054 culpa
681 2010 849 2038 vacare.
882 1995 1034 2055 Neque
1065 1997 1220 2057 ignoro
1257 1996 1431 2057 quidem
1464 1998 1593 2042 hodie

179 2060 370 2106 delicatis
391 2064 566 2108 auribus
588 2065 725 2125 magis
745 2065 943 2125 probari,
965 2067 999 2109 si
1019 2067 1124 2127 quid
1148 2067 1201 2110 de
1221 2069 1441 2112 amatoriis
1465 2069 1594 2113 rebus

180 2143 398 2188 narratur,
417 2150 516 2178 eum
541 2151 785 2179 sermonem
807 2137 901 2197 qui,
926 2136 1111 2198 eleganti
1135 2148 1502 2199 temperamento,
1523 2157 1592 2184 ca-

179 2203 336 2246 stitatis
364 2204 491 2247 simul
517 2215 560 2249 et
595 2207 796 2266 nequitiae
827 2209 1071 2269 particeps,
1098 2226 1239 2269 neque
1271 2210 1426 2270 virgini
1464 2227 1594 2255 causa

180 2273 464 2317 erubescendi
486 2285 571 2330 est,
593 2286 635 2320 et
659 2276 896 2322 clarissime
924 2289 1068 2322 tamen
1089 2281 1256 2323 cunctis
1280 2290 1437 2324 cuncta
1464 2282 1594 2343 signi-

181 2343 294 2387 ficat.
323 2345 441 2388 Inest
467 2346 628 2406 quippe
655 2348 818 2406 gratia,
844 2347 1051 2404 dulcedo,
1072 2350 1359 2394 commoditas
1391 2367 1441 2395 ac
1474 2351 1593 2413 lepos

181 2415 326 2458 nescio
362 2416 479 2475 quis,
508 2415 612 2460 dum
652 2417 851 2478 improba
887 2420 1046 2480 probe,
1076 2421 1305 2466 inhonesta
1338 2422 1520 2467 honeste
1554 2434 1596 2468 et

239 2548 269 2567 1.
286 2535 398 2568 Tacit.
417 2536 530 2581 Agric.
547 2549 621 2582 cap.
639 2537 700 2580 39.

238 2600 270 2620 2.
289 2586 340 2620 Id.
359 2588 433 2620 ibid.
451 2601 527 2634 cap.
548 2603 579 2622 2.

238 2639 270 2673 3.
289 2639 379 2672 Ibid.
396 2653 470 2687 cap.
486 2644 544 2681 45.
