2061 3288
414 223 511 286 376
783 222 843 263 Μ.
868 221 1009 263 VAL.
1050 217 1439 262 MARTIALIS

551 313 646 356 Nec
672 311 854 372 pavidos
879 309 990 353 tristi
1018 323 1125 352 voce
1148 307 1280 351 citare
1305 321 1402 348 reos
1423 321 1431 347 :

482 384 576 427 Nec
599 392 723 444 potes
746 397 928 426 uxorem
951 379 1040 424 cari
1063 392 1345 436 corrumpere
1367 376 1495 419 amici
1517 392 1526 417 ;

552 455 647 499 Ν66
672 463 796 514 potes
818 451 1010 513 algentes
1036 450 1226 510 arrigere
1253 446 1307 490 ad
1330 445 1499 490 vetulas
1522 463 1533 499 3

479 524 685 568 Vendere
711 540 791 569 nec
819 539 955 566 vanos
981 522 1096 565 circa
1125 517 1304 563 Pallatia
1326 516 1469 560 fumos
1492 533 1504 572 3

551 594 765 640 Plaudere
790 610 871 638 nec
901 595 1049 648 Cano,
1075 589 1282 652 plaudere
1310 604 1390 631 nec
1412 586 1651 648 Glaphyro.

411 753 473 778 ctae
491 756 622 789 corpus
640 755 712 776 non
736 743 822 775 utile
845 740 976 774 dextrae
993 757 1006 769 u
1025 752 1034 780 ;
1060 746 1094 771 et

412 799 565 839 Bolaeus,
585 797 654 831 Sat.
674 794 817 830 eadem:

411 884 481 910 Mais
488 886 539 909 moi
551 903 557 914 ,
567 886 637 909 vivre
651 883 664 907 1¹1
681 882 773 909 Paris?
789 882 842 908 Eh!
859 881 917 915 qu'y
932 878 1094 911 voudrais-je

500 930 584 955 faire?

413 978 444 1003 Je
460 987 492 1002 ne
507 978 556 1002 sais
567 978 593 1001 ni
609 984 740 1010 tromper,
760 975 787 1000 ni
805 974 921 1002 scindre,
942 973 969 997 ni
983 972 1092 999 111611ιί1,

412 1027 443 1051 Et
455 1025 542 1059 quand
553 1025 578 1057 je
588 1023 613 1047 le
625 1023 745 1057 pourrais
756 1041 761 1051 ,
774 1023 798 1055 je
808 1021 850 1055 n’y
861 1021 921 1055 puis
935 1020 1076 1044 consentir.

413 1072 445 1096 Je
462 1081 494 1095 ue
507 1073 557 1095 sais
570 1071 645 1104 point
658 1079 689 1094 en
702 1069 773 1094 {Ache
787 1077 894 1102 essuyer
907 1067 944 1091 les
957 1073 1076 1099 outrages

412 1117 477 1143 D'un
496 1117 586 1150 saquin
611 1115 770 1149 orgucilleux
787 1116 831 1148 qui
850 1123 915 1139 vous
935 1113 1000 1137 nent
1021 1112 1034 1136 a
1052 1122 1091 1137 ses

500 1172 575 1196 gages
587 1181 593 1191 ‚

414 1212 448 1235 De
460 1219 513 1234 mes
530 1216 635 1234 sonnets
651 1209 764 1233 ssntteurs
778 1208 858 1233 lasser
874 1213 930 1232 tout
941 1206 1078 1231 l'Univers
1088 1224 1095 1235 ,

411 1259 442 1283 Et
463 1257 561 1281 vendre
580 1267 610 1280 au
628 1255 687 1290 plus
703 1256 798 1280 offrant
814 1264 874 1279 mon
894 1263 986 1278 encens
1001 1259 1025 1277 et
1041 1261 1094 1277 mes

498 1313 555 1328 vers
567 1322 573 1332 ,
587 1309 634 1328 etc.
649 1302 698 1327 En.

412 1397 462 1401 -—
485 1376 553 1420 Qui
583 1389 638 1408 nec
668 1376 749 1407 leno.
771 1373 842 1415 Qui
874 1384 938 1405 1166
966 1370 1091 1417 prosti-

412 1437 509 1462 tuere
520 1441 653 1470 servos,
669 1439 853 1472 servasque
868 1424 1093 1470 adquaestum

410 1490 535 1527 potes,
562 1490 629 1515 etc.
663 1503 715 1507 --
749 1480 945 1514 Comissator
973 1476 1092 1510 haberi.

411 1534 506 1568 Gulo
523 1533 734 1567 immodicus
749 1541 782 1566 et
794 1532 938 1579 popinO.
958 1552 1007 1556 —
1022 1530 1094 1562 Ha,

411 1588 486 1622 beri.
507 1587 690 1621 Adhiberi.

465 1646 497 1682 4.
515 1641 584 1674 Nec
595 1640 727 1686 pavidos
743 1640 852 1671 stricta
865 1637 1092 1670 Puhnannus.

410 1716 461 1721 ——
487 1695 556 1729 Nec
577 1693 710 1739 pavidos
738 1694 841 1732 tristi,
866 1698 929 1724 etc.
955 1688 998 1722 Id
1022 1696 1093 1728 est,

411 1760 475 1782 1166
500 1755 600 1794 potes
627 1759 699 1780 esse
724 1757 839 1792 praeco
856 1770 864 1785 ⁷
893 1744 990 1789 cujus
1018 1742 1095 1775 offi-

410 1802 505 1835 cium
522 1827 530 1842 ‚
548 1809 581 1834 et
610 1799 710 1833 valde
741 1806 975 1844 quaestuosum
998 1792 1089 1834 (vid.

410 1855 471 1888 lib.
491 1855 563 1895 VI,
586 1853 695 1899 epigr.
717 1845 811 1894 vm)
830 1876 839 1891 ,
862 1857 936 1883 erat
958 1861 1035 1882 reos
1054 1848 1091 1881 in

406 1920 462 1953 Jus
497 1919 621 1941 vocare
647 1918 654 1939 ζ
684 1916 862 1951 praecones
888 1911 986 1936 erant
1011 1913 1090 1947 per-

410 1961 510 1994 fricta
540 1961 678 2000 fronte,
707 1967 741 1991 et
770 1958 842 1991 fere
870 1967 998 1989 scurrae
1015 1981 1024 1996 ,
1054 1963 1092 1987 ut

409 2014 587 2060 colligitur
601 2026 641 2046 ex
657 2012 816 2045 oratione
831 2009 1010 2044 Ciceronis
1024 2021 1090 2053 pro

410 2067 578 2109 Quintio,
600 2075 705 2112 atque
730 2077 770 2098 ex
791 2064 940 2103 Nostro,
962 2061 1024 2094 lib.
1050 2061 1065 2092 I
1081 2087 1090 2101 ‚

410 2121 519 2166 epigr.
547 2131 688 2153 Lxxxvr.
717 2118 764 2150 Hi
788 2125 905 2151 autem
930 2114 1091 2147 homines

409 2182 507 2207 erant
532 2174 742 2219 plerumque
769 2183 809 2203 ex
835 2178 938 2214 gente
962 2168 1089 2200 horum

408 2227 650 2260 Liburnorum
677 2224 722 2258 de
748 2223 876 2270 quihus
895 2220 1029 2254 mentio
1051 2219 1092 2252 fit

408 2280 469 2313 lib.
487 2281 525 2320 I,
543 2280 653 2325 epigr.
674 2291 708 2319 v,
734 2290 784 2310 vs.
811 2275 869 2310 33.
889 2276 956 2308 En.

465 2335 501 2366 5.
527 2333 596 2366 Nec
613 2339 702 2377 poles
723 2343 849 2364 uxorem
863 2356 871 2369 ‚
897 2336 960 2362 etc.
987 2325 1090 2359 Simi-

408 2386 486 2419 liter
507 2386 642 2418 Bolaeus
658 2397 666 2418 ε

410 2452 446 2475 1)6
458 2451 540 2474 oervir
550 2459 585 2474 1111
595 2455 680 2473 amant
689 2468 695 2478 ,
706 2449 731 2481 je
742 2447 799 2472 n'en
811 2448 835 2471 ai
844 2456 888 2473 uas
900 2445 1035 2473 l'adresse3

409 2497 523 2530 J’ignore
552 2505 580 2520 ce
601 2496 681 2529 grand
705 2501 744 2520 art
768 2496 813 2528 qui
837 2502 919 2528 gagne
947 2501 997 2516 une
1027 2491 1089 2516 mai·

497 2550 575 2567 tresse
586 2561 593 2572 ,
607 2548 653 2567 etc.
670 2544 717 2567 En.

464 2602 499 2631 (i.
526 2597 593 2630 Nec
613 2605 702 2641 poles
724 2597 886 2639 algentes,
917 2603 982 2628 etc.
1003 2594 1089 2635 Quae

411 2667 424 2679 «τ
440 2651 573 2696 optima
597 2650 725 2684 summi
748 2649 851 2683 Nunc
876 2648 930 2681 via
951 2659 1088 2693 proces-

1153 748 1249 774 sus»,
1268 742 1354 768 teste
1366 734 1555 776 Juvenale,
1570 741 1631 767 sat.
1648 733 1683 774 Ι,
1699 745 1747 766 vs.
1767 733 1827 777 39.

1153 789 1373 833 -Algentes.
1387 787 1437 820 Ut
1456 794 1529 820 erat
1540 786 1727 820 Vetustilla
1742 812 1751 827 ‚
1766 786 1829 820 lib.

1153 843 1227 882 111,
1250 841 1358 887 epigr.
1387 852 1479 874 x0111
1496 865 1505 882 ,
1532 852 1583 873 vs.
1619 842 1663 873 16
1692 847 1726 873 et
1757 851 1800 883 17
1820 851 1828 871 :

1159 913 1171 925 α
1203 894 1323 936 Quum
1349 894 1478 927 bruma
1511 905 1668 926 mensem
1699 892 1743 925 sit
1767 891 1831 924 tihi

1154 960 1219 994 per
1234 955 1419 994 augustum
1431 973 1440 988 ‚
1463 946 1628 991 Regelare
1643 956 1708 979 nec
1724 953 1758 978 te
1773 957 1832 989 pe-

1153 1001 1304 1034 stilentia
1328 1000 1449 1045 possit.
1474 1016 1487 1029 n
1512 1020 1565 1027 —-
1586 999 1742 1042 Arrigere
1765 997 1829 1037 ad,

1152 1063 1219 1088 etc.
1247 1054 1296 1087 Ut
1317 1061 1456 1098 poterat
1478 1053 1623 1093 Bassus,
1644 1063 1741 1096 supr.
1769 1051 1829 1083 lib.

1153 1108 1226 1148 III,
1243 1107 1351 1152 epigr.
1366 1118 1493 1147 Lxxw3
1511 1113 1722 1138 veteratores
1738 1103 1830 1136 enim

1154 1169 1187 1194 et
1206 1160 1298 1193 avari
1312 1161 1456 1205 juvenes
1476 1158 1633 1192 'solebant
1646 1157 1832 1190 sollicitare

1152 1212 1278 1247 divites
1300 1213 1452 1253 vetulas,
1480 1219 1520 1244 ut
1544 1211 1665 1244 multis
1687 1211 1722 1243 in
1748 1210 1833 1243 locis

1152 1265 1289 1300 dictum
1311 1273 1372 1299 est.
1397 1266 1550 1298 Ramz'res.

1209 1333 1241 1364 7.
1260 1319 1329 1352 Alii
1347 1319 1488 1364 legunt,
1504 1331 1606 1350 ‘vanos
1623 1319 1737 1349 circum
1749 1316 1831 1348 Pal-

1153 1374 1232 1405 latia
1247 1374 1365 1415 fimzos.
1391 1393 1442 1397 —-
1465 1371 1606 1404 Vendere
1631 1382 1686 1402 nec
1705 1381 1807 1401 vanos
1820 1395 1830 1408 ‚

1152 1435 1218 1459 etc.
1251 1426 1301 1459 Ut
1331 1425 1444 1458 solent
1473 1423 1598 1464 aulici,
1618 1421 1699 1468 qui,
1735 1433 1832 1455 com-

1152 1478 1387 1512 mendationis
1412 1477 1529 1510 officia
1552 1475 1712 1516 mentiti,
1733 1474 1831 1520 prin-

1152 1532 1240 1577 cipis
1269 1532 1415 1576 gratiam
1444 1537 1588 1574 accepto
1606 1528 1721 1574 pretio
1746 1540 1831 1560 ven-

1152 1584 1252 1618 dunt.
1269 1584 1335 1617 Vel
1346 1583 1501 1628 intellige
1511 1582 1700 1616 versiculos
1713 1579 1832 1614 adula-

1152 1638 1262 1671 torios
1278 1636 1480 1683 lepidasque
1493 1635 1626 1668 fabulas
1638 1632 1814 1667 narrando
1824 1659 1836 1675 ,

1151 1691 1341 1736 pecuniam
1368 1690 1411 1723 ab
1439 1689 1560 1722 aulicis
1589 1688 1645 1721 vel
1670 1687 1833 1733 principe

1152 1756 1296 1789 erogare
1321 1756 1329 1777 :
1350 1742 1449 1789 prior
1468 1754 1586 1776 sensus
1610 1741 1718 1786 magis
1744 1740 1831 1773 mihi

1151 1798 1277 1843 placet.
1305 1819 1353 1824 --
1380 1797 1507 1829 Furnos.
1530 1795 1659 1828 Furnos
1680 1792 1833 1827 vendere

1153 1860 1204 1884 est
1228 1863 1283 1884 res
1309 1850 1430 1883 inanes
1446 1876 1454 1892 ‚
1474 1847 1656 1882 mendacia
1681 1845 1831 1892 promit-

1152 1912 1236 1938 tere.
1258 1901 1455 1936 Alexander
1469 1901 1616 1936 Severus
1629 1926 1637 1942 ‚
1654 1901 1833 1933 Romanus

1152 1958 1362 2002 Imperator,
1377 1968 1485 2001 quum
1504 1953 1655 1987 audisset
1675 1952 1833 1986 aulicum

1152 2009 1370 2044 adulatorem
1423 2006 1612 2054 quemdam
1628 2032 1637 2045 ,
1686 2005 1832 2039 nomine

1151 2063 1349 2096 Thurinum
1361 2061 1561 2095 Voconium
1572 2085 1583 2101 .‚
1596 2071 1737 2104 magnas
1748 2070 1831 2103 opes

1151 2116 1350 2157 collexisse‚
1380 2114 1542 2148 homines
1567 2112 1745 2160 principi,
1765 2111 1831 2145 sic-

1151 2178 1189 2202 ut
1203 2169 1305 2202 aulici
1324 2168 1482 2201 factitant
1494 2193 1503 2206 ,
1521 2163 1804 2200 commendando
1821 2190 1830 2204 ‚

1150 2235 1228 2255 eum
1250 2222 1352 2267 lignis
1373 2219 1531 2254 humidis
1548 2228 1582 2257 et
1598 2220 1698 2252 fumo
1714 2217 1830 2251 necari

1148 2276 1248 2320 jussit
1263 2287 1271 2316 ;
1292 2276 1410 2307 Pereat
1422 2300 1430 2313 ,
1451 2273 1688 2319 inquit‚sicmo
1704 2273 1758 2316 qui
1770 2273 1831 2313 ju-

1151 2342 1213 2362 mos
1231 2328 1387 2361 wendidit.
1405 2326 1488 2360 Vid.
1509 2325 1553 2359 de
1571 2326 1691 2359 Zotico
1704 2349 1713 2364 ‚
1727 2324 1831 2356 Lam-

1149 2381 1242 2427 prid.
1260 2382 1295 2414 in
1314 2381 1384 2414 vita
1404 2379 1621 2425 Heliogabali
1636 2405 1644 2420 ‚
1660 2385 1693 2411 et
1706 2377 1743 2409 in
1759 2376 1829 2409 vita

1150 2433 1341 2468 Alexandri
1361 2434 1493 2466 Severi.

1208 2489 1240 2522 8.
1253 2487 1413 2520 Plaudere
1424 2499 1479 2518 nec
1491 2485 1591 2530 plano
1601 2482 1680 2518 cod.
1690 2483 1829 2516 Thuau.

1150 2541 1310 2574 Plaudere
1342 2554 1397 2573 nee
1425 2540 1531 2572 Plano
1564 2538 1644 2570 Vat.
1673 2535 1833 2569 Plaudere

1149 2607 1203 2626 nec
1216 2594 1319 2628 Canio
1332 2594 1517 2626 Pulmann.
1532 2612 1583 2618 -—
1597 2590 1699 2623 Cano.
1714 2589 1831 2622 Canus

1148 2648 1293 2681 celebris
1321 2647 1383 2680 suit
1406 2645 1587 2679 choraules
1601 2668 1610 2685 ,
1630 2642 1686 2676 cui
1717 2635 1831 2684 (teste
