2061 3288
682 233 1053 278 PRAEFATIO.
1517 256 1571 285 111

161 357 295 402 genus
315 337 450 382 multa
467 373 479 393 ,
504 353 600 398 quae
621 337 786 382 vicibus
808 339 1027 400 perpetuis
1049 339 1235 383 obnoxia
1249 376 1259 396 ‚
1279 351 1353 385 aut
1377 342 1574 390 locorum

161 423 345 467 mutatio
360 420 541 465 subinde
552 421 797 477 variaverit,
812 431 886 465 aut
897 421 1152 466 brevissime
1166 433 1414 484 temporum
1430 426 1533 487 fuga
1553 445 1575 471 e

162 505 304 549 medio
324 502 558 547 sustulerit.
580 504 668 546 Ista
688 518 793 545 vero
808 519 903 563 quae
918 504 1032 547 circa
1051 521 1119 548 res
1134 520 1313 566 magnas
1330 517 1575 567 versantur,

159 586 342 630 affectus
365 585 497 628 animi
520 584 692 627 intimos
714 593 893 628 movent
917 594 960 628 et
986 595 1245 646 perpetuum
1272 601 1473 646 movent,
1501 608 1576 636 ne-

159 685 243 730 que
262 667 349 711 ulla
375 665 630 712 saeculorum
649 667 758 710 serie
777 683 918 727 neque
937 666 1272 729 longinquarum
1294 671 1576 719 solitudinum

161 750 307 811 spatiis
335 749 595 793 hebetanda.
621 749 690 792 Sic
727 757 769 792 et
791 748 1012 807 pueriliter
1037 762 1396 811 expavescentem
1422 757 1578 817 Astya-

160 842 286 876 nacta
311 841 355 876 et
374 830 712 875 Andromachen
741 825 933 890 δακρυόεν
958 831 1184 892 γελάσασαν
1213 851 1346 894 quum
1376 836 1580 898 legimus,

162 930 250 957 non
277 914 420 956 minus
446 910 572 956 facile
604 910 883 971 intelligimus
905 929 1033 973 quam
1060 915 1250 959 suaviter
1275 915 1423 962 affecti
1449 921 1580 964 mira-

160 1012 272 1039 mur.
303 996 372 1040 Sic
407 1005 450 1038 et
482 994 674 1038 vicissim
707 1010 856 1037 amore
876 1030 889 1051 ‚
921 1005 1063 1051 metu,
1095 998 1375 1057 aegritudine,
1405 1003 1468 1045 ira
1502 1020 1580 1047 nos

93 1083 108 1094 ‘
161 1077 401 1139 Virgiliana
435 1076 554 1120 Dido
591 1076 874 1120 vehementer
903 1078 1003 1138 agit.
1033 1079 1152 1135 Quid
1179 1081 1376 1138 interest,
1407 1100 1462 1126 an
1489 1086 1580 1130 haec

162 1159 430 1220 Carthagine
452 1168 496 1202 et
511 1157 652 1217 Trojae
671 1159 715 1201 in
736 1158 951 1202 moenibus
975 1161 1230 1205 evenerint?
1249 1179 1304 1206 an
1325 1165 1503 1226 viginti,
1524 1183 1578 1210 an

161 1241 337 1302 triginta
369 1240 527 1283 abhinc
549 1239 796 1284 effluxerint
817 1240 1000 1285 saecula?
1016 1262 1036 1283 <‹
1050 1244 1160 1287 Sunt
1186 1243 1386 1306 lacrymae
1411 1265 1555 1293 rerum
1570 1285 1582 1306 ⁷

161 1333 204 1366 et
224 1332 416 1367 mentem
437 1321 636 1366 mortalia
652 1331 848 1383 tangunt.
871 1342 892 1363 ))
913 1324 1120 1384 Spectant
1141 1325 1212 1369 illa
1237 1344 1339 1372 vere
1361 1329 1505 1375 divina
1527 1332 1579 1375 ad

160 1406 476 1449 humanitatem
507 1414 671 1460 totam,
707 1415 837 1466 atque
881 1406 1094 1450 «humani
1125 1409 1231 1453 nihil
1262 1427 1285 1453 a
1313 1421 1356 1456 te
1389 1412 1577 1460 alienum

162 1496 342 1548 putas».
359 1488 525 1530 Verum
556 1487 636 1530 ista
652 1521 663 1541 ,
691 1503 786 1547 quae
813 1503 943 1548 supra
969 1492 1331 1548 memoravimus,
1357 1510 1463 1538 num
1488 1513 1581 1557 per-

162 1570 301 1612 tinent
321 1568 376 1612 ad
393 1578 529 1612 totam
548 1568 895 1615 humanitatem?
912 1571 1088 1615 minime
1103 1607 1114 1627 ‚
1135 1573 1210 1616 sed
1232 1576 1276 1618 in
1299 1576 1460 1638 angulo
1481 1596 1578 1639 per-

162 1652 319 1712 exiguo
349 1661 590 1706 terrarum,
620 1650 694 1694 sed
725 1651 770 1693 in
800 1651 984 1696 articulo
1014 1657 1222 1715 temporis
1251 1656 1369 1702 fluxo
1409 1670 1451 1704 et
1493 1663 1579 1706 cito

163 1742 391 1777 transeunt
413 1750 420 1776 :
445 1733 524 1789 ibi,
544 1731 674 1776 hodie
700 1731 926 1793 intelligis,
950 1744 1025 1777 aut
1052 1734 1159 1792 alio,
1185 1747 1261 1781 aut
1289 1756 1384 1784 cras
1407 1742 1577 1788 dubita-

162 1825 307 1871 turus;
333 1814 478 1859 locum
502 1823 623 1858 muta
648 1824 723 1858 aut
746 1824 946 1875 tempus,
969 1816 1060 1875 jam
1088 1834 1156 1862 res
1180 1821 1322 1865 minus
1351 1823 1393 1866 in
1420 1829 1580 1887 perspi-

165 1915 247 1943 cuo
271 1899 366 1942 erit.
388 1900 456 1942 Ita
471 1932 482 1952 ,
507 1896 579 1941 lib.
603 1898 647 1952 I,
674 1898 808 1958 epigr.
837 1913 947 1941 xx1v
962 1934 973 1954 ‚
995 1915 1129 1959 quum
1154 1903 1214 1946 ait
1240 1903 1471 1962 Martialis,

373 2033 545 2071 Mirabar
566 2046 684 2082 quare
705 2047 901 2082 nunquam
926 2047 1001 2081 nie,
1023 2039 1154 2083 Cotta,
1177 2052 1373 2078 vocasses:

426 2100 509 2133 Jam
531 2095 609 2132 scio
632 2108 690 2131 me
711 2095 856 2132 nudum
879 2095 1115 2146 displicuisse
1141 2099 1220 2136 tihi.

165 2231 308 2275 nullus
328 2232 400 2275 hic
426 2249 599 2276 sensum
619 2242 720 2276 ante
745 2234 960 2294 attigerit,
986 2236 1089 2295 quin
1113 2237 1156 2280 id
1180 2238 1403 2298 doceatur,
1429 2244 1575 2290 solitos

164 2314 370 2357 nimirum
393 2330 483 2358 esse
502 2315 749 2374 promiscue
774 2315 820 2358 in
837 2313 1001 2359 balneis
1020 2317 1138 2361 viros
1156 2328 1198 2362 et
1216 2319 1396 2367 feminas
1418 2323 1574 2384 lavari,

166 2404 210 2438 et
235 2395 306 2439 hic
331 2411 464 2455 saepe,
489 2410 625 2455 quum
642 2393 840 2454 deposita
862 2405 981 2439 veste
1004 2406 1144 2441 totum
1171 2416 1330 2462 corpus
1350 2417 1578 2466 spectare-

166 2486 239 2519 tur
260 2486 303 2520 et
328 2478 445 2536 justo
475 2477 776 2533 aestimaretur,
806 2475 905 2537 eligi
934 2493 958 2520 a
984 2479 1129 2524 multis
1160 2493 1234 2527 aut
1259 2488 1468 2543 amasios,
1500 2503 1578 2536 aut

167 2559 339 2603 amicas.
366 2561 474 2602 Item
503 2576 637 2619 quum
668 2557 740 2601 lib.
770 2560 860 2615 IX,
885 2561 1017 2621 epigr.
1047 2578 1171 2620 xxx,
1205 2566 1431 2614 Philaenidj
1456 2575 1575 2618 0001·-

170 2657 300 2691 nens,
324 2641 416 2685 haec
444 2651 647 2701 precatur
671 2657 695 2684 a
720 2642 814 2684 Diis
838 2642 1043 2687 Manibus
1063 2680 1073 2698 ,

1321 2730 1368 2772 ἃ)
