2061 3288
454 253 546 282 xcn
745 240 835 283 DE
873 240 1138 284 METRIS
1178 241 1587 285 MARTIALIS.

454 327 783 387 conjunguntur
819 338 862 372 ct
895 329 1154 382 miscentur,
1183 338 1231 372 ut
1263 329 1306 372 in
1350 327 1524 373 dicolon
1560 345 1731 390 semper
1768 346 1869 374 eva-

452 397 583 451 ‹lant3
611 399 843 458 septimum
873 396 971 455 (vel
1009 400 1224 460 primum,
1253 415 1355 443 nam
1387 400 1577 460 primum
1617 400 1736 444 hunc
1768 417 1870 444 mox

453 464 808 523 nominabimus)
835 470 966 515 modo
996 471 1040 514 in
1071 469 1222 515 dicolis
1252 468 1508 526 collocatur,
1531 470 1664 515 modo
1694 472 1739 515 in
1770 488 1869 515 mo—

453 538 630 584 nocolis.

884 639 898 667 1
913 658 922 667 .
950 626 998 667 V
993 640 1168 668 ersuzmz
1205 634 1443 669 structura.

522 761 770 820 Antequam
788 758 915 804 altius
938 777 1018 805 nos
1042 760 1342 821 ingrediamur
1362 762 1589 806 materiam
1609 770 1652 805 et
1678 760 1870 822 legentes

451 830 707 885 doceamus,
724 846 809 891 qua
830 840 873 874 et
896 831 1013 892 quali
1037 841 1080 876 et
1105 830 1347 893 quotuplici
1366 849 1572 877 versuum
1598 832 1741 893 specie
1764 848 1868 893 gau-

451 901 552 944 deat
577 901 813 957 Martialis,
836 901 1083 947 admonitos
1107 920 1259 947 omnes
1283 913 1324 947 et
1349 903 1541 967 singulos
1567 902 1769 947 volumus
1794 904 1871 946 mi-

452 973 567 1015 nime
590 973 717 1016 nobis
735 972 946 1034 placuisse
968 973 1123 1018 breves
1144 973 1318 1034 quidem
1332 1010 1343 1031 ‚
1365 985 1409 1019 at
1430 974 1640 1019 absurdas
1662 990 1867 1017 versuum

452 1042 828 1088 denominationes
859 1061 967 1105 quas
991 1043 1061 1088 alii
1084 1055 1346 1106 perpetuum
1370 1054 1658 1106 usurparunt,
1682 1054 1729 1088 ut
1749 1047 1867 1088 Hen-

453 1113 766 1175 (lccasyllabos,
786 1115 1134 1176 Aristophanios.
1156 1118 1248 1160 Hos
1271 1133 1429 1177 nempe
1446 1114 1864 1176 hendecasyllabos,

452 1185 535 1229 hoc
568 1195 651 1241 est,
675 1203 727 1230 ex
751 1185 952 1231 undecim
980 1181 1158 1244 (ἕνδεκα)
1183 1186 1355 1249 syllabis
1380 1181 1636 1245 (συλλαῧαῖς)
1660 1187 1869 1248 composi-

451 1266 518 1300 tos
546 1266 726 1314 vocant,

688 1386 847 1433 Lugcte‚
873 1398 895 1420 0
910 1387 1098 1429 Veneres,
1120 1385 1428 1435 Cupidinesque,

688 1450 822 1484 Passer
838 1457 1012 1486 mortuus
1029 1458 1085 1486 est
1103 1462 1193 1486 meae
1216 1449 1353 1499 puellae
1371 1452 1379 1485 i

1083 1515 1276 1564 (CATULL.
1295 1515 1421 1550 Carni.
1437 1512 1505 1562 11.)

453 1633 506 1673 At
537 1647 682 1674 nonne
707 1648 760 1674 ex
784 1631 986 1675 undecim
1019 1629 1192 1691 syllabis
1228 1640 1430 1675 constant
1460 1639 1546 1674 tres
1576 1632 1650 1691 qui
1681 1630 1866 1690 Sapphi-

452 1718 547 1745 cam
579 1702 790 1763 strophen
819 1700 1058 1763 incipiunt?

687 1840 704 1875 I
717 1867 726 1883 ,
742 1838 859 1888 pudes
878 1850 955 1887 qno
976 1846 1010 1874 tc
1032 1838 1186 1887 rapiunt
1202 1847 1239 1875 et
1257 1851 1356 1874 aurae
1369 1870 1377 1885 ‚

686 1904 786 1938 Dum
806 1902 907 1939 favet
921 1914 997 1938 nox
1013 1910 1051 1939 et
1066 1905 1216 1948 Venus3
1235 1902 1245 1938 i
1266 1901 1436 1939 secundo

693 1966 831 2003 Omine
844 1994 853 2011 ‚
872 1975 909 2002 et
924 1965 1045 2002 nostri
1066 1979 1272 2002 memorem
1290 1966 1467 2016 sepulcro

881 2030 1020 2080 Sculpe
1040 2031 1251 2080 querelam.

940 2095 1111 2145 (Hom'r.
1132 2093 1199 2131 lib.
1217 2097 1275 2131 III
1289 2122 1298 2140 ‚
1318 2093 1391 2131 Od.
1411 2107 1473 2139 M,
1487 2101 1549 2129 str.
1574 2094 1655 2139 13.)

449 2227 604 2267 Nonne
638 2234 681 2268 et
719 2224 920 2268 undecim
956 2240 1130 2284 quoque
1165 2222 1427 2284 syllabarum
1461 2224 1591 2267 series
1622 2222 1756 2266 efficit
1788 2222 1868 2265 hos

448 2311 624 2349 Vffl'SUS,
652 2313 761 2356 quos
793 2294 1017 2339 Alcaicum
1043 2293 1179 2338 melos
1211 2295 1255 2338 in
1285 2295 1499 2355 principio
1527 2292 1687 2338 habet?

666 2440 743 2473 (jur
763 2434 979 2471 invidendis
999 2434 1194 2484 postibus,
1216 2443 1254 2471 et
1276 2447 1378 2472 novo

661 2500 829 2537 Sublime
854 2500 929 2536 ritu
953 2500 1087 2536 moliar
1107 2500 1271 2536 atrium?

714 2565 768 2600 Cu
776 2578 791 2599 ι·
807 2564 904 2600 valle
921 2573 1132 2613 permutem
1152 2563 1292 2601 Sabina

793 2628 953 2665 Divitias
970 2628 1211 2678 operosiorcs
1227 2630 1241 2663 Ρ

978 2692 1121 2742 (Idem,
1146 2692 1212 2729 lib.
1232 2696 1287 2730 ΙΙΙ
1302 2721 1312 2737 ‚
1329 2691 1400 2729 Odi
1419 2706 1448 2737 1,
1466 2699 1529 2727 sti.
1551 2704 1624 2726 12»
