<?xml version="1.0" encoding="UTF-8"?>
<!DOCTYPE html PUBLIC "-//W3C//DTD XHTML 1.0 Transitional//EN"
    "http://www.w3.org/TR/xhtml1/DTD/xhtml1-transitional.dtd">
<html xmlns="http://www.w3.org/1999/xhtml" xml:lang="en" lang="en">
 <head>
  <title>
</title>
<meta http-equiv="Content-Type" content="text/html;charset=utf-8" />
  <meta name='ocr-system' content='tesseract 3.04.00' />
  <meta name='ocr-capabilities' content='ocr_page ocr_carea ocr_par ocr_line ocrx_word'/>
</head>
<body>
  <div class='ocr_page' id='page_1' title='image "./epigrammata01martuoft_0366.png"; bbox 0 0 2061 3288; ppageno 0'>
   <div class='ocr_carea' id='block_1_1' title="bbox 438 223 535 252">
    <p class='ocr_par' dir='ltr' id='par_1_1' title="bbox 438 223 535 252">
     <span class='ocr_line' id='line_1_1' title="bbox 438 223 535 252; baseline 0 0"><span class='ocrx_word' id='word_1_1' title='bbox 438 223 535 252; x_wconf 80' lang='lat'>200</span> 
     </span>
    </p>
   </div>
   <div class='ocr_carea' id='block_1_2' title="bbox 811 209 1471 256">
    <p class='ocr_par' dir='ltr' id='par_1_2' title="bbox 811 209 1471 256">
     <span class='ocr_line' id='line_1_2' title="bbox 811 209 1471 256; baseline 0.006 -4"><span class='ocrx_word' id='word_1_2' title='bbox 811 210 872 252; x_wconf 88' lang='lat' dir='ltr'>M.</span> <span class='ocrx_word' id='word_1_3' title='bbox 897 209 1038 254; x_wconf 90' lang='lat' dir='ltr'><strong>VAL.</strong></span> <span class='ocrx_word' id='word_1_4' title='bbox 1078 211 1471 256; x_wconf 82' lang='lat' dir='ltr'><strong>MARTIALIS</strong></span> 
     </span>
    </p>
   </div>
   <div class='ocr_carea' id='block_1_3' title="bbox 998 361 1282 417">
    <p class='ocr_par' dir='ltr' id='par_1_3' title="bbox 998 361 1282 417">
     <span class='ocr_line' id='line_1_3' title="bbox 998 361 1282 417; baseline 0.004 -1"><span class='ocrx_word' id='word_1_5' title='bbox 998 361 1282 417; x_wconf 86' lang='lat' dir='ltr'>XXXIV.</span> 
     </span>
    </p>
   </div>
   <div class='ocr_carea' id='block_1_4' title="bbox 664 486 1629 536">
    <p class='ocr_par' dir='ltr' id='par_1_4' title="bbox 664 486 1629 536">
     <span class='ocr_line' id='line_1_4' title="bbox 664 486 1629 536; baseline 0.003 -3"><span class='ocrx_word' id='word_1_6' title='bbox 664 505 719 534; x_wconf 74' lang='lat' dir='ltr'>m</span> <span class='ocrx_word' id='word_1_7' title='bbox 758 504 981 535; x_wconf 82' lang='lat' dir='ltr'><strong>GALLAM</strong></span> <span class='ocrx_word' id='word_1_8' title='bbox 1019 505 1175 534; x_wconf 72' lang='lat' dir='ltr'>ANUM</span> <span class='ocrx_word' id='word_1_9' title='bbox 1215 486 1629 536; x_wconf 68' lang='lat' dir='ltr'>LuxufliosAM.*</span> 
     </span>
    </p>
   </div>
   <div class='ocr_carea' id='block_1_5' title="bbox 503 628 1845 1046">
    <p class='ocr_par' dir='ltr' id='par_1_5' title="bbox 504 628 1753 763">
     <span class='ocr_line' id='line_1_5' title="bbox 504 628 1753 695; baseline 0.002 -19"><span class='ocrx_word' id='word_1_10' title='bbox 504 631 656 689; x_wconf 86' lang='lat' dir='ltr'><strong>QUUM</strong></span> <span class='ocrx_word' id='word_1_11' title='bbox 680 630 850 693; x_wconf 81' lang='lat' dir='ltr'>placeat</span> <span class='ocrx_word' id='word_1_12' title='bbox 873 628 1096 686; x_wconf 68' lang='lat' dir='ltr'>Phileros,</span> <span class='ocrx_word' id='word_1_13' title='bbox 1123 640 1216 675; x_wconf 89' lang='lat' dir='ltr'>tota</span> <span class='ocrx_word' id='word_1_14' title='bbox 1241 631 1321 675; x_wconf 84' lang='lat' dir='ltr'>tibi</span> <span class='ocrx_word' id='word_1_15' title='bbox 1351 631 1453 676; x_wconf 83' lang='lat' dir='ltr'>dote</span> <span class='ocrx_word' id='word_1_16' title='bbox 1478 633 1753 695; x_wconf 76' lang='lat' dir='ltr'>redemptus,</span> 
     </span>
     <span class='ocr_line' id='line_1_6' title="bbox 572 700 1540 763; baseline 0.001 -17"><span class='ocrx_word' id='word_1_17' title='bbox 572 703 679 746; x_wconf 88' lang='lat' dir='ltr'>Tres</span> <span class='ocrx_word' id='word_1_18' title='bbox 704 703 865 763; x_wconf 84' lang='lat' dir='ltr'>pateris</span> <span class='ocrx_word' id='word_1_19' title='bbox 891 711 1040 756; x_wconf 84' lang='lat' dir='ltr'>natos,</span> <span class='ocrx_word' id='word_1_20' title='bbox 1066 700 1218 752; x_wconf 77' lang='lat' dir='ltr'>Galla,</span> <span class='ocrx_word' id='word_1_21' title='bbox 1244 702 1389 763; x_wconf 89' lang='lat' dir='ltr'>perire</span> <span class='ocrx_word' id='word_1_22' title='bbox 1413 700 1540 747; x_wconf 85' lang='lat' dir='ltr'>fame.</span> 
     </span>
    </p>

    <p class='ocr_par' dir='ltr' id='par_1_6' title="bbox 503 771 1646 904">
     <span class='ocr_line' id='line_1_7' title="bbox 503 771 1516 834; baseline 0 -17"><span class='ocrx_word' id='word_1_23' title='bbox 503 774 738 817; x_wconf 85' lang='lat' dir='ltr'>Praestatur</span> <span class='ocrx_word' id='word_1_24' title='bbox 764 789 874 817; x_wconf 88' lang='lat' dir='ltr'>cano</span> <span class='ocrx_word' id='word_1_25' title='bbox 900 782 1021 817; x_wconf 84' lang='lat' dir='ltr'>tanta</span> <span class='ocrx_word' id='word_1_26' title='bbox 1045 771 1317 834; x_wconf 78' lang='lat' dir='ltr'>indulgentia</span> <span class='ocrx_word' id='word_1_27' title='bbox 1342 789 1488 817; x_wconf 86' lang='lat' dir='ltr'>cunno</span> <span class='ocrx_word' id='word_1_28' title='bbox 1504 809 1516 828; x_wconf 86' lang='lat'>,</span> 
     </span>
     <span class='ocr_line' id='line_1_8' title="bbox 572 843 1646 904; baseline 0.001 -16"><span class='ocrx_word' id='word_1_29' title='bbox 572 843 717 901; x_wconf 84' lang='lat' dir='ltr'>Quem</span> <span class='ocrx_word' id='word_1_30' title='bbox 743 860 825 888; x_wconf 90' lang='lat' dir='ltr'>nec</span> <span class='ocrx_word' id='word_1_31' title='bbox 847 853 965 888; x_wconf 82' lang='lat' dir='ltr'>casta</span> <span class='ocrx_word' id='word_1_32' title='bbox 985 853 1130 904; x_wconf 84' lang='lat' dir='ltr'>potest</span> <span class='ocrx_word' id='word_1_33' title='bbox 1147 843 1237 903; x_wconf 84' lang='lat' dir='ltr'>jam</span> <span class='ocrx_word' id='word_1_34' title='bbox 1264 843 1460 888; x_wconf 83' lang='lat' dir='ltr'>decuisse</span> <span class='ocrx_word' id='word_1_35' title='bbox 1481 845 1646 889; x_wconf 86' lang='lat' dir='ltr'>Venus.</span> 
     </span>
    </p>

    <p class='ocr_par' dir='ltr' id='par_1_7' title="bbox 504 913 1845 1046">
     <span class='ocr_line' id='line_1_9' title="bbox 504 913 1845 975; baseline 0.001 -17"><span class='ocrx_word' id='word_1_36' title='bbox 504 915 766 975; x_wconf 83' lang='lat' dir='ltr'>Perpetuam</span> <span class='ocrx_word' id='word_1_37' title='bbox 788 916 847 959; x_wconf 91' lang='lat' dir='ltr'>Di</span> <span class='ocrx_word' id='word_1_38' title='bbox 872 924 914 959; x_wconf 89' lang='lat' dir='ltr'>te</span> <span class='ocrx_word' id='word_1_39' title='bbox 941 914 1103 958; x_wconf 81' lang='lat' dir='ltr'>faciant</span> <span class='ocrx_word' id='word_1_40' title='bbox 1126 913 1354 959; x_wconf 83' lang='lat' dir='ltr'>Philerotis</span> <span class='ocrx_word' id='word_1_41' title='bbox 1377 915 1587 972; x_wconf 81' lang='lat' dir='ltr'>amicam,</span> <span class='ocrx_word' id='word_1_42' title='bbox 1832 936 1845 959; x_wconf 78' lang='lat'>⁵</span> 
     </span>
     <span class='ocr_line' id='line_1_10' title="bbox 574 985 1426 1046; baseline 0 -18"><span class='ocrx_word' id='word_1_43' title='bbox 574 986 615 1027; x_wconf 90' lang='grc' dir='ltr'>Ο</span> <span class='ocrx_word' id='word_1_44' title='bbox 647 994 806 1041; x_wconf 84' lang='lat' dir='ltr'>mater,</span> <span class='ocrx_word' id='word_1_45' title='bbox 836 1002 922 1046; x_wconf 84' lang='lat' dir='ltr'>qua</span> <span class='ocrx_word' id='word_1_46' title='bbox 945 1002 1026 1030; x_wconf 83' lang='lat' dir='ltr'>nec</span> <span class='ocrx_word' id='word_1_47' title='bbox 1048 986 1203 1029; x_wconf 84' lang='lat' dir='ltr'>Pontia</span> <span class='ocrx_word' id='word_1_48' title='bbox 1226 985 1426 1029; x_wconf 83' lang='lat' dir='ltr'><strong>deterior.</strong></span> 
     </span>
    </p>
   </div>
   <div class='ocr_carea' id='block_1_6' title="bbox 427 1121 1112 2333">
    <p class='ocr_par' dir='ltr' id='par_1_8' title="bbox 430 1121 1112 1487">
     <span class='ocr_line' id='line_1_11' title="bbox 486 1121 1112 1157; baseline -0.002 0"><span class='ocrx_word' id='word_1_49' title='bbox 486 1121 501 1135; x_wconf 67' lang='lat'>¹</span> <span class='ocrx_word' id='word_1_50' title='bbox 519 1123 655 1157; x_wconf 84' lang='lat' dir='ltr'>Gallam</span> <span class='ocrx_word' id='word_1_51' title='bbox 672 1124 825 1157; x_wconf 88' lang='lat' dir='ltr'>vetulam</span> <span class='ocrx_word' id='word_1_52' title='bbox 842 1123 900 1157; x_wconf 88' lang='lat' dir='ltr'>hic</span> <span class='ocrx_word' id='word_1_53' title='bbox 922 1123 1112 1157; x_wconf 89' lang='lat' dir='ltr'>insectatur</span> 
     </span>
     <span class='ocr_line' id='line_1_12' title="bbox 432 1175 1112 1222; baseline 0 -13"><span class='ocrx_word' id='word_1_54' title='bbox 432 1188 509 1222; x_wconf 85' lang='lat' dir='ltr'>quae</span> <span class='ocrx_word' id='word_1_55' title='bbox 528 1185 600 1210; x_wconf 85' lang='lat' dir='ltr'>tota</span> <span class='ocrx_word' id='word_1_56' title='bbox 617 1190 676 1211; x_wconf 84' lang='lat' dir='ltr'>sua</span> <span class='ocrx_word' id='word_1_57' title='bbox 694 1175 777 1210; x_wconf 88' lang='lat' dir='ltr'>dote</span> <span class='ocrx_word' id='word_1_58' title='bbox 796 1176 962 1210; x_wconf 89' lang='lat' dir='ltr'>Phileron</span> <span class='ocrx_word' id='word_1_59' title='bbox 984 1189 1025 1210; x_wconf 86' lang='lat' dir='ltr'>ex</span> <span class='ocrx_word' id='word_1_60' title='bbox 1041 1189 1112 1209; x_wconf 88' lang='lat' dir='ltr'>ser-</span> 
     </span>
     <span class='ocr_line' id='line_1_13' title="bbox 433 1228 1112 1271; baseline -0.001 -8"><span class='ocrx_word' id='word_1_61' title='bbox 433 1229 545 1263; x_wconf 78' lang='lat' dir='ltr'>vitute</span> <span class='ocrx_word' id='word_1_62' title='bbox 566 1229 780 1271; x_wconf 85' lang='lat' dir='ltr'>redemerat,</span> <span class='ocrx_word' id='word_1_63' title='bbox 810 1230 866 1263; x_wconf 90' lang='lat' dir='ltr'>vel</span> <span class='ocrx_word' id='word_1_64' title='bbox 897 1228 1112 1263; x_wconf 81' lang='lat' dir='ltr'>conduxerat</span> 
     </span>
     <span class='ocr_line' id='line_1_14' title="bbox 433 1283 1111 1329; baseline 0.001 -14"><span class='ocrx_word' id='word_1_65' title='bbox 433 1283 506 1328; x_wconf 86' lang='lat' dir='ltr'>ejus</span> <span class='ocrx_word' id='word_1_66' title='bbox 526 1295 670 1329; x_wconf 84' lang='lat' dir='ltr'>operas,</span> <span class='ocrx_word' id='word_1_67' title='bbox 693 1292 727 1316; x_wconf 80' lang='lat' dir='ltr'>et</span> <span class='ocrx_word' id='word_1_68' title='bbox 750 1296 831 1316; x_wconf 83' lang='lat' dir='ltr'>cum</span> <span class='ocrx_word' id='word_1_69' title='bbox 860 1296 901 1316; x_wconf 86' lang='lat' dir='ltr'>eo</span> <span class='ocrx_word' id='word_1_70' title='bbox 925 1293 1111 1316; x_wconf 87' lang='lat' dir='ltr'>consuetu·</span> 
     </span>
     <span class='ocr_line' id='line_1_15' title="bbox 430 1334 1112 1382; baseline 0.001 -14"><span class='ocrx_word' id='word_1_71' title='bbox 430 1334 552 1369; x_wconf 87' lang='lat' dir='ltr'>dinem</span> <span class='ocrx_word' id='word_1_72' title='bbox 574 1337 741 1377; x_wconf 87' lang='lat' dir='ltr'>hahebat,</span> <span class='ocrx_word' id='word_1_73' title='bbox 759 1337 1025 1382; x_wconf 84' lang='lat' dir='ltr'>patiebaturque</span> <span class='ocrx_word' id='word_1_74' title='bbox 1044 1344 1112 1369; x_wconf 87' lang='lat' dir='ltr'>tres</span> 
     </span>
     <span class='ocr_line' id='line_1_16' title="bbox 432 1389 1111 1423; baseline -0.001 -1"><span class='ocrx_word' id='word_1_75' title='bbox 432 1396 532 1423; x_wconf 88' lang='lat' dir='ltr'>natos</span> <span class='ocrx_word' id='word_1_76' title='bbox 544 1402 624 1423; x_wconf 89' lang='lat' dir='ltr'>suos</span> <span class='ocrx_word' id='word_1_77' title='bbox 639 1402 683 1422; x_wconf 86' lang='lat' dir='ltr'>ex</span> <span class='ocrx_word' id='word_1_78' title='bbox 699 1389 866 1423; x_wconf 85' lang='lat' dir='ltr'>defuncto</span> <span class='ocrx_word' id='word_1_79' title='bbox 882 1389 1007 1423; x_wconf 88' lang='lat' dir='ltr'>marito</span> <span class='ocrx_word' id='word_1_80' title='bbox 1021 1390 1111 1422; x_wconf 82' lang='lat' dir='ltr'>fame</span> 
     </span>
     <span class='ocr_line' id='line_1_17' title="bbox 433 1442 563 1487; baseline 0.008 -12"><span class='ocrx_word' id='word_1_81' title='bbox 433 1442 563 1487; x_wconf 88' lang='lat' dir='ltr'>perire.</span> 
     </span>
    </p>

    <p class='ocr_par' dir='ltr' id='par_1_9' title="bbox 431 1495 1111 1911">
     <span class='ocr_line' id='line_1_18' title="bbox 491 1495 1111 1535; baseline -0.002 -7"><span class='ocrx_word' id='word_1_82' title='bbox 491 1509 522 1528; x_wconf 85' lang='lat'>2.</span> <span class='ocrx_word' id='word_1_83' title='bbox 555 1495 668 1529; x_wconf 84' lang='lat' dir='ltr'>Galla.</span> <span class='ocrx_word' id='word_1_84' title='bbox 700 1495 787 1528; x_wconf 83' lang='lat' dir='ltr'>Tam</span> <span class='ocrx_word' id='word_1_85' title='bbox 810 1496 927 1529; x_wconf 87' lang='lat' dir='ltr'>vetula</span> <span class='ocrx_word' id='word_1_86' title='bbox 953 1502 1045 1535; x_wconf 84' lang='lat' dir='ltr'>erat,</span> <span class='ocrx_word' id='word_1_87' title='bbox 1073 1503 1111 1527; x_wconf 89' lang='lat' dir='ltr'>ut</span> 
     </span>
     <span class='ocr_line' id='line_1_19' title="bbox 431 1547 1111 1593; baseline -0.001 -12"><span class='ocrx_word' id='word_1_88' title='bbox 431 1560 496 1582; x_wconf 86' lang='lat' dir='ltr'>nec</span> <span class='ocrx_word' id='word_1_89' title='bbox 516 1550 584 1592; x_wconf 83' lang='lat' dir='ltr'>jam</span> <span class='ocrx_word' id='word_1_90' title='bbox 609 1547 654 1581; x_wconf 91' lang='lat' dir='ltr'>de</span> <span class='ocrx_word' id='word_1_91' title='bbox 676 1548 808 1593; x_wconf 85' lang='lat' dir='ltr'>nuptiis</span> <span class='ocrx_word' id='word_1_92' title='bbox 835 1548 997 1593; x_wconf 84' lang='lat' dir='ltr'>legitimis</span> <span class='ocrx_word' id='word_1_93' title='bbox 1018 1548 1111 1592; x_wconf 86' lang='lat' dir='ltr'>cogi-</span> 
     </span>
     <span class='ocr_line' id='line_1_20' title="bbox 432 1601 1110 1642; baseline -0.001 -8"><span class='ocrx_word' id='word_1_94' title='bbox 432 1609 505 1635; x_wconf 88' lang='lat' dir='ltr'>tare</span> <span class='ocrx_word' id='word_1_95' title='bbox 539 1601 701 1634; x_wconf 86' lang='lat' dir='ltr'>debuerit</span> <span class='ocrx_word' id='word_1_96' title='bbox 719 1627 728 1642; x_wconf 90' lang='lat'>,</span> <span class='ocrx_word' id='word_1_97' title='bbox 749 1601 895 1634; x_wconf 90' lang='lat' dir='ltr'>omnino</span> <span class='ocrx_word' id='word_1_98' title='bbox 918 1601 1110 1634; x_wconf 89' lang='lat' dir='ltr'>liberorum</span> 
     </span>
     <span class='ocr_line' id='line_1_21' title="bbox 431 1653 1109 1700; baseline 0 -14"><span class='ocrx_word' id='word_1_99' title='bbox 431 1653 733 1700; x_wconf 84' lang='lat' dir='ltr'>procreandorum</span> <span class='ocrx_word' id='word_1_100' title='bbox 759 1666 819 1699; x_wconf 89' lang='lat' dir='ltr'>spe</span> <span class='ocrx_word' id='word_1_101' title='bbox 848 1654 996 1687; x_wconf 83' lang='lat' dir='ltr'>amissa:</span> <span class='ocrx_word' id='word_1_102' title='bbox 1025 1662 1109 1687; x_wconf 84' lang='lat' dir='ltr'>atta-</span> 
     </span>
     <span class='ocr_line' id='line_1_22' title="bbox 432 1705 1109 1748; baseline -0.001 -8"><span class='ocrx_word' id='word_1_103' title='bbox 432 1719 513 1740; x_wconf 90' lang='lat' dir='ltr'>men</span> <span class='ocrx_word' id='word_1_104' title='bbox 538 1716 631 1740; x_wconf 81' lang='lat' dir='ltr'>tanta</span> <span class='ocrx_word' id='word_1_105' title='bbox 654 1706 804 1740; x_wconf 86' lang='lat' dir='ltr'>libidine</span> <span class='ocrx_word' id='word_1_106' title='bbox 826 1705 989 1748; x_wconf 84' lang='lat' dir='ltr'>ardebat,</span> <span class='ocrx_word' id='word_1_107' title='bbox 1012 1715 1051 1740; x_wconf 91' lang='lat' dir='ltr'>ut</span> <span class='ocrx_word' id='word_1_108' title='bbox 1074 1707 1109 1739; x_wconf 86' lang='lat' dir='ltr'>in</span> 
     </span>
     <span class='ocr_line' id='line_1_23' title="bbox 432 1760 1110 1805; baseline -0.001 -12"><span class='ocrx_word' id='word_1_109' title='bbox 432 1772 535 1793; x_wconf 87' lang='lat' dir='ltr'>suum</span> <span class='ocrx_word' id='word_1_110' title='bbox 548 1760 723 1794; x_wconf 80' lang='lat' dir='ltr'>moechum</span> <span class='ocrx_word' id='word_1_111' title='bbox 737 1772 841 1794; x_wconf 84' lang='lat' dir='ltr'>omne</span> <span class='ocrx_word' id='word_1_112' title='bbox 856 1760 1110 1805; x_wconf 82' lang='lat' dir='ltr'>patrimonium</span> 
     </span>
     <span class='ocr_line' id='line_1_24' title="bbox 432 1811 1110 1858; baseline -0.001 -12"><span class='ocrx_word' id='word_1_113' title='bbox 432 1812 649 1855; x_wconf 86' lang='lat' dir='ltr'>effunderet;</span> <span class='ocrx_word' id='word_1_114' title='bbox 670 1813 717 1846; x_wconf 87' lang='lat' dir='ltr'>sic</span> <span class='ocrx_word' id='word_1_115' title='bbox 740 1825 821 1858; x_wconf 83' lang='lat' dir='ltr'>ergo</span> <span class='ocrx_word' id='word_1_116' title='bbox 842 1813 907 1846; x_wconf 89' lang='lat' dir='ltr'>sibi</span> <span class='ocrx_word' id='word_1_117' title='bbox 924 1811 1110 1858; x_wconf 83' lang='lat' dir='ltr'>decrepitae</span> 
     </span>
     <span class='ocr_line' id='line_1_25' title="bbox 433 1865 819 1911; baseline 0 -12"><span class='ocrx_word' id='word_1_118' title='bbox 433 1866 580 1900; x_wconf 88' lang='lat' dir='ltr'>nimium</span> <span class='ocrx_word' id='word_1_119' title='bbox 603 1865 819 1911; x_wconf 87' lang='lat' dir='ltr'>indulgebat.</span> 
     </span>
    </p>

    <p class='ocr_par' dir='ltr' id='par_1_10' title="bbox 427 1918 1111 2333">
     <span class='ocr_line' id='line_1_26' title="bbox 488 1918 1110 1964; baseline -0.003 -11"><span class='ocrx_word' id='word_1_120' title='bbox 488 1919 521 1954; x_wconf 86' lang='lat'>5.</span> <span class='ocrx_word' id='word_1_121' title='bbox 535 1921 724 1964; x_wconf 74' lang='lat' dir='ltr'>Pet-petuam</span> <span class='ocrx_word' id='word_1_122' title='bbox 737 1946 746 1959; x_wconf 90' lang='lat'><em>‚</em></span> <span class='ocrx_word' id='word_1_123' title='bbox 758 1927 825 1953; x_wconf 90' lang='lat' dir='ltr'>etc.</span> <span class='ocrx_word' id='word_1_124' title='bbox 838 1918 880 1952; x_wconf 91' lang='lat' dir='ltr'>Id</span> <span class='ocrx_word' id='word_1_125' title='bbox 893 1918 1110 1958; x_wconf 70' lang='lat' dir='ltr'>est‚‘utinam</span> 
     </span>
     <span class='ocr_line' id='line_1_27' title="bbox 433 1972 1109 2017; baseline -0.004 -11"><span class='ocrx_word' id='word_1_126' title='bbox 433 1972 613 2006; x_wconf 87' lang='lat' dir='ltr'>moriaris!</span> <span class='ocrx_word' id='word_1_127' title='bbox 628 1972 683 2005; x_wconf 92' lang='lat' dir='ltr'>Sic</span> <span class='ocrx_word' id='word_1_128' title='bbox 702 1972 865 2017; x_wconf 87' lang='lat' dir='ltr'>intelligit</span> <span class='ocrx_word' id='word_1_129' title='bbox 883 1972 978 2004; x_wconf 91' lang='lat' dir='ltr'>hunc</span> <span class='ocrx_word' id='word_1_130' title='bbox 992 1972 1109 2004; x_wconf 87' lang='lat' dir='ltr'>locum</span> 
     </span>
     <span class='ocr_line' id='line_1_28' title="bbox 433 2025 1111 2071; baseline -0.003 -13"><span class='ocrx_word' id='word_1_131' title='bbox 433 2027 624 2059; x_wconf 80' lang='lat' dir='ltr'>Rumiresius</span> <span class='ocrx_word' id='word_1_132' title='bbox 638 2039 649 2058; x_wconf 94' lang='grc'>.·</span> <span class='ocrx_word' id='word_1_133' title='bbox 668 2025 755 2067; x_wconf 84' lang='lat' dir='ltr'>Quae</span> <span class='ocrx_word' id='word_1_134' title='bbox 774 2026 904 2071; x_wconf 78' lang='lat' dir='ltr'>junctae</span> <span class='ocrx_word' id='word_1_135' title='bbox 931 2025 1111 2058; x_wconf 89' lang='lat' dir='ltr'>matrimo-</span> 
     </span>
     <span class='ocr_line' id='line_1_29' title="bbox 431 2078 1109 2123; baseline -0.003 -11"><span class='ocrx_word' id='word_1_136' title='bbox 431 2079 491 2112; x_wconf 92' lang='lat' dir='ltr'>nio</span> <span class='ocrx_word' id='word_1_137' title='bbox 502 2078 703 2112; x_wconf 84' lang='lat' dir='ltr'>moriuntur</span> <span class='ocrx_word' id='word_1_138' title='bbox 711 2103 719 2117; x_wconf 92' lang='lat'>‚</span> <span class='ocrx_word' id='word_1_139' title='bbox 736 2090 872 2123; x_wconf 88' lang='lat' dir='ltr'>semper</span> <span class='ocrx_word' id='word_1_140' title='bbox 882 2078 1109 2121; x_wconf 82' lang='lat' dir='ltr'>nominantur</span> 
     </span>
     <span class='ocr_line' id='line_1_30' title="bbox 430 2131 1111 2177; baseline -0.004 -12"><span class='ocrx_word' id='word_1_141' title='bbox 430 2144 556 2165; x_wconf 87' lang='lat' dir='ltr'>uxores</span> <span class='ocrx_word' id='word_1_142' title='bbox 571 2143 694 2165; x_wconf 86' lang='lat' dir='ltr'>eorum</span> <span class='ocrx_word' id='word_1_143' title='bbox 707 2143 857 2177; x_wconf 90' lang='lat' dir='ltr'>quorum</span> <span class='ocrx_word' id='word_1_144' title='bbox 872 2131 1010 2164; x_wconf 84' lang='lat' dir='ltr'>fuerant</span> <span class='ocrx_word' id='word_1_145' title='bbox 1025 2139 1111 2163; x_wconf 85' lang='lat' dir='ltr'>tem-</span> 
     </span>
     <span class='ocr_line' id='line_1_31' title="bbox 429 2183 1110 2230; baseline -0.004 -12"><span class='ocrx_word' id='word_1_146' title='bbox 429 2197 516 2230; x_wconf 87' lang='lat' dir='ltr'>pore</span> <span class='ocrx_word' id='word_1_147' title='bbox 536 2186 675 2223; x_wconf 83' lang='lat' dir='ltr'>mortis;</span> <span class='ocrx_word' id='word_1_148' title='bbox 695 2197 772 2230; x_wconf 87' lang='lat' dir='ltr'>quae</span> <span class='ocrx_word' id='word_1_149' title='bbox 786 2184 877 2217; x_wconf 84' lang='lat' dir='ltr'>forte</span> <span class='ocrx_word' id='word_1_150' title='bbox 895 2184 923 2217; x_wconf 87' lang='lat' dir='ltr'>si</span> <span class='ocrx_word' id='word_1_151' title='bbox 943 2183 1110 2216; x_wconf 84' lang='lat' dir='ltr'>vixissent</span> 
     </span>
     <span class='ocr_line' id='line_1_32' title="bbox 430 2236 1105 2284; baseline -0.004 -13"><span class='ocrx_word' id='word_1_152' title='bbox 430 2236 585 2278; x_wconf 85' lang='lat' dir='ltr'>diutius,</span> <span class='ocrx_word' id='word_1_153' title='bbox 613 2237 807 2284; x_wconf 85' lang='lat' dir='ltr'>potuissent</span> <span class='ocrx_word' id='word_1_154' title='bbox 833 2249 851 2270; x_wconf 85' lang='lat' dir='ltr'>a</span> <span class='ocrx_word' id='word_1_155' title='bbox 885 2236 968 2269; x_wconf 88' lang='lat' dir='ltr'>viris</span> <span class='ocrx_word' id='word_1_156' title='bbox 999 2249 1105 2281; x_wconf 89' lang='lat' dir='ltr'>repu-</span> 
     </span>
     <span class='ocr_line' id='line_1_33' title="bbox 427 2288 1103 2333; baseline -0.003 -9"><span class='ocrx_word' id='word_1_157' title='bbox 427 2289 538 2333; x_wconf 85' lang='lat' dir='ltr'>diari,</span> <span class='ocrx_word' id='word_1_158' title='bbox 569 2299 602 2324; x_wconf 86' lang='lat' dir='ltr'>et</span> <span class='ocrx_word' id='word_1_159' title='bbox 631 2303 757 2324; x_wconf 80' lang='lat' dir='ltr'>uxores</span> <span class='ocrx_word' id='word_1_160' title='bbox 785 2302 857 2324; x_wconf 87' lang='lat' dir='ltr'>esse</span> <span class='ocrx_word' id='word_1_161' title='bbox 885 2288 1103 2323; x_wconf 85' lang='lat' dir='ltr'>desivissent.</span> 
     </span>
    </p>
   </div>
   <div class='ocr_carea' id='block_1_7' title="bbox 1164 1122 1851 2322">
    <p class='ocr_par' dir='ltr' id='par_1_11' title="bbox 1169 1122 1851 1645">
     <span class='ocr_line' id='line_1_34' title="bbox 1171 1122 1849 1164; baseline 0.003 -9"><span class='ocrx_word' id='word_1_162' title='bbox 1171 1122 1226 1156; x_wconf 91' lang='lat' dir='ltr'>Sic</span> <span class='ocrx_word' id='word_1_163' title='bbox 1243 1122 1305 1156; x_wconf 84' lang='lat' dir='ltr'>ista</span> <span class='ocrx_word' id='word_1_164' title='bbox 1324 1123 1440 1164; x_wconf 83' lang='lat' dir='ltr'>Galla,</span> <span class='ocrx_word' id='word_1_165' title='bbox 1464 1123 1531 1157; x_wconf 85' lang='lat' dir='ltr'>nisi</span> <span class='ocrx_word' id='word_1_166' title='bbox 1548 1123 1647 1156; x_wconf 83' lang='lat' dir='ltr'>brevi</span> <span class='ocrx_word' id='word_1_167' title='bbox 1666 1123 1849 1164; x_wconf 82' lang='lat' dir='ltr'>moriatur,</span> 
     </span>
     <span class='ocr_line' id='line_1_35' title="bbox 1170 1176 1849 1222; baseline 0.001 -13"><span class='ocrx_word' id='word_1_168' title='bbox 1170 1176 1303 1221; x_wconf 86' lang='lat' dir='ltr'>poterit</span> <span class='ocrx_word' id='word_1_169' title='bbox 1327 1189 1399 1209; x_wconf 92' lang='lat' dir='ltr'>non</span> <span class='ocrx_word' id='word_1_170' title='bbox 1434 1176 1542 1209; x_wconf 84' lang='lat' dir='ltr'>amica</span> <span class='ocrx_word' id='word_1_171' title='bbox 1574 1188 1646 1210; x_wconf 90' lang='lat' dir='ltr'>esse</span> <span class='ocrx_word' id='word_1_172' title='bbox 1679 1182 1849 1222; x_wconf 82' lang='lat' dir='ltr'>perpetua</span> 
     </span>
     <span class='ocr_line' id='line_1_36' title="bbox 1170 1228 1848 1274; baseline 0.003 -13"><span class='ocrx_word' id='word_1_173' title='bbox 1170 1229 1375 1271; x_wconf 88' lang='lat' dir='ltr'>Philerotis,</span> <span class='ocrx_word' id='word_1_174' title='bbox 1394 1230 1518 1274; x_wconf 78' lang='lat' dir='ltr'>jurgiis</span> <span class='ocrx_word' id='word_1_175' title='bbox 1537 1237 1571 1263; x_wconf 85' lang='lat' dir='ltr'>et</span> <span class='ocrx_word' id='word_1_176' title='bbox 1586 1230 1636 1262; x_wconf 81' lang='lat' dir='ltr'>ira</span> <span class='ocrx_word' id='word_1_177' title='bbox 1657 1228 1699 1262; x_wconf 82' lang='lat' dir='ltr'>ad</span> <span class='ocrx_word' id='word_1_178' title='bbox 1720 1229 1848 1263; x_wconf 84' lang='lat' dir='ltr'>disces-</span> 
     </span>
     <span class='ocr_line' id='line_1_37' title="bbox 1170 1282 1848 1316; baseline 0.001 -1"><span class='ocrx_word' id='word_1_179' title='bbox 1170 1295 1247 1315; x_wconf 88' lang='lat' dir='ltr'>sum</span> <span class='ocrx_word' id='word_1_180' title='bbox 1259 1282 1586 1316; x_wconf 83' lang='lat' dir='ltr'>intervenientibus.</span> <span class='ocrx_word' id='word_1_181' title='bbox 1603 1304 1654 1308; x_wconf 92' lang='lat'><strong>—</strong></span> <span class='ocrx_word' id='word_1_182' title='bbox 1670 1283 1775 1316; x_wconf 89' lang='lat' dir='ltr'>Forte</span> <span class='ocrx_word' id='word_1_183' title='bbox 1788 1295 1848 1316; x_wconf 88' lang='lat' dir='ltr'>ve-</span> 
     </span>
     <span class='ocr_line' id='line_1_38' title="bbox 1170 1335 1848 1376; baseline 0.001 -9"><span class='ocrx_word' id='word_1_184' title='bbox 1170 1335 1303 1369; x_wconf 86' lang='lat' dir='ltr'>neficus</span> <span class='ocrx_word' id='word_1_185' title='bbox 1326 1344 1398 1368; x_wconf 83' lang='lat' dir='ltr'>erat</span> <span class='ocrx_word' id='word_1_186' title='bbox 1415 1336 1593 1376; x_wconf 86' lang='lat' dir='ltr'>Phileros,</span> <span class='ocrx_word' id='word_1_187' title='bbox 1613 1336 1671 1369; x_wconf 90' lang='lat' dir='ltr'>ille</span> <span class='ocrx_word' id='word_1_188' title='bbox 1696 1348 1848 1369; x_wconf 87' lang='lat' dir='ltr'>uxorum</span> 
     </span>
     <span class='ocr_line' id='line_1_39' title="bbox 1170 1388 1845 1433; baseline 0 -12"><span class='ocrx_word' id='word_1_189' title='bbox 1170 1400 1311 1422; x_wconf 79' lang='lat' dir='ltr'>suarum</span> <span class='ocrx_word' id='word_1_190' title='bbox 1328 1389 1458 1429; x_wconf 86' lang='lat' dir='ltr'>elator,</span> <span class='ocrx_word' id='word_1_191' title='bbox 1477 1388 1520 1421; x_wconf 84' lang='lat' dir='ltr'>de</span> <span class='ocrx_word' id='word_1_192' title='bbox 1541 1401 1611 1433; x_wconf 88' lang='lat' dir='ltr'>quo</span> <span class='ocrx_word' id='word_1_193' title='bbox 1630 1388 1764 1421; x_wconf 87' lang='lat' dir='ltr'>mentio</span> <span class='ocrx_word' id='word_1_194' title='bbox 1784 1389 1845 1422; x_wconf 89' lang='lat' dir='ltr'>lib.</span> 
     </span>
     <span class='ocr_line' id='line_1_40' title="bbox 1170 1442 1851 1487; baseline 0 -13"><span class='ocrx_word' id='word_1_195' title='bbox 1170 1442 1224 1483; x_wconf 88' lang='lat' dir='ltr'>X,</span> <span class='ocrx_word' id='word_1_196' title='bbox 1244 1442 1352 1486; x_wconf 85' lang='lat' dir='ltr'>epigr.</span> <span class='ocrx_word' id='word_1_197' title='bbox 1378 1453 1471 1474; x_wconf 76' lang='lat' dir='ltr'>xmn</span> <span class='ocrx_word' id='word_1_198' title='bbox 1497 1453 1504 1474; x_wconf 78' lang='grc' dir='ltr'><em>τ</em></span> <span class='ocrx_word' id='word_1_199' title='bbox 1535 1458 1549 1470; x_wconf 87' lang='grc'>«</span> <span class='ocrx_word' id='word_1_200' title='bbox 1572 1442 1728 1487; x_wconf 87' lang='lat' dir='ltr'>Septima</span> <span class='ocrx_word' id='word_1_201' title='bbox 1752 1442 1822 1487; x_wconf 85' lang='lat' dir='ltr'>jam</span> <span class='ocrx_word' id='word_1_202' title='bbox 1842 1468 1851 1483; x_wconf 91' lang='lat'>,</span> 
     </span>
     <span class='ocr_line' id='line_1_41' title="bbox 1169 1494 1848 1535; baseline 0.001 -9"><span class='ocrx_word' id='word_1_203' title='bbox 1169 1494 1328 1527; x_wconf 89' lang='lat' dir='ltr'>Phileros</span> <span class='ocrx_word' id='word_1_204' title='bbox 1343 1520 1351 1535; x_wconf 87' lang='lat'>,</span> <span class='ocrx_word' id='word_1_205' title='bbox 1384 1494 1447 1527; x_wconf 90' lang='lat' dir='ltr'>tibi</span> <span class='ocrx_word' id='word_1_206' title='bbox 1485 1494 1649 1527; x_wconf 87' lang='lat' dir='ltr'>conditur</span> <span class='ocrx_word' id='word_1_207' title='bbox 1688 1507 1776 1528; x_wconf 82' lang='lat' dir='ltr'>uxor</span> <span class='ocrx_word' id='word_1_208' title='bbox 1812 1495 1848 1527; x_wconf 90' lang='lat' dir='ltr'>in</span> 
     </span>
     <span class='ocr_line' id='line_1_42' title="bbox 1169 1547 1848 1592; baseline 0.001 -13"><span class='ocrx_word' id='word_1_209' title='bbox 1169 1559 1271 1592; x_wconf 84' lang='lat' dir='ltr'>agro:</span> <span class='ocrx_word' id='word_1_210' title='bbox 1296 1547 1378 1580; x_wconf 89' lang='lat' dir='ltr'>Plus</span> <span class='ocrx_word' id='word_1_211' title='bbox 1395 1547 1508 1589; x_wconf 85' lang='lat' dir='ltr'>nulli,</span> <span class='ocrx_word' id='word_1_212' title='bbox 1528 1547 1687 1580; x_wconf 90' lang='lat' dir='ltr'>Phileros</span> <span class='ocrx_word' id='word_1_213' title='bbox 1704 1573 1713 1589; x_wconf 86' lang='lat'>‚</span> <span class='ocrx_word' id='word_1_214' title='bbox 1742 1559 1848 1592; x_wconf 87' lang='lat' dir='ltr'>quam</span> 
     </span>
     <span class='ocr_line' id='line_1_43' title="bbox 1169 1599 1525 1645; baseline 0.003 -13"><span class='ocrx_word' id='word_1_215' title='bbox 1169 1600 1233 1632; x_wconf 89' lang='lat' dir='ltr'>tibi</span> <span class='ocrx_word' id='word_1_216' title='bbox 1254 1599 1374 1633; x_wconf 81' lang='lat' dir='ltr'>reddit</span> <span class='ocrx_word' id='word_1_217' title='bbox 1396 1612 1488 1645; x_wconf 81' lang='lat' dir='ltr'>ager.</span> <span class='ocrx_word' id='word_1_218' title='bbox 1512 1618 1525 1629; x_wconf 86' lang='lat'>»</span> 
     </span>
    </p>

    <p class='ocr_par' dir='ltr' id='par_1_12' title="bbox 1164 1652 1849 2322">
     <span class='ocr_line' id='line_1_44' title="bbox 1223 1652 1848 1700; baseline 0.002 -14"><span class='ocrx_word' id='word_1_219' title='bbox 1223 1656 1258 1686; x_wconf 86' lang='lat'>6.</span> <span class='ocrx_word' id='word_1_220' title='bbox 1284 1652 1350 1685; x_wconf 86' lang='lat' dir='ltr'>Ed.</span> <span class='ocrx_word' id='word_1_221' title='bbox 1380 1652 1555 1686; x_wconf 80' lang='lat' dir='ltr'>Schrevel.</span> <span class='ocrx_word' id='word_1_222' title='bbox 1587 1653 1748 1695; x_wconf 85' lang='lat' dir='ltr'>exhibet,</span> <span class='ocrx_word' id='word_1_223' title='bbox 1775 1656 1848 1700; x_wconf 68' lang='lat' dir='ltr'>quia</span> 
     </span>
     <span class='ocr_line' id='line_1_45' title="bbox 1169 1705 1846 1752; baseline 0.003 -14"><span class='ocrx_word' id='word_1_224' title='bbox 1169 1719 1224 1738; x_wconf 83' lang='lat' dir='ltr'>nec</span> <span class='ocrx_word' id='word_1_225' title='bbox 1235 1733 1244 1746; x_wconf 86' lang='lat'>,</span> <span class='ocrx_word' id='word_1_226' title='bbox 1264 1706 1353 1739; x_wconf 82' lang='lat' dir='ltr'>forte</span> <span class='ocrx_word' id='word_1_227' title='bbox 1368 1717 1408 1738; x_wconf 82' lang='lat' dir='ltr'>ex</span> <span class='ocrx_word' id='word_1_228' title='bbox 1423 1705 1557 1739; x_wconf 88' lang='lat' dir='ltr'>incuria</span> <span class='ocrx_word' id='word_1_229' title='bbox 1571 1707 1846 1752; x_wconf 73' lang='lat' dir='ltr'>typothetarum.</span> 
     </span>
     <span class='ocr_line' id='line_1_46' title="bbox 1168 1758 1849 1806; baseline 0.003 -15"><span class='ocrx_word' id='word_1_230' title='bbox 1168 1759 1305 1791; x_wconf 78' lang='lat' dir='ltr'>Pontica</span> <span class='ocrx_word' id='word_1_231' title='bbox 1334 1758 1482 1804; x_wconf 82' lang='lat' dir='ltr'>margini</span> <span class='ocrx_word' id='word_1_232' title='bbox 1508 1758 1722 1806; x_wconf 85' lang='lat' dir='ltr'>adscriptum</span> <span class='ocrx_word' id='word_1_233' title='bbox 1743 1760 1849 1794; x_wconf 88' lang='lat' dir='ltr'>habet</span> 
     </span>
     <span class='ocr_line' id='line_1_47' title="bbox 1167 1812 1847 1855; baseline 0.003 -11"><span class='ocrx_word' id='word_1_234' title='bbox 1167 1812 1316 1845; x_wconf 83' lang='lat' dir='ltr'>Juntina</span> <span class='ocrx_word' id='word_1_235' title='bbox 1334 1819 1468 1853; x_wconf 78' lang='lat' dir='ltr'>nostra,</span> <span class='ocrx_word' id='word_1_236' title='bbox 1484 1812 1506 1845; x_wconf 94' lang='lat' dir='ltr'>i.</span> <span class='ocrx_word' id='word_1_237' title='bbox 1526 1824 1555 1846; x_wconf 90' lang='lat' dir='ltr'>e.</span> <span class='ocrx_word' id='word_1_238' title='bbox 1573 1814 1708 1845; x_wconf 71' lang='lat' dir='ltr'>Pontica</span> <span class='ocrx_word' id='word_1_239' title='bbox 1725 1822 1847 1855; x_wconf 85' lang='lat' dir='ltr'>mater,</span> 
     </span>
     <span class='ocr_line' id='line_1_48' title="bbox 1168 1863 1847 1899; baseline 0.003 -2"><span class='ocrx_word' id='word_1_240' title='bbox 1168 1865 1240 1897; x_wconf 92' lang='lat' dir='ltr'>sive</span> <span class='ocrx_word' id='word_1_241' title='bbox 1255 1863 1395 1898; x_wconf 84' lang='lat' dir='ltr'>Medea:</span> <span class='ocrx_word' id='word_1_242' title='bbox 1409 1865 1497 1897; x_wconf 82' lang='lat' dir='ltr'>hanc</span> <span class='ocrx_word' id='word_1_243' title='bbox 1509 1866 1694 1898; x_wconf 86' lang='lat' dir='ltr'>lectionem</span> <span class='ocrx_word' id='word_1_244' title='bbox 1704 1865 1847 1899; x_wconf 85' lang='lat' dir='ltr'>firmant</span> 
     </span>
     <span class='ocr_line' id='line_1_49' title="bbox 1168 1917 1846 1952; baseline 0.001 -2"><span class='ocrx_word' id='word_1_245' title='bbox 1168 1918 1380 1951; x_wconf 66' lang='lat' dir='ltr'>membranae</span> <span class='ocrx_word' id='word_1_246' title='bbox 1410 1917 1579 1952; x_wconf 88' lang='lat' dir='ltr'>Arondel.</span> <span class='ocrx_word' id='word_1_247' title='bbox 1607 1926 1641 1951; x_wconf 91' lang='lat' dir='ltr'>et</span> <span class='ocrx_word' id='word_1_248' title='bbox 1664 1917 1766 1951; x_wconf 90' lang='lat' dir='ltr'>codd.</span> <span class='ocrx_word' id='word_1_249' title='bbox 1791 1919 1846 1952; x_wconf 85' lang='lat' dir='ltr'>bi-</span> 
     </span>
     <span class='ocr_line' id='line_1_50' title="bbox 1166 1969 1845 2004; baseline 0 -1"><span class='ocrx_word' id='word_1_250' title='bbox 1166 1970 1349 2004; x_wconf 84' lang='lat' dir='ltr'>bliothecae</span> <span class='ocrx_word' id='word_1_251' title='bbox 1368 1969 1562 2004; x_wconf 85' lang='lat' dir='ltr'>Leidensis.</span> <span class='ocrx_word' id='word_1_252' title='bbox 1580 1992 1633 1997; x_wconf 87' lang='lat'>—-</span> <span class='ocrx_word' id='word_1_253' title='bbox 1651 1972 1770 2003; x_wconf 83' lang='lat' dir='ltr'>Pontia</span> <span class='ocrx_word' id='word_1_254' title='bbox 1790 1972 1845 2004; x_wconf 76' lang='lat' dir='ltr'>cle-</span> 
     </span>
     <span class='ocr_line' id='line_1_51' title="bbox 1169 2023 1845 2064; baseline 0.004 -9"><span class='ocrx_word' id='word_1_255' title='bbox 1169 2026 1273 2056; x_wconf 76' lang='lat' dir='ltr'>terior.</span> <span class='ocrx_word' id='word_1_256' title='bbox 1293 2024 1418 2056; x_wconf 87' lang='lat' dir='ltr'>Juven.</span> <span class='ocrx_word' id='word_1_257' title='bbox 1441 2023 1510 2056; x_wconf 82' lang='lat' dir='ltr'>Sat.</span> <span class='ocrx_word' id='word_1_258' title='bbox 1533 2024 1604 2064; x_wconf 83' lang='lat' dir='ltr'>VI,</span> <span class='ocrx_word' id='word_1_259' title='bbox 1623 2024 1694 2057; x_wconf 80' lang='lat'>638</span> <span class='ocrx_word' id='word_1_260' title='bbox 1714 2037 1722 2057; x_wconf 76' lang='grc' dir='ltr'><em>τ</em></span> <span class='ocrx_word' id='word_1_261' title='bbox 1746 2042 1758 2054; x_wconf 72' lang='grc' dir='ltr'><strong>α</strong></span> <span class='ocrx_word' id='word_1_262' title='bbox 1775 2024 1845 2058; x_wconf 87' lang='lat' dir='ltr'>Sed</span> 
     </span>
     <span class='ocr_line' id='line_1_52' title="bbox 1168 2076 1844 2120; baseline 0.004 -12"><span class='ocrx_word' id='word_1_263' title='bbox 1168 2076 1292 2109; x_wconf 84' lang='lat' dir='ltr'>clamat</span> <span class='ocrx_word' id='word_1_264' title='bbox 1324 2076 1447 2109; x_wconf 80' lang='lat' dir='ltr'>Pontia</span> <span class='ocrx_word' id='word_1_265' title='bbox 1463 2102 1471 2117; x_wconf 92' lang='lat'><strong><em>‚</em></strong></span> <span class='ocrx_word' id='word_1_266' title='bbox 1494 2077 1574 2109; x_wconf 86' lang='lat' dir='ltr'>Feci</span> <span class='ocrx_word' id='word_1_267' title='bbox 1591 2101 1601 2118; x_wconf 93' lang='lat'>,</span> <span class='ocrx_word' id='word_1_268' title='bbox 1637 2076 1844 2120; x_wconf 83' lang='lat' dir='ltr'>Confiteor,</span> 
     </span>
     <span class='ocr_line' id='line_1_53' title="bbox 1167 2129 1838 2175; baseline 0 -14"><span class='ocrx_word' id='word_1_269' title='bbox 1167 2129 1356 2174; x_wconf 87' lang='lat' dir='ltr'>puerisque</span> <span class='ocrx_word' id='word_1_270' title='bbox 1389 2129 1473 2162; x_wconf 85' lang='lat' dir='ltr'>meis</span> <span class='ocrx_word' id='word_1_271' title='bbox 1508 2129 1643 2162; x_wconf 82' lang='lat' dir='ltr'>aconita</span> <span class='ocrx_word' id='word_1_272' title='bbox 1672 2131 1804 2175; x_wconf 86' lang='lat' dir='ltr'>paravi.</span> <span class='ocrx_word' id='word_1_273' title='bbox 1825 2149 1838 2161; x_wconf 58' lang='lat' dir='ltr'>a</span> 
     </span>
     <span class='ocr_line' id='line_1_54' title="bbox 1167 2181 1846 2228; baseline 0.004 -14"><span class='ocrx_word' id='word_1_274' title='bbox 1167 2183 1305 2228; x_wconf 87' lang='lat' dir='ltr'>Legunt</span> <span class='ocrx_word' id='word_1_275' title='bbox 1326 2181 1382 2214; x_wconf 70' lang='lat' dir='ltr'>abii</span> <span class='ocrx_word' id='word_1_276' title='bbox 1398 2183 1533 2214; x_wconf 77' lang='lat' dir='ltr'>Pontica</span> <span class='ocrx_word' id='word_1_277' title='bbox 1545 2209 1554 2224; x_wconf 89' lang='lat'><strong><em>‚</em></strong></span> <span class='ocrx_word' id='word_1_278' title='bbox 1567 2191 1600 2216; x_wconf 92' lang='lat' dir='ltr'>et</span> <span class='ocrx_word' id='word_1_279' title='bbox 1618 2182 1779 2216; x_wconf 84' lang='lat' dir='ltr'>Medeam</span> <span class='ocrx_word' id='word_1_280' title='bbox 1792 2184 1846 2217; x_wconf 89' lang='lat' dir='ltr'>in-</span> 
     </span>
     <span class='ocr_line' id='line_1_55' title="bbox 1165 2236 1846 2281; baseline 0.007 -14"><span class='ocrx_word' id='word_1_281' title='bbox 1165 2243 1401 2280; x_wconf 84' lang='lat' dir='ltr'>terpretantur</span> <span class='ocrx_word' id='word_1_282' title='bbox 1412 2261 1421 2274; x_wconf 91' lang='lat'><em>‚</em></span> <span class='ocrx_word' id='word_1_283' title='bbox 1437 2248 1515 2281; x_wconf 82' lang='lat' dir='ltr'>quae</span> <span class='ocrx_word' id='word_1_284' title='bbox 1532 2249 1611 2269; x_wconf 88' lang='lat' dir='ltr'>suos</span> <span class='ocrx_word' id='word_1_285' title='bbox 1625 2236 1752 2271; x_wconf 83' lang='lat' dir='ltr'>liberos</span> <span class='ocrx_word' id='word_1_286' title='bbox 1768 2249 1846 2272; x_wconf 82' lang='lat' dir='ltr'>cru-¹</span> 
     </span>
     <span class='ocr_line' id='line_1_56' title="bbox 1164 2287 1460 2322; baseline 0 -1"><span class='ocrx_word' id='word_1_287' title='bbox 1164 2287 1291 2322; x_wconf 84' lang='lat' dir='ltr'>deliter</span> <span class='ocrx_word' id='word_1_288' title='bbox 1312 2288 1460 2321; x_wconf 79' lang='lat' dir='ltr'>necavit.</span> 
     </span>
    </p>
   </div>
  </div>
 </body>
</html>
