<?xml version="1.0" encoding="UTF-8"?>
<!DOCTYPE html PUBLIC "-//W3C//DTD XHTML 1.0 Transitional//EN"
    "http://www.w3.org/TR/xhtml1/DTD/xhtml1-transitional.dtd">
<html xmlns="http://www.w3.org/1999/xhtml" xml:lang="en" lang="en">
 <head>
  <title>
</title>
<meta http-equiv="Content-Type" content="text/html;charset=utf-8" />
  <meta name='ocr-system' content='tesseract 3.04.00' />
  <meta name='ocr-capabilities' content='ocr_page ocr_carea ocr_par ocr_line ocrx_word'/>
</head>
<body>
  <div class='ocr_page' id='page_1' title='image "./epigrammata01martuoft_0333.png"; bbox 0 0 2061 3288; ppageno 0'>
   <div class='ocr_carea' id='block_1_1' title="bbox 443 231 1305 278">
    <p class='ocr_par' dir='ltr' id='par_1_1' title="bbox 443 231 1305 278">
     <span class='ocr_line' id='line_1_1' title="bbox 443 231 1305 278; baseline -0.006 -1"><span class='ocrx_word' id='word_1_1' title='bbox 443 232 1031 278; x_wconf 83' lang='lat' dir='ltr'><strong>EPIGRAMMATUM</strong></span> <span class='ocrx_word' id='word_1_2' title='bbox 1070 231 1198 274; x_wconf 87' lang='lat' dir='ltr'><strong>LIB.</strong></span> <span class='ocrx_word' id='word_1_3' title='bbox 1237 231 1305 273; x_wconf 92' lang='lat' dir='ltr'>II.</span> 
     </span>
    </p>
   </div>
   <div class='ocr_carea' id='block_1_2' title="bbox 165 317 1588 667">
    <p class='ocr_par' dir='ltr' id='par_1_2' title="bbox 165 317 1588 667">
     <span class='ocr_line' id='line_1_2' title="bbox 165 317 1581 384; baseline -0.003 -18"><span class='ocrx_word' id='word_1_4' title='bbox 165 325 261 384; x_wconf 85' lang='lat' dir='ltr'>Ego</span> <span class='ocrx_word' id='word_1_5' title='bbox 292 323 404 366; x_wconf 90' lang='lat' dir='ltr'>inter</span> <span class='ocrx_word' id='word_1_6' title='bbox 434 319 528 365; x_wconf 86' lang='lat' dir='ltr'>illos</span> <span class='ocrx_word' id='word_1_7' title='bbox 558 320 686 365; x_wconf 88' lang='lat' dir='ltr'>sedeo</span> <span class='ocrx_word' id='word_1_8' title='bbox 702 318 729 377; x_wconf 85' lang='lat'>,¹</span> <span class='ocrx_word' id='word_1_9' title='bbox 757 322 832 381; x_wconf 92' lang='lat' dir='ltr'>qui</span> <span class='ocrx_word' id='word_1_10' title='bbox 858 321 1056 381; x_wconf 88' lang='lat' dir='ltr'>protinus</span> <span class='ocrx_word' id='word_1_11' title='bbox 1088 317 1340 363; x_wconf 82' lang='lat' dir='ltr'>reclamant.</span> <span class='ocrx_word' id='word_1_12' title='bbox 1373 319 1484 362; x_wconf 89' lang='lat' dir='ltr'>Puto</span> <span class='ocrx_word' id='word_1_13' title='bbox 1512 336 1581 362; x_wconf 85' lang='lat' dir='ltr'>me</span> 
     </span>
     <span class='ocr_line' id='line_1_3' title="bbox 167 379 1582 450; baseline -0.004 -13"><span class='ocrx_word' id='word_1_14' title='bbox 167 392 344 437; x_wconf 90' lang='lat' dir='ltr'>hercule</span> <span class='ocrx_word' id='word_1_15' title='bbox 358 391 384 448; x_wconf 85' lang='lat'>,²</span> <span class='ocrx_word' id='word_1_16' title='bbox 409 393 624 448; x_wconf 84' lang='lat' dir='ltr'>Deciane,</span> <span class='ocrx_word' id='word_1_17' title='bbox 639 408 794 435; x_wconf 88' lang='lat' dir='ltr'>verum</span> <span class='ocrx_word' id='word_1_18' title='bbox 818 391 937 435; x_wconf 91' lang='lat' dir='ltr'>dicis.</span> <span class='ocrx_word' id='word_1_19' title='bbox 955 390 1074 449; x_wconf 85' lang='lat' dir='ltr'><strong>Quid</strong></span> <span class='ocrx_word' id='word_1_20' title='bbox 1089 425 1100 445; x_wconf 94' lang='lat'>,</span> <span class='ocrx_word' id='word_1_21' title='bbox 1124 390 1159 433; x_wconf 89' lang='lat' dir='ltr'>si</span> <span class='ocrx_word' id='word_1_22' title='bbox 1181 379 1329 444; x_wconf 81' lang='lat' dir='ltr'>scias,3</span> <span class='ocrx_word' id='word_1_23' title='bbox 1352 406 1452 433; x_wconf 88' lang='lat' dir='ltr'>cum</span> <span class='ocrx_word' id='word_1_24' title='bbox 1477 405 1582 450; x_wconf 89' lang='lat' dir='ltr'>qua,</span> 
     </span>
     <span class='ocr_line' id='line_1_4' title="bbox 167 459 1580 525; baseline -0.003 -17"><span class='ocrx_word' id='word_1_25' title='bbox 167 474 211 508; x_wconf 87' lang='lat' dir='ltr'>et</span> <span class='ocrx_word' id='word_1_26' title='bbox 239 479 370 525; x_wconf 86' lang='lat' dir='ltr'>quam</span> <span class='ocrx_word' id='word_1_27' title='bbox 404 462 533 524; x_wconf 85' lang='lat' dir='ltr'>longa</span> <span class='ocrx_word' id='word_1_28' title='bbox 562 461 744 524; x_wconf 86' lang='lat' dir='ltr'>epistola</span> <span class='ocrx_word' id='word_1_29' title='bbox 774 463 996 524; x_wconf 81' lang='lat' dir='ltr'>negotium</span> <span class='ocrx_word' id='word_1_30' title='bbox 1024 461 1167 505; x_wconf 85' lang='lat' dir='ltr'>fueras</span> <span class='ocrx_word' id='word_1_31' title='bbox 1206 459 1463 505; x_wconf 78' lang='lat' dir='ltr'>habiturus?</span> <span class='ocrx_word' id='word_1_32' title='bbox 1493 463 1580 504; x_wconf 90' lang='lat' dir='ltr'>Ita-</span> 
     </span>
     <span class='ocr_line' id='line_1_5' title="bbox 167 532 1588 595; baseline -0.002 -18"><span class='ocrx_word' id='word_1_33' title='bbox 167 550 276 595; x_wconf 86' lang='lat' dir='ltr'>que,</span> <span class='ocrx_word' id='word_1_34' title='bbox 308 533 426 595; x_wconf 91' lang='lat' dir='ltr'>quod</span> <span class='ocrx_word' id='word_1_35' title='bbox 460 535 618 595; x_wconf 79' lang='lat' dir='ltr'>exigis,</span> <span class='ocrx_word' id='word_1_36' title='bbox 651 533 737 577; x_wconf 85' lang='lat' dir='ltr'>fiat.</span> <span class='ocrx_word' id='word_1_37' title='bbox 771 534 1009 578; x_wconf 85' lang='lat' dir='ltr'><strong>Debebunt</strong></span> <span class='ocrx_word' id='word_1_38' title='bbox 1053 532 1157 588; x_wconf 90' lang='lat' dir='ltr'>tibi,</span> <span class='ocrx_word' id='word_1_39' title='bbox 1195 533 1229 575; x_wconf 91' lang='lat' dir='ltr'>si</span> <span class='ocrx_word' id='word_1_40' title='bbox 1270 533 1344 593; x_wconf 89' lang='lat' dir='ltr'>qui</span> <span class='ocrx_word' id='word_1_41' title='bbox 1386 532 1430 575; x_wconf 91' lang='lat' dir='ltr'>in</span> <span class='ocrx_word' id='word_1_42' title='bbox 1468 532 1588 575; x_wconf 88' lang='lat' dir='ltr'>hunc</span> 
     </span>
     <span class='ocr_line' id='line_1_6' title="bbox 167 602 1584 667; baseline -0.001 -19"><span class='ocrx_word' id='word_1_43' title='bbox 167 603 326 648; x_wconf 88' lang='lat' dir='ltr'>librum</span> <span class='ocrx_word' id='word_1_44' title='bbox 365 605 620 660; x_wconf 79' lang='lat' dir='ltr'>inciderint,</span> <span class='ocrx_word' id='word_1_45' title='bbox 647 604 766 665; x_wconf 89' lang='lat' dir='ltr'>quod</span> <span class='ocrx_word' id='word_1_46' title='bbox 798 604 853 648; x_wconf 86' lang='lat' dir='ltr'>ad</span> <span class='ocrx_word' id='word_1_47' title='bbox 888 605 1073 667; x_wconf 84' lang='lat' dir='ltr'>primam</span> <span class='ocrx_word' id='word_1_48' title='bbox 1112 604 1319 664; x_wconf 85' lang='lat' dir='ltr'>paginam</span> <span class='ocrx_word' id='word_1_49' title='bbox 1357 619 1447 647; x_wconf 89' lang='lat' dir='ltr'>non</span> <span class='ocrx_word' id='word_1_50' title='bbox 1486 602 1584 646; x_wconf 87' lang='lat' dir='ltr'>lassi</span> 
     </span>
    </p>
   </div>
   <div class='ocr_carea' id='block_1_3' title="bbox 1486 230 1580 292">
    <p class='ocr_par' dir='ltr' id='par_1_3' title="bbox 1486 230 1580 292">
     <span class='ocr_line' id='line_1_7' title="bbox 1486 230 1580 292; baseline 0.011 -18"><span class='ocrx_word' id='word_1_51' title='bbox 1486 230 1580 292; x_wconf 78' lang='lat'>169</span> 
     </span>
    </p>
   </div>
   <div class='ocr_carea' id='block_1_4' title="bbox 168 676 434 736">
    <p class='ocr_par' dir='ltr' id='par_1_4' title="bbox 168 676 434 736">
     <span class='ocr_line' id='line_1_8' title="bbox 168 676 434 736; baseline 0 -17"><span class='ocrx_word' id='word_1_52' title='bbox 168 676 434 736; x_wconf 80' lang='lat' dir='ltr'>pervenient.</span> 
     </span>
    </p>
   </div>
   <div class='ocr_carea' id='block_1_5' title="bbox 167 815 851 1499">
    <p class='ocr_par' dir='ltr' id='par_1_5' title="bbox 167 815 848 1128">
     <span class='ocr_line' id='line_1_9' title="bbox 167 815 846 862; baseline -0.001 -13"><span class='ocrx_word' id='word_1_53' title='bbox 167 817 309 858; x_wconf 82' lang='lat' dir='ltr'>bantur,</span> <span class='ocrx_word' id='word_1_54' title='bbox 322 816 405 862; x_wconf 90' lang='lat' dir='ltr'>quia</span> <span class='ocrx_word' id='word_1_55' title='bbox 420 824 494 850; x_wconf 89' lang='lat' dir='ltr'>rete</span> <span class='ocrx_word' id='word_1_56' title='bbox 508 817 689 861; x_wconf 80' lang='lat' dir='ltr'>gerebant,</span> <span class='ocrx_word' id='word_1_57' title='bbox 705 828 778 862; x_wconf 90' lang='lat' dir='ltr'>quo</span> <span class='ocrx_word' id='word_1_58' title='bbox 791 815 846 848; x_wconf 90' lang='lat' dir='ltr'>in-</span> 
     </span>
     <span class='ocr_line' id='line_1_10' title="bbox 169 868 847 915; baseline 0 -13"><span class='ocrx_word' id='word_1_59' title='bbox 169 870 349 903; x_wconf 86' lang='lat' dir='ltr'>volverent</span> <span class='ocrx_word' id='word_1_60' title='bbox 373 878 476 915; x_wconf 88' lang='lat' dir='ltr'>caput</span> <span class='ocrx_word' id='word_1_61' title='bbox 500 868 710 909; x_wconf 83' lang='lat' dir='ltr'>adversarii;</span> <span class='ocrx_word' id='word_1_62' title='bbox 732 877 766 902; x_wconf 91' lang='lat' dir='ltr'>et</span> <span class='ocrx_word' id='word_1_63' title='bbox 790 869 847 902; x_wconf 93' lang='lat' dir='ltr'>fu-</span> 
     </span>
     <span class='ocr_line' id='line_1_11' title="bbox 169 921 848 968; baseline -0.001 -12"><span class='ocrx_word' id='word_1_64' title='bbox 169 922 299 956; x_wconf 88' lang='lat' dir='ltr'>scinam</span> <span class='ocrx_word' id='word_1_65' title='bbox 330 935 390 955; x_wconf 88' lang='lat' dir='ltr'>seu</span> <span class='ocrx_word' id='word_1_66' title='bbox 416 921 626 963; x_wconf 82' lang='lat' dir='ltr'>tridentem,</span> <span class='ocrx_word' id='word_1_67' title='bbox 646 935 716 968; x_wconf 89' lang='lat' dir='ltr'>quo</span> <span class='ocrx_word' id='word_1_68' title='bbox 747 923 848 955; x_wconf 87' lang='lat' dir='ltr'>illum</span> 
     </span>
     <span class='ocr_line' id='line_1_12' title="bbox 168 976 845 1022; baseline 0.001 -14"><span class='ocrx_word' id='word_1_69' title='bbox 168 976 315 1009; x_wconf 91' lang='lat' dir='ltr'>reticulo</span> <span class='ocrx_word' id='word_1_70' title='bbox 360 976 558 1009; x_wconf 87' lang='lat' dir='ltr'>involutum</span> <span class='ocrx_word' id='word_1_71' title='bbox 603 976 816 1022; x_wconf 85' lang='lat' dir='ltr'>perimerent</span> <span class='ocrx_word' id='word_1_72' title='bbox 835 989 845 1018; x_wconf 88' lang='lat'>;</span> 
     </span>
     <span class='ocr_line' id='line_1_13' title="bbox 170 1028 847 1075; baseline 0 -13"><span class='ocrx_word' id='word_1_73' title='bbox 170 1029 267 1062; x_wconf 84' lang='lat' dir='ltr'>alteri</span> <span class='ocrx_word' id='word_1_74' title='bbox 294 1029 491 1061; x_wconf 83' lang='lat' dir='ltr'>mirmillones</span> <span class='ocrx_word' id='word_1_75' title='bbox 516 1028 740 1069; x_wconf 87' lang='lat' dir='ltr'>dicebantur,</span> <span class='ocrx_word' id='word_1_76' title='bbox 759 1042 847 1075; x_wconf 88' lang='lat' dir='ltr'>quo-</span> 
     </span>
     <span class='ocr_line' id='line_1_14' title="bbox 170 1082 846 1128; baseline 0 -13"><span class='ocrx_word' id='word_1_77' title='bbox 170 1094 252 1115; x_wconf 86' lang='lat' dir='ltr'>rum</span> <span class='ocrx_word' id='word_1_78' title='bbox 274 1095 366 1115; x_wconf 87' lang='lat' dir='ltr'>arma</span> <span class='ocrx_word' id='word_1_79' title='bbox 386 1091 486 1115; x_wconf 83' lang='lat' dir='ltr'>erant</span> <span class='ocrx_word' id='word_1_80' title='bbox 506 1082 596 1115; x_wconf 84' lang='lat' dir='ltr'>ensis</span> <span class='ocrx_word' id='word_1_81' title='bbox 616 1082 765 1128; x_wconf 85' lang='lat' dir='ltr'>longior,</span> <span class='ocrx_word' id='word_1_82' title='bbox 781 1090 846 1115; x_wconf 89' lang='lat' dir='ltr'>etc.</span> 
     </span>
    </p>

    <p class='ocr_par' dir='ltr' id='par_1_6' title="bbox 171 1135 851 1499">
     <span class='ocr_line' id='line_1_15' title="bbox 229 1135 848 1179; baseline 0.002 -12"><span class='ocrx_word' id='word_1_83' title='bbox 229 1146 242 1167; x_wconf 92' lang='lat'>1</span> <span class='ocrx_word' id='word_1_84' title='bbox 253 1161 259 1167; x_wconf 96' lang='lat'>.</span> <span class='ocrx_word' id='word_1_85' title='bbox 270 1136 346 1179; x_wconf 72' lang='lat' dir='ltr'>Ego</span> <span class='ocrx_word' id='word_1_86' title='bbox 362 1137 443 1167; x_wconf 81' lang='lat' dir='ltr'>inter</span> <span class='ocrx_word' id='word_1_87' title='bbox 457 1136 527 1168; x_wconf 81' lang='lat' dir='ltr'>illos</span> <span class='ocrx_word' id='word_1_88' title='bbox 541 1135 631 1168; x_wconf 75' lang='lat' dir='ltr'>sedeo</span> <span class='ocrx_word' id='word_1_89' title='bbox 643 1163 651 1177; x_wconf 92' lang='lat'><em>‚</em></span> <span class='ocrx_word' id='word_1_90' title='bbox 668 1145 732 1169; x_wconf 88' lang='lat' dir='ltr'>etc.</span> <span class='ocrx_word' id='word_1_91' title='bbox 749 1135 848 1169; x_wconf 90' lang='lat' dir='ltr'>Sicut</span> 
     </span>
     <span class='ocr_line' id='line_1_16' title="bbox 175 1188 850 1233; baseline 0 -12"><span class='ocrx_word' id='word_1_92' title='bbox 175 1196 386 1233; x_wconf 80' lang='lat' dir='ltr'>spectatores</span> <span class='ocrx_word' id='word_1_93' title='bbox 399 1188 648 1222; x_wconf 84' lang='lat' dir='ltr'>confidentiam</span> <span class='ocrx_word' id='word_1_94' title='bbox 660 1189 753 1222; x_wconf 90' lang='lat' dir='ltr'>illius</span> <span class='ocrx_word' id='word_1_95' title='bbox 765 1189 850 1221; x_wconf 90' lang='lat' dir='ltr'>mir-</span> 
     </span>
     <span class='ocr_line' id='line_1_17' title="bbox 172 1241 850 1275; baseline 0.001 -2"><span class='ocrx_word' id='word_1_96' title='bbox 172 1241 326 1274; x_wconf 84' lang='lat' dir='ltr'>millonis</span> <span class='ocrx_word' id='word_1_97' title='bbox 348 1254 387 1275; x_wconf 87' lang='lat' dir='ltr'>ac</span> <span class='ocrx_word' id='word_1_98' title='bbox 410 1242 641 1275; x_wconf 81' lang='lat' dir='ltr'>temeritatem</span> <span class='ocrx_word' id='word_1_99' title='bbox 664 1242 778 1275; x_wconf 84' lang='lat' dir='ltr'>statim</span> <span class='ocrx_word' id='word_1_100' title='bbox 795 1254 850 1275; x_wconf 89' lang='lat' dir='ltr'>re-</span> 
     </span>
     <span class='ocr_line' id='line_1_18' title="bbox 171 1293 850 1340; baseline 0.001 -14"><span class='ocrx_word' id='word_1_101' title='bbox 171 1293 354 1327; x_wconf 86' lang='lat' dir='ltr'>clamando</span> <span class='ocrx_word' id='word_1_102' title='bbox 382 1293 680 1336; x_wconf 83' lang='lat' dir='ltr'>condemnarent,</span> <span class='ocrx_word' id='word_1_103' title='bbox 715 1295 760 1328; x_wconf 83' lang='lat' dir='ltr'>ita</span> <span class='ocrx_word' id='word_1_104' title='bbox 786 1307 850 1340; x_wconf 86' lang='lat' dir='ltr'>ego</span> 
     </span>
     <span class='ocr_line' id='line_1_19' title="bbox 172 1346 851 1393; baseline 0.003 -14"><span class='ocrx_word' id='word_1_105' title='bbox 172 1355 206 1380; x_wconf 86' lang='lat' dir='ltr'>te</span> <span class='ocrx_word' id='word_1_106' title='bbox 235 1346 431 1380; x_wconf 87' lang='lat' dir='ltr'>condemno</span> <span class='ocrx_word' id='word_1_107' title='bbox 446 1374 454 1390; x_wconf 94' lang='lat'>,</span> <span class='ocrx_word' id='word_1_108' title='bbox 477 1358 510 1381; x_wconf 88' lang='lat' dir='ltr'>et</span> <span class='ocrx_word' id='word_1_109' title='bbox 533 1361 643 1393; x_wconf 86' lang='lat' dir='ltr'>quum</span> <span class='ocrx_word' id='word_1_110' title='bbox 664 1346 786 1381; x_wconf 87' lang='lat' dir='ltr'>videro</span> <span class='ocrx_word' id='word_1_111' title='bbox 818 1356 851 1381; x_wconf 89' lang='lat' dir='ltr'>te</span> 
     </span>
     <span class='ocr_line' id='line_1_20' title="bbox 171 1399 850 1434; baseline 0.001 -2"><span class='ocrx_word' id='word_1_112' title='bbox 171 1399 264 1434; x_wconf 90' lang='lat' dir='ltr'>vinci</span> <span class='ocrx_word' id='word_1_113' title='bbox 284 1401 326 1433; x_wconf 89' lang='lat' dir='ltr'>ab</span> <span class='ocrx_word' id='word_1_114' title='bbox 348 1401 415 1434; x_wconf 90' lang='lat' dir='ltr'>tuis</span> <span class='ocrx_word' id='word_1_115' title='bbox 436 1401 734 1434; x_wconf 82' lang='lat' dir='ltr'>obtrectatoribus</span> <span class='ocrx_word' id='word_1_116' title='bbox 753 1401 850 1433; x_wconf 90' lang='lat' dir='ltr'>tenui</span> 
     </span>
     <span class='ocr_line' id='line_1_21' title="bbox 172 1451 850 1499; baseline 0 -12"><span class='ocrx_word' id='word_1_117' title='bbox 172 1451 339 1487; x_wconf 84' lang='lat' dir='ltr'>duntaxat</span> <span class='ocrx_word' id='word_1_118' title='bbox 366 1454 527 1499; x_wconf 87' lang='lat' dir='ltr'>epistolio</span> <span class='ocrx_word' id='word_1_119' title='bbox 547 1454 723 1487; x_wconf 86' lang='lat' dir='ltr'>munitum</span> <span class='ocrx_word' id='word_1_120' title='bbox 740 1479 750 1495; x_wconf 92' lang='lat'><strong>‚</strong></span> <span class='ocrx_word' id='word_1_121' title='bbox 778 1467 850 1487; x_wconf 89' lang='lat' dir='ltr'>non</span> 
     </span>
    </p>
   </div>
   <div class='ocr_carea' id='block_1_6' title="bbox 851 1604 892 1659">
    <p class='ocr_par' dir='ltr' id='par_1_7' title="bbox 851 1604 892 1659">
     <span class='ocr_line' id='line_1_22' title="bbox 851 1604 892 1659; baseline 0.049 -2"><span class='ocrx_word' id='word_1_122' title='bbox 851 1604 892 1659; x_wconf 88' lang='lat' dir='ltr'>I.</span> 
     </span>
    </p>
   </div>
   <div class='ocr_carea' id='block_1_7' title="bbox 907 812 1592 1500">
    <p class='ocr_par' dir='ltr' id='par_1_8' title="bbox 907 812 1591 1121">
     <span class='ocr_line' id='line_1_23' title="bbox 908 812 1587 859; baseline -0.004 -10"><span class='ocrx_word' id='word_1_123' title='bbox 908 824 942 849; x_wconf 90' lang='lat' dir='ltr'>te</span> <span class='ocrx_word' id='word_1_124' title='bbox 959 816 1111 857; x_wconf 88' lang='lat' dir='ltr'>tutabor,</span> <span class='ocrx_word' id='word_1_125' title='bbox 1127 814 1234 848; x_wconf 86' lang='lat' dir='ltr'>immo</span> <span class='ocrx_word' id='word_1_126' title='bbox 1248 814 1317 847; x_wconf 84' lang='lat' dir='ltr'>illis</span> <span class='ocrx_word' id='word_1_127' title='bbox 1334 826 1389 847; x_wconf 89' lang='lat' dir='ltr'>me</span> <span class='ocrx_word' id='word_1_128' title='bbox 1400 812 1587 859; x_wconf 83' lang='lat' dir='ltr'>adjungam</span> 
     </span>
     <span class='ocr_line' id='line_1_24' title="bbox 907 866 1586 913; baseline -0.004 -10"><span class='ocrx_word' id='word_1_129' title='bbox 907 877 941 903; x_wconf 83' lang='lat' dir='ltr'>et</span> <span class='ocrx_word' id='word_1_130' title='bbox 963 869 1099 902; x_wconf 85' lang='lat' dir='ltr'>favebo.</span> <span class='ocrx_word' id='word_1_131' title='bbox 1121 869 1240 910; x_wconf 85' lang='lat' dir='ltr'>Quum</span> <span class='ocrx_word' id='word_1_132' title='bbox 1266 868 1428 902; x_wconf 86' lang='lat' dir='ltr'>uterlibet</span> <span class='ocrx_word' id='word_1_133' title='bbox 1454 866 1586 913; x_wconf 84' lang='lat' dir='ltr'>gladia-</span> 
     </span>
     <span class='ocr_line' id='line_1_25' title="bbox 909 920 1585 956; baseline -0.004 -1"><span class='ocrx_word' id='word_1_134' title='bbox 909 930 1024 955; x_wconf 88' lang='lat' dir='ltr'>torum</span> <span class='ocrx_word' id='word_1_135' title='bbox 1050 922 1093 956; x_wconf 86' lang='lat' dir='ltr'>ab</span> <span class='ocrx_word' id='word_1_136' title='bbox 1113 920 1312 955; x_wconf 84' lang='lat' dir='ltr'>adversario</span> <span class='ocrx_word' id='word_1_137' title='bbox 1330 921 1420 954; x_wconf 90' lang='lat' dir='ltr'>male</span> <span class='ocrx_word' id='word_1_138' title='bbox 1442 920 1585 953; x_wconf 87' lang='lat' dir='ltr'>mulcta-</span> 
     </span>
     <span class='ocr_line' id='line_1_26' title="bbox 908 974 1588 1020; baseline -0.003 -12"><span class='ocrx_word' id='word_1_139' title='bbox 908 985 1016 1016; x_wconf 84' lang='lat' dir='ltr'>retur,</span> <span class='ocrx_word' id='word_1_140' title='bbox 1025 975 1242 1008; x_wconf 82' lang='lat' dir='ltr'>exclamabat</span> <span class='ocrx_word' id='word_1_141' title='bbox 1250 974 1415 1020; x_wconf 56' lang='lat' dir='ltr'>populus,</span> <span class='ocrx_word' id='word_1_142' title='bbox 1428 974 1588 1018; x_wconf 84' lang='lat' dir='ltr'>urgebat-</span> 
     </span>
     <span class='ocr_line' id='line_1_27' title="bbox 907 1027 1587 1075; baseline -0.004 -13"><span class='ocrx_word' id='word_1_143' title='bbox 907 1041 976 1075; x_wconf 89' lang='lat' dir='ltr'>que</span> <span class='ocrx_word' id='word_1_144' title='bbox 1002 1028 1135 1062; x_wconf 90' lang='lat' dir='ltr'>victum</span> <span class='ocrx_word' id='word_1_145' title='bbox 1151 1054 1161 1069; x_wconf 92' lang='lat'><strong>‚</strong></span> <span class='ocrx_word' id='word_1_146' title='bbox 1186 1028 1240 1061; x_wconf 87' lang='lat' dir='ltr'>his</span> <span class='ocrx_word' id='word_1_147' title='bbox 1270 1027 1387 1062; x_wconf 85' lang='lat' dir='ltr'>verbis</span> <span class='ocrx_word' id='word_1_148' title='bbox 1417 1027 1587 1060; x_wconf 86' lang='lat' dir='ltr'>victorem</span> 
     </span>
     <span class='ocr_line' id='line_1_28' title="bbox 908 1079 1591 1121; baseline -0.006 -6"><span class='ocrx_word' id='word_1_149' title='bbox 908 1080 1153 1116; x_wconf 85' lang='lat' dir='ltr'>accendendo:</span> <span class='ocrx_word' id='word_1_150' title='bbox 1178 1081 1297 1115; x_wconf 78' lang='lat' dir='ltr'>Occide</span> <span class='ocrx_word' id='word_1_151' title='bbox 1309 1108 1318 1121; x_wconf 87' lang='lat'><em>‚</em></span> <span class='ocrx_word' id='word_1_152' title='bbox 1335 1095 1389 1114; x_wconf 82' lang='lat' dir='ltr'>ure</span> <span class='ocrx_word' id='word_1_153' title='bbox 1402 1107 1409 1119; x_wconf 90' lang='lat'><strong><em>‚</em></strong></span> <span class='ocrx_word' id='word_1_154' title='bbox 1428 1079 1562 1112; x_wconf 72' lang='lat' dir='ltr'>‘verbera</span> <span class='ocrx_word' id='word_1_155' title='bbox 1579 1085 1591 1112; x_wconf 68' lang='grc' dir='ltr'>,Ι</span> 
     </span>
    </p>

    <p class='ocr_par' dir='ltr' id='par_1_9' title="bbox 966 1133 1534 1181">
     <span class='ocr_line' id='line_1_29' title="bbox 966 1133 1534 1181; baseline -0.005 -13"><span class='ocrx_word' id='word_1_156' title='bbox 966 1150 997 1168; x_wconf 70' lang='lat' dir='ltr'>a.</span> <span class='ocrx_word' id='word_1_157' title='bbox 1015 1136 1113 1169; x_wconf 82' lang='lat' dir='ltr'>Puto.</span> <span class='ocrx_word' id='word_1_158' title='bbox 1134 1133 1335 1181; x_wconf 83' lang='lat' dir='ltr'>Respondet</span> <span class='ocrx_word' id='word_1_159' title='bbox 1351 1133 1534 1167; x_wconf 84' lang='lat' dir='ltr'>Martialis.</span> 
     </span>
    </p>

    <p class='ocr_par' dir='ltr' id='par_1_10' title="bbox 909 1186 1592 1500">
     <span class='ocr_line' id='line_1_30' title="bbox 966 1186 1589 1233; baseline -0.003 -13"><span class='ocrx_word' id='word_1_160' title='bbox 966 1188 998 1222; x_wconf 84' lang='lat'>3.</span> <span class='ocrx_word' id='word_1_161' title='bbox 1019 1188 1109 1233; x_wconf 77' lang='lat' dir='ltr'>Quid</span> <span class='ocrx_word' id='word_1_162' title='bbox 1120 1213 1129 1228; x_wconf 82' lang='lat'>,</span> <span class='ocrx_word' id='word_1_163' title='bbox 1150 1191 1179 1220; x_wconf 79' lang='lat' dir='ltr'>si</span> <span class='ocrx_word' id='word_1_164' title='bbox 1189 1190 1282 1221; x_wconf 76' lang='lat' dir='ltr'>scias.</span> <span class='ocrx_word' id='word_1_165' title='bbox 1299 1187 1511 1233; x_wconf 83' lang='lat' dir='ltr'>Longiorein</span> <span class='ocrx_word' id='word_1_166' title='bbox 1526 1186 1589 1219; x_wconf 89' lang='lat' dir='ltr'>tibi</span> 
     </span>
     <span class='ocr_line' id='line_1_31' title="bbox 909 1239 1590 1287; baseline -0.004 -12"><span class='ocrx_word' id='word_1_167' title='bbox 909 1242 1007 1275; x_wconf 87' lang='lat' dir='ltr'>volui</span> <span class='ocrx_word' id='word_1_168' title='bbox 1031 1242 1215 1287; x_wconf 82' lang='lat' dir='ltr'>epistolam</span> <span class='ocrx_word' id='word_1_169' title='bbox 1236 1241 1349 1275; x_wconf 88' lang='lat' dir='ltr'>facere</span> <span class='ocrx_word' id='word_1_170' title='bbox 1362 1266 1371 1280; x_wconf 88' lang='lat'>,</span> <span class='ocrx_word' id='word_1_171' title='bbox 1396 1249 1429 1273; x_wconf 92' lang='lat' dir='ltr'>et</span> <span class='ocrx_word' id='word_1_172' title='bbox 1446 1239 1590 1286; x_wconf 87' lang='lat' dir='ltr'>quidem</span> 
     </span>
     <span class='ocr_line' id='line_1_32' title="bbox 910 1294 1589 1340; baseline -0.003 -13"><span class='ocrx_word' id='word_1_173' title='bbox 910 1295 937 1328; x_wconf 90' lang='lat' dir='ltr'>si</span> <span class='ocrx_word' id='word_1_174' title='bbox 955 1295 1059 1328; x_wconf 87' lang='lat' dir='ltr'>scires</span> <span class='ocrx_word' id='word_1_175' title='bbox 1075 1303 1207 1340; x_wconf 85' lang='lat' dir='ltr'>quanta</span> <span class='ocrx_word' id='word_1_176' title='bbox 1223 1307 1298 1328; x_wconf 86' lang='lat' dir='ltr'>eam</span> <span class='ocrx_word' id='word_1_177' title='bbox 1317 1294 1492 1328; x_wconf 88' lang='lat' dir='ltr'>voluerim</span> <span class='ocrx_word' id='word_1_178' title='bbox 1516 1305 1589 1326; x_wconf 88' lang='lat' dir='ltr'>esse</span> 
     </span>
     <span class='ocr_line' id='line_1_33' title="bbox 910 1346 1591 1393; baseline -0.003 -12"><span class='ocrx_word' id='word_1_179' title='bbox 910 1347 1155 1393; x_wconf 83' lang='lat' dir='ltr'>longitudine,</span> <span class='ocrx_word' id='word_1_180' title='bbox 1178 1356 1253 1382; x_wconf 87' lang='lat' dir='ltr'>tum</span> <span class='ocrx_word' id='word_1_181' title='bbox 1273 1348 1379 1382; x_wconf 90' lang='lat' dir='ltr'>etiam</span> <span class='ocrx_word' id='word_1_182' title='bbox 1395 1346 1503 1392; x_wconf 87' lang='lat' dir='ltr'>magis</span> <span class='ocrx_word' id='word_1_183' title='bbox 1517 1347 1591 1379; x_wconf 89' lang='lat' dir='ltr'>haec</span> 
     </span>
     <span class='ocr_line' id='line_1_34' title="bbox 912 1399 1592 1446; baseline -0.001 -13"><span class='ocrx_word' id='word_1_184' title='bbox 912 1401 1064 1446; x_wconf 85' lang='lat' dir='ltr'>taliaque</span> <span class='ocrx_word' id='word_1_185' title='bbox 1084 1400 1237 1443; x_wconf 87' lang='lat' dir='ltr'>diceres,</span> <span class='ocrx_word' id='word_1_186' title='bbox 1257 1414 1321 1435; x_wconf 90' lang='lat' dir='ltr'>nec</span> <span class='ocrx_word' id='word_1_187' title='bbox 1352 1413 1433 1435; x_wconf 85' lang='lat' dir='ltr'>sane</span> <span class='ocrx_word' id='word_1_188' title='bbox 1459 1399 1592 1433; x_wconf 85' lang='lat' dir='ltr'>diceres</span> 
     </span>
     <span class='ocr_line' id='line_1_35' title="bbox 912 1454 1172 1500; baseline 0.008 -14"><span class='ocrx_word' id='word_1_189' title='bbox 912 1454 986 1487; x_wconf 88' lang='lat' dir='ltr'>sine</span> <span class='ocrx_word' id='word_1_190' title='bbox 1001 1455 1080 1500; x_wconf 85' lang='lat' dir='ltr'>jure</span> <span class='ocrx_word' id='word_1_191' title='bbox 1100 1463 1172 1488; x_wconf 76' lang='lat' dir='ltr'>tuo,</span> 
     </span>
    </p>
   </div>
   <div class='ocr_carea' id='block_1_8' title="bbox 609 1746 1159 1796">
    <p class='ocr_par' dir='ltr' id='par_1_11' title="bbox 609 1746 1159 1796">
     <span class='ocr_line' id='line_1_36' title="bbox 609 1746 1159 1796; baseline 0 -1"><span class='ocrx_word' id='word_1_192' title='bbox 609 1767 678 1795; x_wconf 71' lang='lat' dir='ltr'>An</span> <span class='ocrx_word' id='word_1_193' title='bbox 715 1767 924 1795; x_wconf 82' lang='lat' dir='ltr'>LIBRUM</span> <span class='ocrx_word' id='word_1_194' title='bbox 963 1746 1159 1796; x_wconf 60' lang='lat' dir='ltr'>SUUM*</span> 
     </span>
    </p>
   </div>
   <div class='ocr_carea' id='block_1_9' title="bbox 245 1890 1561 2164">
    <p class='ocr_par' dir='ltr' id='par_1_12' title="bbox 245 1890 1472 2022">
     <span class='ocr_line' id='line_1_37' title="bbox 245 1890 1472 1952; baseline 0.002 -19"><span class='ocrx_word' id='word_1_195' title='bbox 245 1892 340 1934; x_wconf 71' lang='lat' dir='ltr'>TER</span> <span class='ocrx_word' id='word_1_196' title='bbox 369 1900 551 1935; x_wconf 84' lang='lat' dir='ltr'>centena</span> <span class='ocrx_word' id='word_1_197' title='bbox 577 1890 751 1952; x_wconf 88' lang='lat' dir='ltr'>quidem</span> <span class='ocrx_word' id='word_1_198' title='bbox 784 1900 957 1952; x_wconf 83' lang='lat' dir='ltr'>poteras</span> <span class='ocrx_word' id='word_1_199' title='bbox 988 1891 1305 1951; x_wconf 82' lang='lat' dir='ltr'>epigrammata</span> <span class='ocrx_word' id='word_1_200' title='bbox 1336 1892 1472 1936; x_wconf 87' lang='lat' dir='ltr'>ferre:</span> 
     </span>
     <span class='ocr_line' id='line_1_38' title="bbox 315 1960 1293 2022; baseline 0 -18"><span class='ocrx_word' id='word_1_201' title='bbox 315 1961 398 2005; x_wconf 88' lang='lat' dir='ltr'>Sed</span> <span class='ocrx_word' id='word_1_202' title='bbox 428 1962 521 2022; x_wconf 91' lang='lat' dir='ltr'>quis</span> <span class='ocrx_word' id='word_1_203' title='bbox 548 1971 590 2005; x_wconf 87' lang='lat' dir='ltr'>te</span> <span class='ocrx_word' id='word_1_204' title='bbox 616 1961 749 2005; x_wconf 89' lang='lat' dir='ltr'>ferret</span> <span class='ocrx_word' id='word_1_205' title='bbox 774 1961 1128 2022; x_wconf 84' lang='lat' dir='ltr'>perlegeretque,</span> <span class='ocrx_word' id='word_1_206' title='bbox 1155 1960 1293 2005; x_wconf 77' lang='lat' dir='ltr'>liber?</span> 
     </span>
    </p>

    <p class='ocr_par' dir='ltr' id='par_1_13' title="bbox 250 2031 1561 2164">
     <span class='ocr_line' id='line_1_39' title="bbox 250 2031 1380 2093; baseline 0 -18"><span class='ocrx_word' id='word_1_207' title='bbox 250 2033 304 2075; x_wconf 78' lang='lat' dir='ltr'>At</span> <span class='ocrx_word' id='word_1_208' title='bbox 327 2049 444 2076; x_wconf 91' lang='lat' dir='ltr'>nunc</span> <span class='ocrx_word' id='word_1_209' title='bbox 471 2033 678 2076; x_wconf 84' lang='lat' dir='ltr'>succincti</span> <span class='ocrx_word' id='word_1_210' title='bbox 704 2049 799 2093; x_wconf 84' lang='lat' dir='ltr'>quae</span> <span class='ocrx_word' id='word_1_211' title='bbox 831 2033 916 2076; x_wconf 81' lang='lat' dir='ltr'>sint</span> <span class='ocrx_word' id='word_1_212' title='bbox 946 2033 1062 2076; x_wconf 90' lang='lat' dir='ltr'>bona</span> <span class='ocrx_word' id='word_1_213' title='bbox 1095 2031 1210 2077; x_wconf 88' lang='lat' dir='ltr'>disce</span> <span class='ocrx_word' id='word_1_214' title='bbox 1227 2032 1380 2076; x_wconf 57' lang='lat' dir='ltr'>libelli.</span> 
     </span>
     <span class='ocr_line' id='line_1_40' title="bbox 319 2103 1561 2164; baseline 0.001 -18"><span class='ocrx_word' id='word_1_215' title='bbox 319 2105 415 2147; x_wconf 88' lang='lat' dir='ltr'>Hoc</span> <span class='ocrx_word' id='word_1_216' title='bbox 446 2104 637 2164; x_wconf 88' lang='lat' dir='ltr'>primum</span> <span class='ocrx_word' id='word_1_217' title='bbox 663 2113 754 2160; x_wconf 88' lang='lat' dir='ltr'>est,</span> <span class='ocrx_word' id='word_1_218' title='bbox 778 2103 954 2148; x_wconf 90' lang='lat' dir='ltr'>brevior</span> <span class='ocrx_word' id='word_1_219' title='bbox 980 2103 1099 2164; x_wconf 85' lang='lat' dir='ltr'>quod</span> <span class='ocrx_word' id='word_1_220' title='bbox 1128 2103 1235 2147; x_wconf 85' lang='lat' dir='ltr'>mihi</span> <span class='ocrx_word' id='word_1_221' title='bbox 1260 2104 1412 2147; x_wconf 85' lang='lat' dir='ltr'>charta</span> <span class='ocrx_word' id='word_1_222' title='bbox 1437 2104 1561 2164; x_wconf 86' lang='lat' dir='ltr'>perit.</span> 
     </span>
    </p>
   </div>
   <div class='ocr_carea' id='block_1_10' title="bbox 178 2241 856 2717">
    <p class='ocr_par' dir='ltr' id='par_1_14' title="bbox 178 2241 856 2557">
     <span class='ocr_line' id='line_1_41' title="bbox 231 2241 855 2291; baseline 0 -11"><span class='ocrx_word' id='word_1_223' title='bbox 231 2241 246 2256; x_wconf 65' lang='lat'>‘⁹</span> <span class='ocrx_word' id='word_1_224' title='bbox 266 2247 414 2280; x_wconf 80' lang='lat' dir='ltr'>Excusat</span> <span class='ocrx_word' id='word_1_225' title='bbox 429 2247 533 2291; x_wconf 87' lang='lat' dir='ltr'>hujus</span> <span class='ocrx_word' id='word_1_226' title='bbox 549 2247 629 2280; x_wconf 87' lang='lat' dir='ltr'>libri</span> <span class='ocrx_word' id='word_1_227' title='bbox 649 2247 855 2281; x_wconf 88' lang='lat' dir='ltr'>brevitatem</span> 
     </span>
     <span class='ocr_line' id='line_1_42' title="bbox 179 2299 856 2345; baseline 0.004 -14"><span class='ocrx_word' id='word_1_228' title='bbox 179 2299 238 2345; x_wconf 88' lang='lat' dir='ltr'>qni</span> <span class='ocrx_word' id='word_1_229' title='bbox 254 2300 444 2345; x_wconf 86' lang='lat' dir='ltr'>nonaginta</span> <span class='ocrx_word' id='word_1_230' title='bbox 462 2308 495 2333; x_wconf 90' lang='lat' dir='ltr'>et</span> <span class='ocrx_word' id='word_1_231' title='bbox 510 2301 574 2333; x_wconf 86' lang='lat' dir='ltr'>tria</span> <span class='ocrx_word' id='word_1_232' title='bbox 590 2309 725 2334; x_wconf 89' lang='lat' dir='ltr'>tantum</span> <span class='ocrx_word' id='word_1_233' title='bbox 750 2301 856 2334; x_wconf 85' lang='lat' dir='ltr'>habet</span> 
     </span>
     <span class='ocr_line' id='line_1_43' title="bbox 179 2353 855 2399; baseline -0.001 -13"><span class='ocrx_word' id='word_1_234' title='bbox 179 2353 426 2399; x_wconf 83' lang='lat' dir='ltr'>epigrammata</span> <span class='ocrx_word' id='word_1_235' title='bbox 441 2366 449 2393; x_wconf 92' lang='lat'>;</span> <span class='ocrx_word' id='word_1_236' title='bbox 481 2362 515 2386; x_wconf 93' lang='lat' dir='ltr'>et</span> <span class='ocrx_word' id='word_1_237' title='bbox 543 2353 713 2386; x_wconf 88' lang='lat' dir='ltr'>brevioris</span> <span class='ocrx_word' id='word_1_238' title='bbox 745 2354 855 2387; x_wconf 90' lang='lat' dir='ltr'>libelli</span> 
     </span>
     <span class='ocr_line' id='line_1_44' title="bbox 179 2405 856 2447; baseline 0 -8"><span class='ocrx_word' id='word_1_239' title='bbox 179 2405 362 2439; x_wconf 83' lang='lat' dir='ltr'>commoda</span> <span class='ocrx_word' id='word_1_240' title='bbox 389 2415 595 2447; x_wconf 76' lang='lat' dir='ltr'>enumerat3</span> <span class='ocrx_word' id='word_1_241' title='bbox 623 2406 749 2440; x_wconf 91' lang='lat' dir='ltr'>ultimo</span> <span class='ocrx_word' id='word_1_242' title='bbox 773 2419 856 2440; x_wconf 89' lang='lat' dir='ltr'>con-</span> 
     </span>
     <span class='ocr_line' id='line_1_45' title="bbox 179 2459 856 2505; baseline 0.001 -14"><span class='ocrx_word' id='word_1_243' title='bbox 179 2459 340 2504; x_wconf 91' lang='lat' dir='ltr'>queritur</span> <span class='ocrx_word' id='word_1_244' title='bbox 356 2459 453 2492; x_wconf 88' lang='lat' dir='ltr'>hunc</span> <span class='ocrx_word' id='word_1_245' title='bbox 473 2459 527 2492; x_wconf 71' lang='lat' dir='ltr'>vel</span> <span class='ocrx_word' id='word_1_246' title='bbox 549 2459 595 2492; x_wconf 81' lang='lat' dir='ltr'>ita</span> <span class='ocrx_word' id='word_1_247' title='bbox 614 2460 753 2493; x_wconf 86' lang='lat' dir='ltr'>brevem</span> <span class='ocrx_word' id='word_1_248' title='bbox 775 2460 856 2505; x_wconf 86' lang='lat' dir='ltr'>qui-</span> 
     </span>
     <span class='ocr_line' id='line_1_46' title="bbox 178 2511 741 2557; baseline -0.002 -11"><span class='ocrx_word' id='word_1_249' title='bbox 178 2511 325 2546; x_wconf 84' lang='lat' dir='ltr'>busdam</span> <span class='ocrx_word' id='word_1_250' title='bbox 346 2513 457 2545; x_wconf 88' lang='lat' dir='ltr'>visum</span> <span class='ocrx_word' id='word_1_251' title='bbox 474 2512 516 2545; x_wconf 88' lang='lat' dir='ltr'>iri</span> <span class='ocrx_word' id='word_1_252' title='bbox 537 2513 741 2557; x_wconf 82' lang='lat' dir='ltr'>longiorem.</span> 
     </span>
    </p>

    <p class='ocr_par' dir='ltr' id='par_1_15' title="bbox 181 2565 852 2664">
     <span class='ocr_line' id='line_1_47' title="bbox 238 2565 850 2605; baseline -0.002 -7"><span class='ocrx_word' id='word_1_253' title='bbox 238 2578 268 2599; x_wconf 89' lang='lat'>1.</span> <span class='ocrx_word' id='word_1_254' title='bbox 286 2566 394 2598; x_wconf 75' lang='lat' dir='ltr'>Ferre.</span> <span class='ocrx_word' id='word_1_255' title='bbox 415 2565 528 2598; x_wconf 90' lang='lat' dir='ltr'>Priori</span> <span class='ocrx_word' id='word_1_256' title='bbox 552 2578 654 2598; x_wconf 81' lang='lat' dir='ltr'>versu</span> <span class='ocrx_word' id='word_1_257' title='bbox 673 2568 829 2598; x_wconf 76' lang='lat' dir='ltr'>continere</span> <span class='ocrx_word' id='word_1_258' title='bbox 842 2593 850 2605; x_wconf 86' lang='lat'>,</span> 
     </span>
     <span class='ocr_line' id='line_1_48' title="bbox 181 2619 852 2664; baseline 0 -13"><span class='ocrx_word' id='word_1_259' title='bbox 181 2627 345 2663; x_wconf 81' lang='lat' dir='ltr'>sequente</span> <span class='ocrx_word' id='word_1_260' title='bbox 357 2622 428 2663; x_wconf 74' lang='lat' dir='ltr'>pati</span> <span class='ocrx_word' id='word_1_261' title='bbox 439 2632 500 2651; x_wconf 89' lang='lat' dir='ltr'>seu</span> <span class='ocrx_word' id='word_1_262' title='bbox 522 2620 654 2651; x_wconf 65' lang='lat' dir='ltr'>tolet-are</span> <span class='ocrx_word' id='word_1_263' title='bbox 668 2619 852 2664; x_wconf 83' lang='lat' dir='ltr'>significat.</span> 
     </span>
    </p>

    <p class='ocr_par' dir='ltr' id='par_1_16' title="bbox 239 2671 851 2717">
     <span class='ocr_line' id='line_1_49' title="bbox 239 2671 851 2717; baseline 0.002 -14"><span class='ocrx_word' id='word_1_264' title='bbox 239 2684 254 2703; x_wconf 78' lang='lat'>2</span> <span class='ocrx_word' id='word_1_265' title='bbox 265 2698 270 2703; x_wconf 95' lang='lat'>.</span> <span class='ocrx_word' id='word_1_266' title='bbox 283 2673 322 2704; x_wconf 89' lang='lat' dir='ltr'>In</span> <span class='ocrx_word' id='word_1_267' title='bbox 341 2671 416 2705; x_wconf 82' lang='lat' dir='ltr'>cod.</span> <span class='ocrx_word' id='word_1_268' title='bbox 433 2673 537 2705; x_wconf 76' lang='lat' dir='ltr'>palat.</span> <span class='ocrx_word' id='word_1_269' title='bbox 549 2673 755 2717; x_wconf 56' lang='lat' dir='ltr'>perleget-elev</span> <span class='ocrx_word' id='word_1_270' title='bbox 767 2672 851 2704; x_wconf 75' lang='lat' dir='ltr'>liber.</span> 
     </span>
    </p>
   </div>
   <div class='ocr_carea' id='block_1_11' title="bbox 914 2247 1595 2719">
    <p class='ocr_par' dir='ltr' id='par_1_17' title="bbox 914 2247 1595 2665">
     <span class='ocr_line' id='line_1_50' title="bbox 972 2247 1591 2288; baseline 0 -8"><span class='ocrx_word' id='word_1_271' title='bbox 972 2247 1005 2281; x_wconf 83' lang='lat'>3.</span> <span class='ocrx_word' id='word_1_272' title='bbox 1034 2248 1133 2282; x_wconf 88' lang='lat' dir='ltr'>Junt.</span> <span class='ocrx_word' id='word_1_273' title='bbox 1154 2260 1247 2281; x_wconf 86' lang='lat' dir='ltr'>anno</span> <span class='ocrx_word' id='word_1_274' title='bbox 1281 2248 1393 2288; x_wconf 85' lang='lat'>1512,</span> <span class='ocrx_word' id='word_1_275' title='bbox 1415 2256 1448 2280; x_wconf 89' lang='lat' dir='ltr'>et</span> <span class='ocrx_word' id='word_1_276' title='bbox 1477 2248 1591 2281; x_wconf 87' lang='lat' dir='ltr'>Colin.</span> 
     </span>
     <span class='ocr_line' id='line_1_51' title="bbox 921 2300 1594 2346; baseline 0 -11"><span class='ocrx_word' id='word_1_277' title='bbox 921 2301 1017 2335; x_wconf 84' lang='lat'>1528</span> <span class='ocrx_word' id='word_1_278' title='bbox 1032 2324 1041 2340; x_wconf 81' lang='grc'>,</span> <span class='ocrx_word' id='word_1_279' title='bbox 1063 2315 1133 2346; x_wconf 76' lang='lat' dir='ltr'>quw</span> <span class='ocrx_word' id='word_1_280' title='bbox 1155 2310 1229 2334; x_wconf 80' lang='lat' dir='ltr'>sunt</span> <span class='ocrx_word' id='word_1_281' title='bbox 1252 2300 1332 2333; x_wconf 79' lang='lat' dir='ltr'>bona</span> <span class='ocrx_word' id='word_1_282' title='bbox 1354 2301 1447 2334; x_wconf 76' lang='lat' dir='ltr'>disce.</span> <span class='ocrx_word' id='word_1_283' title='bbox 1475 2300 1594 2335; x_wconf 80' lang='lat' dir='ltr'>Codex</span> 
     </span>
     <span class='ocr_line' id='line_1_52' title="bbox 916 2353 1594 2400; baseline 0 -13"><span class='ocrx_word' id='word_1_284' title='bbox 916 2353 1126 2387; x_wconf 80' lang='lat' dir='ltr'>Bodleianus</span> <span class='ocrx_word' id='word_1_285' title='bbox 1143 2366 1151 2387; x_wconf 92' lang='lat'><strong>:</strong></span> <span class='ocrx_word' id='word_1_286' title='bbox 1171 2368 1240 2400; x_wconf 63' lang='lat' dir='ltr'>quse</span> <span class='ocrx_word' id='word_1_287' title='bbox 1255 2357 1319 2387; x_wconf 77' lang='lat' dir='ltr'>sint</span> <span class='ocrx_word' id='word_1_288' title='bbox 1337 2354 1418 2386; x_wconf 79' lang='lat' dir='ltr'>hona</span> <span class='ocrx_word' id='word_1_289' title='bbox 1437 2368 1594 2388; x_wconf 81' lang='lat' dir='ltr'>nosce.—</span> 
     </span>
     <span class='ocr_line' id='line_1_53' title="bbox 915 2407 1593 2453; baseline 0.001 -14"><span class='ocrx_word' id='word_1_290' title='bbox 915 2407 1087 2440; x_wconf 79' lang='lat' dir='ltr'>Succincti.</span> <span class='ocrx_word' id='word_1_291' title='bbox 1098 2408 1227 2441; x_wconf 82' lang='lat' dir='ltr'>Brevis.</span> <span class='ocrx_word' id='word_1_292' title='bbox 1240 2408 1386 2453; x_wconf 84' lang='lat' dir='ltr'>Proprie</span> <span class='ocrx_word' id='word_1_293' title='bbox 1397 2407 1593 2441; x_wconf 83' lang='lat' dir='ltr'>succinctus</span> 
     </span>
     <span class='ocr_line' id='line_1_54' title="bbox 916 2459 1592 2504; baseline 0.003 -12"><span class='ocrx_word' id='word_1_294' title='bbox 916 2459 1046 2493; x_wconf 88' lang='lat' dir='ltr'>dicitur</span> <span class='ocrx_word' id='word_1_295' title='bbox 1067 2461 1095 2493; x_wconf 86' lang='lat' dir='ltr'>is</span> <span class='ocrx_word' id='word_1_296' title='bbox 1121 2461 1220 2504; x_wconf 86' lang='lat' dir='ltr'>cujus</span> <span class='ocrx_word' id='word_1_297' title='bbox 1239 2469 1350 2494; x_wconf 87' lang='lat' dir='ltr'>vestes</span> <span class='ocrx_word' id='word_1_298' title='bbox 1377 2470 1458 2494; x_wconf 90' lang='lat' dir='ltr'>sunt</span> <span class='ocrx_word' id='word_1_299' title='bbox 1490 2461 1592 2494; x_wconf 84' lang='lat' dir='ltr'>altius</span> 
     </span>
     <span class='ocr_line' id='line_1_55' title="bbox 915 2513 1595 2559; baseline 0 -13"><span class='ocrx_word' id='word_1_300' title='bbox 915 2514 1126 2558; x_wconf 80' lang='lat' dir='ltr'>praecinctae3</span> <span class='ocrx_word' id='word_1_301' title='bbox 1150 2525 1220 2559; x_wconf 86' lang='lat' dir='ltr'>quo</span> <span class='ocrx_word' id='word_1_302' title='bbox 1242 2514 1278 2547; x_wconf 90' lang='lat' dir='ltr'>in</span> <span class='ocrx_word' id='word_1_303' title='bbox 1304 2513 1425 2547; x_wconf 87' lang='lat' dir='ltr'>habitu</span> <span class='ocrx_word' id='word_1_304' title='bbox 1451 2513 1595 2559; x_wconf 84' lang='lat' dir='ltr'>expedi-</span> 
     </span>
     <span class='ocr_line' id='line_1_56' title="bbox 915 2566 1589 2607; baseline 0.003 -8"><span class='ocrx_word' id='word_1_305' title='bbox 915 2567 1021 2599; x_wconf 90' lang='lat' dir='ltr'>tiores</span> <span class='ocrx_word' id='word_1_306' title='bbox 1035 2579 1171 2607; x_wconf 85' lang='lat' dir='ltr'>sumus,</span> <span class='ocrx_word' id='word_1_307' title='bbox 1185 2575 1218 2600; x_wconf 90' lang='lat' dir='ltr'>et</span> <span class='ocrx_word' id='word_1_308' title='bbox 1234 2566 1276 2601; x_wconf 86' lang='lat' dir='ltr'>ad</span> <span class='ocrx_word' id='word_1_309' title='bbox 1292 2567 1411 2601; x_wconf 81' lang='lat' dir='ltr'>onmia</span> <span class='ocrx_word' id='word_1_310' title='bbox 1433 2566 1589 2601; x_wconf 83' lang='lat' dir='ltr'>facienda</span> 
     </span>
     <span class='ocr_line' id='line_1_57' title="bbox 914 2620 1163 2665; baseline 0.004 -13"><span class='ocrx_word' id='word_1_311' title='bbox 914 2620 1163 2665; x_wconf 85' lang='lat' dir='ltr'>promptiores.</span> 
     </span>
    </p>

    <p class='ocr_par' dir='ltr' id='par_1_18' title="bbox 972 2674 1590 2719">
     <span class='ocr_line' id='line_1_58' title="bbox 972 2674 1590 2719; baseline -0.003 -13"><span class='ocrx_word' id='word_1_312' title='bbox 972 2677 1003 2711; x_wconf 62' lang='lat' dir='ltr'>lg.</span> <span class='ocrx_word' id='word_1_313' title='bbox 1039 2674 1172 2706; x_wconf 54' lang='grc' dir='ltr'><em>ΒΓΗ-ἰω-</em></span> <span class='ocrx_word' id='word_1_314' title='bbox 1189 2674 1274 2719; x_wconf 76' lang='lat' dir='ltr'>quod</span> <span class='ocrx_word' id='word_1_315' title='bbox 1289 2675 1365 2705; x_wconf 67' lang='lat' dir='ltr'>milri</span> <span class='ocrx_word' id='word_1_316' title='bbox 1379 2674 1488 2705; x_wconf 71' lang='lat' dir='ltr'>charla</span> <span class='ocrx_word' id='word_1_317' title='bbox 1498 2676 1590 2717; x_wconf 73' lang='lat' dir='ltr'>sterit.</span> 
     </span>
    </p>
   </div>
  </div>
 </body>
</html>
