2061 3288
443 218 1032 267 EPIGRAMMATUM
1070 217 1199 260 LIB.
1240 216 1340 258 ΙΙΙ,

1576 211 1597 226 ⁴)

1505 212 1601 256 280

324 316 494 374 Lepore
519 312 679 355 tinctos
702 309 848 354 Attico
875 306 983 353 sales
1009 304 1186 350 narrat?

324 385 436 428 Hinc
463 383 497 426 si
524 381 723 435 recessit,
749 381 968 442 porticum
994 377 1095 421 terit
1118 374 1293 436 templi3

326 457 393 498 An
423 455 560 515 spatia
588 453 728 513 carpit
755 450 898 495 lentus
925 444 1309 509 Argonautarum?

329 527 391 569 An
418 524 611 570 delicatae
638 522 727 567 sole
754 538 904 566 rursus
927 522 1116 580 Europae

325 598 447 640 'Inter
471 604 668 656 tepentes
692 603 792 655 post
813 591 1041 637 meridiem
1067 590 1207 633 buxos

328 666 482 721 Sedet,
511 664 761 709 ambulatve
786 663 895 708 liber
919 661 1094 707 acribus
1124 658 1268 705 curis?

326 738 468 782 Titine
497 736 701 792 thermis,
727 752 783 780 an
808 734 979 779 lavatur
1004 733 1233 793 Agrippae,
1582 747 1611 770 15

326 810 395 852 An
423 807 634 869 impudici
660 805 817 851 balneo
838 802 1058 867 Tigillini?

186 947 248 982 sed
275 947 509 982 communiter
530 945 773 993 accipiendum
802 957 868 992 pro

187 1002 311 1047 quovis
324 1001 510 1035 hominum
529 1008 708 1034 conventu
724 999 768 1033 ad
785 999 870 1034 reci-

191 1064 324 1089 taturos
340 1063 461 1100 poetas
480 1052 687 1088 audiendos.
713 1054 867 1086 Ramires.

243 1122 277 1152 9.
289 1108 414 1142 Attico.
425 1107 694 1141 Atheniensium
708 1105 870 1140 laudatur

188 1161 358 1207 elegantia
376 1169 410 1195 et
425 1161 618 1194 urbanitas.

247 1226 300 1247 10.
318 1215 480 1247 Porticum
504 1215 574 1246 terit
599 1213 716 1258 templi.
739 1212 870 1245 Forsan

188 1265 312 1309 Isidis,
337 1266 438 1313 quod
461 1275 534 1301 erat
561 1266 685 1312 procul
714 1265 870 1311 porticus

187 1320 342 1366 Europae
357 1345 367 1362 ,
400 1328 435 1353 et
461 1321 756 1366 Argonautarum.
777 1317 871 1352 Vide

187 1372 251 1407 lib.
269 1374 328 1414 II,
352 1373 462 1418 epigr.
481 1386 563 1415 xw,
585 1385 619 1407 v.
645 1386 679 1418 7.
696 1372 763 1405 ED.

246 1439 260 1460 1
273 1438 303 1460 1.
338 1425 464 1471 Spatia.
501 1426 633 1460 Forsan
673 1433 769 1470 septa
784 1449 793 1465 ‚
826 1423 871 1457 de

189 1479 317 1525 quibus
335 1478 487 1513 diximus
503 1479 566 1513 lib.
586 1480 621 1512 II
637 1505 646 1519 ,
670 1478 779 1524 epigr.
798 1490 871 1517 nv,

187 1545 221 1566 v.
251 1532 270 1566 5
289 1558 298 1574 ‚
321 1545 399 1578 quae
428 1541 527 1567 erant
552 1544 665 1578 prope
698 1531 871 1577 templum

190 1586 370 1631 Neptuni,
386 1588 481 1631 juxta
502 1585 598 1631 quod
618 1584 772 1631 porticus
790 1584 871 1630 pul-

190 1639 362 1672 cherrima
375 1664 384 1679 ‚
404 1639 440 1671 in
461 1651 529 1685 qua
544 1639 638 1684 picta
663 1646 736 1672 erat
759 1639 870 1683 Argo-

192 1700 378 1725 nautarum
398 1692 555 1726 historia.
577 1692 644 1725 En.

248 1757 261 1777 1
274 1758 306 1777 2.
327 1745 383 1777 An
400 1745 544 1777 delicatoe
559 1772 568 1785 ,
589 1753 656 1778 etc.
676 1743 775 1777 Ordo
797 1752 847 1777 est
863 1755 870 1777 :

190 1801 245 1830 An
281 1796 377 1831 sedet
409 1798 502 1832 inter
532 1799 686 1843 Europae
708 1796 873 1839 *delicatae

191 1852 301 1884 buxos
328 1851 403 1884 sole
433 1850 618 1897 tepentes?
647 1851 731 1884 Erat
761 1862 873 1896 prope

191 1904 368 1949 porticum
396 1905 547 1950 Europae
569 1904 692 1937 silvula
719 1916 738 1936 e
765 1904 871 1937 buxo.

192 1956 276 1990 vid.
287 1957 350 1990 lib.
366 1957 400 1990 II
412 1981 424 1999 ‚
438 1958 551 2004 epigr.
563 1969 640 1999 ΧΠ,
653 1969 703 1990 vs.
721 1957 739 1990 3
759 1965 793 1989 et
814 1969 828 1990 1
839 1956 872 1990 5.

193 2031 243 2036 --
262 2011 431 2044 Βείίεατιι).
451 2010 494 2044 Id
509 2019 579 2052 est,
596 2010 730 2044 deliciis
746 2010 873 2042 Roma-

193 2075 323 2096 norum
342 2063 437 2097 utilis
452 2091 461 2107 ‚
478 2065 539 2110 qui
553 2065 644 2098 hanc
660 2074 772 2110 prope
788 2076 873 2108 por-

194 2116 303 2150 ticum
328 2119 426 2161 juxta
452 2117 636 2151 meridiem
668 2117 873 2162 apricaban—

194 2177 264 2202 tur.
281 2169 367 2204 Vid.
387 2170 448 2204 lib.
465 2171 501 2203 II
514 2197 522 2212 ‚
542 2171 650 2216 epigr.
666 2183 740 2212 nv,
759 2183 791 2203 v.
815 2169 871 2203 15.

252 2222 309 2256 15.
331 2223 479 2257 Stertitve
492 2229 511 2256 Ρ
535 2225 660 2256 thel-mis
688 2236 730 2256 an
751 2223 875 2255 lavatur

195 2276 354 2321 Agrippa>
364 2281 382 2308 :³
397 2275 471 2309 MS.
490 2276 711 2310 Oxoniensis.
725 2276 875 2309 Stertitne

194 2328 402 2362 Beverlandi
416 2328 490 2363 MS.
509 2352 561 2355 —
581 2331 698 2363 Titine.
714 2329 787 2363 Titi
803 2330 874 2361 Im-

193 2382 377 2427 peratoris,
392 2381 453 2427 qui
465 2381 598 2417 deliciae
610 2381 752 2423 mundi3
766 2395 872 2428 quem

193 2436 316 2480 procul
342 2435 453 2468 dubio
483 2448 585 2469 versu
613 2436 760 2469 clariore
782 2447 872 2479 saepe

193 2488 419 2527 celebrasset,
442 2488 469 2521 si
486 2501 550 2534 per
569 2489 809 2522 Domitianum
831 2488 873 2520 li-

194 2541 333 2575 cuisset.
364 2542 482 2575 Rader.
514 2564 563 2567 —
599 2543 704 2574 Titine
735 2542 870 2574 thermis.

194 2594 267 2628 Titi
286 2595 512 2640 Imperatoris
531 2595 683 2628 thermas
705 2596 876 2639 interpre-

195 2655 268 2680 tare
288 2648 453 2682 velociter
481 2656 679 2683 exstructas.
704 2647 787 2681 Vid.
813 2648 873 2681 lib.

928 943 1086 990 Spectac.
1108 942 1219 989 epigr.
1242 943 1280 975 II
1294 966 1304 985 ,
1326 954 1359 975 v.
1389 953 1424 986 7.
1450 940 1613 974 Thermae

929 1006 1011 1032 sunt
1038 997 1160 1031 balnea
1188 994 1326 1036 calida,
1360 1002 1400 1028 ut
1422 995 1490 1040 jam
1519 992 1613 1027 dixi-

928 1064 1032 1093 mus;
1056 1050 1128 1085 vid.
1161 1050 1223 1083 lib.
1252 1049 1310 1090 11,
1339 1048 1451 1095 epigr.
1478 1059 1614 1089 xrwn,

928 1117 979 1138 vs.
1002 1106 1035 1139 8.
1058 1104 1124 1138 En.
1146 1123 1200 1130 —-
1214 1103 1351 1148 Legunt
1373 1101 1433 1135 alii
1460 1100 1613 1134 Stertc‘tne

931 1159 1075 1197 thermis,
1104 1156 1223 1190 minus
1245 1156 1336 1189 bene
1355 1167 1435 1188 meo
1452 1153 1588 1200 judicio
1603 1179 1613 1194 ‚

928 1210 988 1245 sed
1011 1211 1101 1245 forte
1121 1211 1211 1244 bene
1227 1209 1428 1254 legeretur:
1447 1207 1611 1247 Stet-time,

930 1265 1058 1297 thermis
1076 1277 1118 1296 <m
1138 1264 1265 1297 lavatur
1286 1262 1472 1307 Agrippae?
1491 1260 1617 1306 Agrip·

928 1330 973 1363 pa
1004 1329 1145 1363 quoque
1171 1316 1325 1350 thermas
1349 1321 1616 1354 construxerat,

929 1370 1056 1416 quibus
1088 1382 1218 1403 nomen
1250 1381 1352 1402 sunm
1382 1368 1612 1413 imposuerat.

929 1425 981 1457 M.
998 1423 1190 1469 Vipsanius
1207 1421 1363 1468 Agrippa
1379 1421 1446 1454 fuit
1465 1420 1614 1466 Augusti

928 1489 1059 1523 gener,
1081 1476 1266 1511 aedificavit
1291 1475 1462 1520 templum
1490 1474 1526 1506 in
1550 1474 1615 1506 ho-

929 1543 1053 1564 norem
1079 1530 1239 1563 omnium
1260 1527 1410 1562 deorum
1433 1527 1531 1573 quod
1554 1540 1615 1572 ap-

929 1583 1074 1630 pellavit
1089 1583 1284 1616 Pantheum
1294 1608 1303 1623 ‚
1314 1580 1522 1626 addiditque
1534 1594 1614 1626 por-

933 1637 1043 1671 ticum
1083 1637 1191 1671 lauris
1227 1636 1485 1669 obumbratam.
1524 1633 1617 1666 Vide

929 1691 989 1724 lib.
1015 1692 1052 1732 I,
1080 1690 1189 1736 epigr.
1217 1702 1295 1725 mx,
1320 1702 1369 1722 vs.
1392 1690 1424 1722 3.

989 1746 1047 1777 16.
1073 1744 1225 1788 Tigellini
1238 1742 1305 1788 legi
1324 1742 1425 1788 jussit
1443 1740 1613 1774 Rainires.

930 1818 980 1822 —
1017 1797 1177 1842 Tigillini.
1210 1795 1354 1841 Legitur
1377 1803 1412 1828 et
1439 1794 1617 1838 ngrelli122;

932 1850 992 1895 qui
1004 1858 1054 1884 est
1068 1849 1273 1895 Sophonius
1283 1848 1477 1893 Tigellinus
1490 1846 1534 1880 cle
1546 1859 1616 1892 quo

931 1911 967 1936 et
996 1904 1071 1948 ejus
1100 1901 1322 1948 impudicitia
1349 1901 1491 1935 Tacitus
1509 1926 1516 1939 ,
1554 1900 1611 1932 lib.

932 1956 1033 1998 XIV,
1055 1955 1185 1988 Annal.
1203 1967 1211 1988 ε
1238 1972 1251 1984 κ
1268 1954 1442 2000 Imposuit
1461 1953 1616 1986 cohorti-

931 2010 996 2042 bus
1017 2008 1241 2055 Sophouium
1260 2008 1498 2053 Tigellinum,
1519 2015 1613 2040 vete-

932 2074 1006 2095 rem
1026 2061 1287 2108 impudicitiam
1310 2069 1414 2106 atque
1436 2060 1613 2093 infamiam

932 2115 970 2148 in
1009 2129 1050 2149 eo
1078 2123 1256 2161 sequutus.
1277 2131 1291 2144 ι»
1315 2115 1359 2147 Et
1387 2114 1495 2159 paulo
1535 2121 1616 2158 post

932 2168 1031 2202 addit
1046 2181 1054 2202 ε
1074 2186 1087 2198 «
1106 2167 1270 2203 validior
1285 2167 1480 2213 Tigellinus
1495 2167 1532 2199 in
1546 2166 1616 2199 ani-

933 2235 990 2255 mo
1014 2222 1183 2267 principis
1198 2234 1239 2254 ex
1258 2220 1390 2253 intimis
1408 2218 1617 2252 libidinibus

932 2284 1166 2321 assumptus.»
1182 2275 1226 2307 Et
1242 2274 1304 2307 lib.
1318 2273 1554 2307 Historiarum
1570 2274 1586 2305 I
1604 2284 1612 2306 :

937 2345 950 2357 «
976 2328 1178 2374 Sophonius
1209 2327 1429 2372 Tigellinus,
1458 2326 1617 2359 obscuris

933 2382 1158 2426 parentibus,
1185 2379 1275 2414 foeda
1299 2380 1472 2425 pueritia,
1501 2379 1616 2425 impu·

934 2434 1011 2468 dica
1039 2443 1174 2468 senecta
1194 2451 1206 2463 12
1231 2446 1240 2474 ;
1269 2434 1370 2478 cujus
1388 2433 1496 2466 vitam
1513 2432 1618 2465 etiam

934 2488 1088 2521 breviter
1109 2486 1276 2521 describit
1296 2494 1394 2520 vetus
1408 2486 1617 2520 Scholiastes

934 2541 1114 2574 Juvenalis
1139 2539 1182 2574 ad
1207 2552 1347 2573 versum
1367 2552 1375 2573 :
1401 2557 1414 2568 ιι
1434 2540 1529 2572 Pone
1553 2539 1615 2571 Ti-

935 2594 1104 2639 gellinum
1126 2611 1138 2623 »
1152 2620 1160 2635 ‚
1181 2593 1341 2634 Sat.1‚v.
1370 2593 1452 2626 155.
1467 2592 1528 2625 ubi
1543 2591 1613 2624 vid.

938 2656 1048 2681 nostr.
1071 2646 1154 2681 edit.
1174 2648 1242 2681 vol.
1263 2647 1300 2687 I,
1322 2659 1398 2692 pag.
1424 2659 1435 2678 ι
1449 2659 1478 2689 7.
1500 2646 1553 2678 En
